{
    "summary": {
        "stock_name": "大宇資",
        "stock_id": "6111",
        "category": "文化創意",
        "main_business": "遊戲軟體研發、代理及銷售<br>線上遊戲經營服務及授權",
        "website_url": "http://group.softstar.com.tw",
        "ceo": "蔡明宏",
        "pe_ratio": 17,
        "report_year_from": 2001,
        "report_year_to": 2023,
        "age": 22,
        "eps_negative_percentage": 48,
        "eps_growth_avg": {
            "last_all": -8.62,
            "last_2y": -3.43,
            "last_4y": 37.94,
            "last_8y": 14.95,
            "last_12y": -1.47,
            "last_16y": -1.47,
            "last_20y": -8.62,
            "at_2006_last_3y": -14.71,
            "at_2007_last_3y": -72.07,
            "at_2008_last_3y": -100,
            "at_2009_last_3y": null,
            "at_2010_last_3y": -100,
            "at_2011_last_3y": -100,
            "at_2012_last_3y": -100,
            "at_2013_last_3y": -100,
            "at_2014_last_3y": null,
            "at_2015_last_3y": null,
            "at_2016_last_3y": -100,
            "at_2017_last_3y": -100,
            "at_2018_last_3y": 0,
            "at_2019_last_3y": 33.33,
            "at_2020_last_3y": 38.33,
            "at_2021_last_3y": 53.74,
            "at_2022_last_3y": 22.43,
            "at_2023_last_3y": 22.43,
            "at_2006_last_all": -21.13,
            "at_2007_last_all": -21.13,
            "at_2008_last_all": -21.13,
            "at_2009_last_all": -21.13,
            "at_2010_last_all": -36.9,
            "at_2011_last_all": -36.9,
            "at_2012_last_all": -36.9,
            "at_2013_last_all": -36.9,
            "at_2014_last_all": -36.9,
            "at_2015_last_all": -36.9,
            "at_2016_last_all": -47.42,
            "at_2017_last_all": -47.42,
            "at_2018_last_all": -26.36,
            "at_2019_last_all": -10.56,
            "at_2020_last_all": -18.84,
            "at_2021_last_all": -6.95,
            "at_2022_last_all": -8.62,
            "at_2023_last_all": -8.62
        },
        "latest_eps": 5.61,
        "latest_price": 93.5,
        "latest_roe": 12.92,
        "latest_gross_margin": 32.24,
        "latest_equity": 3267558,
        "latest_revenue": 564848,
        "latest_gross_profit": 182082,
        "latest_net_income": -75970,
        "latest_debt_ratio": 53.13,
        "latest_current_ratio": 109.98,
        "latest_account_receivable_turnover_ratio": 0.58,
        "latest_inventory_turnover_ratio": 0.76,
        "latest_reinvestment_rate": 86.09,
        "latest_research_to_sale_ratio": 7.26
    },
    "eps_dividends": {
        "1999": {
            "cash": 0,
            "stock": 2,
            "eps": 0
        },
        "2000": {
            "cash": 0,
            "stock": 1.5,
            "eps": 0
        },
        "2001": {
            "cash": 0,
            "stock": 1,
            "eps": 1.66
        },
        "2002": {
            "cash": 0,
            "stock": 1.8,
            "eps": 0.99
        },
        "2003": {
            "cash": 0,
            "stock": 1.2,
            "eps": 3.33
        },
        "2004": {
            "cash": 0.3,
            "stock": 1.8,
            "eps": 1.86
        },
        "2005": {
            "cash": 0,
            "stock": 1,
            "eps": -6.85
        },
        "2006": {
            "cash": 0,
            "stock": 0,
            "eps": -5.44
        },
        "2007": {
            "cash": 0,
            "stock": 0,
            "eps": -1.6
        },
        "2008": {
            "cash": 0,
            "stock": 0,
            "eps": -5.91
        },
        "2009": {
            "cash": 0,
            "stock": 0,
            "eps": 4.08
        },
        "2010": {
            "cash": 0,
            "stock": 0,
            "eps": -2.44
        },
        "2011": {
            "cash": 0,
            "stock": 0,
            "eps": -1.92
        },
        "2012": {
            "cash": 0,
            "stock": 0,
            "eps": -2.65
        },
        "2013": {
            "cash": 0,
            "stock": 0,
            "eps": -0.63
        },
        "2014": {
            "cash": 0,
            "stock": 0,
            "eps": -0.89
        },
        "2015": {
            "cash": 0,
            "stock": 0,
            "eps": 3.88
        },
        "2016": {
            "cash": 0,
            "stock": 0,
            "eps": -2.92
        },
        "2017": {
            "cash": 0,
            "stock": 0,
            "eps": 0.38
        },
        "2018": {
            "cash": 0,
            "stock": 0,
            "eps": 1.84
        },
        "2019": {
            "cash": 0,
            "stock": 0,
            "eps": 6.81
        },
        "2020": {
            "cash": 0.2,
            "stock": 2.8,
            "eps": 1.02
        },
        "2021": {
            "cash": 0.2,
            "stock": 0.4,
            "eps": 11.32
        },
        "2022": {
            "cash": 3,
            "stock": 3,
            "eps": 8.46
        },
        "2023": {
            "cash": 1.5,
            "stock": 2,
            "eps": -0.59
        }
    },
    "dividends": {
        "1999-05-06": {
            "cash": 0,
            "stock": 2
        },
        "2000-05-24": {
            "cash": 0,
            "stock": 1.5
        },
        "2001-06-13": {
            "cash": 0,
            "stock": 1
        },
        "2002-06-24": {
            "cash": 0,
            "stock": 1.8
        },
        "2003-06-25": {
            "cash": 0,
            "stock": 1.2
        },
        "2004-03-29": {
            "cash": 0.3,
            "stock": 1.8
        },
        "2005-05-03": {
            "cash": 0,
            "stock": 1
        },
        "2020-12-02": {
            "cash": 0.2,
            "stock": 2.8
        },
        "2021-12-01": {
            "cash": 0.2,
            "stock": 0.4
        },
        "2022-10-17": {
            "cash": 3,
            "stock": 3
        },
        "2023-05-12": {
            "cash": 1.5,
            "stock": 2
        }
    },
    "prices": {
        "200101": "無",
        "200102": "無",
        "200103": "無",
        "200104": "無",
        "200105": "無",
        "200106": "無",
        "200107": "無",
        "200108": "71.97",
        "200109": "48.99",
        "200110": "37.89",
        "200111": "29.70",
        "200112": "34.00",
        "200201": "41.83",
        "200202": "46.34",
        "200203": "43.38",
        "200204": "37.90",
        "200205": "31.16",
        "200206": "31.98",
        "200207": "34.28",
        "200208": "37.30",
        "200209": "36.94",
        "200210": "30.36",
        "200211": "27.00",
        "200212": "30.21",
        "200301": "37.63",
        "200302": "36.92",
        "200303": "35.60",
        "200304": "33.86",
        "200305": "32.34",
        "200306": "36.20",
        "200307": "41.05",
        "200308": "41.53",
        "200309": "37.43",
        "200310": "32.56",
        "200311": "34.28",
        "200312": "37.55",
        "200401": "39.53",
        "200402": "40.25",
        "200403": "37.30",
        "200404": "36.90",
        "200405": "33.68",
        "200406": "30.28",
        "200407": "25.25",
        "200408": "21.86",
        "200409": "19.82",
        "200410": "18.69",
        "200411": "18.10",
        "200412": "18.90",
        "200501": "20.40",
        "200502": "19.82",
        "200503": "20.03",
        "200504": "18.30",
        "200505": "15.45",
        "200506": "16.00",
        "200507": "16.26",
        "200508": "13.45",
        "200509": "10.56",
        "200510": "9.74",
        "200511": "8.89",
        "200512": "10.38",
        "200601": "10.23",
        "200602": "10.07",
        "200603": "8.69",
        "200604": "8.56",
        "200605": "9.45",
        "200606": "8.36",
        "200607": "7.30",
        "200608": "6.89",
        "200609": "7.21",
        "200610": "10.56",
        "200611": "10.02",
        "200612": "10.33",
        "200701": "13.64",
        "200702": "14.67",
        "200703": "14.92",
        "200704": "18.10",
        "200705": "9.82",
        "200706": "9.16",
        "200707": "11.49",
        "200708": "11.97",
        "200709": "9.83",
        "200710": "9.37",
        "200711": "9.20",
        "200712": "9.62",
        "200801": "17.50",
        "200802": "16.73",
        "200803": "14.99",
        "200804": "13.50",
        "200805": "15.00",
        "200806": "14.24",
        "200807": "13.38",
        "200808": "12.88",
        "200809": "10.09",
        "200810": "10.38",
        "200811": "9.81",
        "200812": "13.73",
        "200901": "20.18",
        "200902": "18.86",
        "200903": "14.14",
        "200904": "20.47",
        "200905": "34.97",
        "200906": "34.68",
        "200907": "36.58",
        "200908": "32.13",
        "200909": "29.03",
        "200910": "31.56",
        "200911": "33.10",
        "200912": "35.32",
        "201001": "38.64",
        "201002": "37.68",
        "201003": "39.46",
        "201004": "44.15",
        "201005": "42.80",
        "201006": "42.04",
        "201007": "41.41",
        "201008": "40.06",
        "201009": "35.95",
        "201010": "31.68",
        "201011": "29.73",
        "201012": "28.54",
        "201101": "25.23",
        "201102": "26.15",
        "201103": "22.63",
        "201104": "23.25",
        "201105": "21.19",
        "201106": "21.27",
        "201107": "20.49",
        "201108": "20.68",
        "201109": "20.25",
        "201110": "20.07",
        "201111": "19.79",
        "201112": "19.75",
        "201201": "19.47",
        "201202": "22.69",
        "201203": "20.83",
        "201204": "20.06",
        "201205": "19.32",
        "201206": "17.59",
        "201207": "19.02",
        "201208": "19.24",
        "201209": "15.08",
        "201210": "16.17",
        "201211": "15.51",
        "201212": "13.65",
        "201301": "13.47",
        "201302": "14.25",
        "201303": "14.45",
        "201304": "14.84",
        "201305": "15.05",
        "201306": "14.58",
        "201307": "13.89",
        "201308": "12.73",
        "201309": "9.34",
        "201310": "12.60",
        "201311": "14.76",
        "201312": "15.99",
        "201401": "24.27",
        "201402": "41.12",
        "201403": "46.10",
        "201404": "56.56",
        "201405": "67.17",
        "201406": "77.74",
        "201407": "74.80",
        "201408": "69.78",
        "201409": "70.10",
        "201410": "79.22",
        "201411": "73.78",
        "201412": "81.47",
        "201501": "80.82",
        "201502": "77.92",
        "201503": "73.47",
        "201504": "75.72",
        "201505": "75.12",
        "201506": "71.61",
        "201507": "68.61",
        "201508": "69.47",
        "201509": "75.78",
        "201510": "80.42",
        "201511": "92.08",
        "201512": "115.97",
        "201601": "107.53",
        "201602": "107.52",
        "201603": "106.17",
        "201604": "110.66",
        "201605": "90.40",
        "201606": "93.05",
        "201607": "92.52",
        "201608": "94.46",
        "201609": "112.81",
        "201610": "125.02",
        "201611": "116.30",
        "201612": "117.20",
        "201701": "114.59",
        "201702": "115.39",
        "201703": "119.15",
        "201704": "128.97",
        "201705": "187.88",
        "201706": "199.09",
        "201707": "95.11",
        "201708": "82.72",
        "201709": "81.09",
        "201710": "93.28",
        "201711": "86.93",
        "201712": "83.00",
        "201801": "88.71",
        "201802": "83.17",
        "201803": "84.08",
        "201804": "84.51",
        "201805": "98.97",
        "201806": "124.22",
        "201807": "114.50",
        "201808": "121.57",
        "201809": "118.79",
        "201810": "116.85",
        "201811": "100.63",
        "201812": "104.50",
        "201901": "117.57",
        "201902": "134.62",
        "201903": "144.98",
        "201904": "108.93",
        "201905": "93.74",
        "201906": "94.07",
        "201907": "96.73",
        "201908": "95.30",
        "201909": "102.73",
        "201910": "111.69",
        "201911": "101.38",
        "201912": "94.02",
        "202001": "92.51",
        "202002": "91.62",
        "202003": "63.66",
        "202004": "62.08",
        "202005": "70.95",
        "202006": "76.52",
        "202007": "81.43",
        "202008": "76.04",
        "202009": "76.31",
        "202010": "82.39",
        "202011": "71.67",
        "202012": "70.40",
        "202101": "70.88",
        "202102": "67.07",
        "202103": "64.37",
        "202104": "65.11",
        "202105": "60.72",
        "202106": "62.85",
        "202107": "76.26",
        "202108": "73.14",
        "202109": "70.89",
        "202110": "63.90",
        "202111": "65.86",
        "202112": "82.95",
        "202201": "91.29",
        "202202": "85.54",
        "202203": "93.27",
        "202204": "85.73",
        "202205": "83.39",
        "202206": "85.52",
        "202207": "79.21",
        "202208": "80.51",
        "202209": "63.50",
        "202210": "45.23",
        "202211": "48.65",
        "202212": "56.42",
        "202301": "65.05",
        "202302": "61.14",
        "202303": "58.54",
        "202304": "65.91",
        "202305": "85.75",
        "202306": "88.75"
    },
    "quarters": {
        "20011": {
            "year_quarter": 20011,
            "year": 2001,
            "quarter": 1,
            "eps": 2,
            "eps_growth_year": null,
            "eps_4q": null,
            "eps_4q_growth_year": null,
            "roe": 9.86,
            "roe_4q": 9.86,
            "gross_profit": 96029,
            "gross_margin": 59.37,
            "gross_margin_4q_avg": 59.37,
            "net_income": 44571,
            "revenue": 161734,
            "common_shares": 223400,
            "book_valuer_per_share": 20.95,
            "book_valuer_per_share_4q_avg": 20.95,
            "equity": 468116,
            "current_ratio": 280.12,
            "debt_ratio": 18.77,
            "inventory_turnover_ratio": 2.81,
            "account_receivable_turnover_ratio": null,
            "reinvestment_rate": null,
            "research_to_sale_ratio": null,
            "price_fair": 0,
            "eps_avg_yearly": 0,
            "eps_latest_yearly": 0,
            "eps_growth_yearly": 0
        },
        "20012": {
            "year_quarter": 20012,
            "year": 2001,
            "quarter": 2,
            "eps": 0.58,
            "eps_growth_year": null,
            "eps_4q": 1.49,
            "eps_4q_growth_year": null,
            "roe": 2.75,
            "roe_4q": 12.61,
            "gross_profit": 73983,
            "gross_margin": 65.9,
            "gross_margin_4q_avg": 62.64,
            "net_income": 13055,
            "revenue": 112269,
            "common_shares": 223400,
            "book_valuer_per_share": 21.53,
            "book_valuer_per_share_4q_avg": 21.24,
            "equity": 481043,
            "current_ratio": 262.67,
            "debt_ratio": 19.61,
            "inventory_turnover_ratio": 1.27,
            "account_receivable_turnover_ratio": null,
            "reinvestment_rate": null,
            "research_to_sale_ratio": null,
            "price_fair": 0,
            "eps_avg_yearly": 0,
            "eps_latest_yearly": 0,
            "eps_growth_yearly": 0
        },
        "20013": {
            "year_quarter": 20013,
            "year": 2001,
            "quarter": 3,
            "eps": 1.24,
            "eps_growth_year": null,
            "eps_4q": 3.07,
            "eps_4q_growth_year": null,
            "roe": 6.12,
            "roe_4q": 18.73,
            "gross_profit": 77567,
            "gross_margin": 55.61,
            "gross_margin_4q_avg": 60.29,
            "net_income": 30368,
            "revenue": 139496,
            "common_shares": 245740,
            "book_valuer_per_share": 20.82,
            "book_valuer_per_share_4q_avg": 21.1,
            "equity": 511641,
            "current_ratio": 220.33,
            "debt_ratio": 24.67,
            "inventory_turnover_ratio": 1.53,
            "account_receivable_turnover_ratio": null,
            "reinvestment_rate": null,
            "research_to_sale_ratio": null,
            "price_fair": 0,
            "eps_avg_yearly": 0,
            "eps_latest_yearly": 0,
            "eps_growth_yearly": 0
        },
        "20014": {
            "year_quarter": 20014,
            "year": 2001,
            "quarter": 4,
            "eps": -2.16,
            "eps_growth_year": null,
            "eps_4q": 1.97,
            "eps_4q_growth_year": null,
            "roe": -9.86,
            "roe_4q": 8.870000000000001,
            "gross_profit": 29643,
            "gross_margin": 31.8,
            "gross_margin_4q_avg": 53.17,
            "net_income": -52957,
            "revenue": 93212,
            "common_shares": 245740,
            "book_valuer_per_share": 19.13,
            "book_valuer_per_share_4q_avg": 20.61,
            "equity": 562393,
            "current_ratio": 198.69,
            "debt_ratio": 29.39,
            "inventory_turnover_ratio": 1.1,
            "account_receivable_turnover_ratio": null,
            "reinvestment_rate": null,
            "research_to_sale_ratio": null,
            "price_fair": 0,
            "eps_avg_yearly": 0,
            "eps_latest_yearly": 0,
            "eps_growth_yearly": 0
        },
        "20021": {
            "year_quarter": 20021,
            "year": 2002,
            "quarter": 1,
            "eps": -1.67,
            "eps_growth_year": -183.5,
            "eps_4q": -2.06,
            "eps_4q_growth_year": null,
            "roe": -8.27,
            "roe_4q": -9.259999999999998,
            "gross_profit": 20926,
            "gross_margin": 22.47,
            "gross_margin_4q_avg": 43.95,
            "net_income": -41050,
            "revenue": 93141,
            "common_shares": 245740,
            "book_valuer_per_share": 17.49,
            "book_valuer_per_share_4q_avg": 19.74,
            "equity": 429857,
            "current_ratio": 120.64,
            "debt_ratio": 39.33,
            "inventory_turnover_ratio": 1.03,
            "account_receivable_turnover_ratio": null,
            "reinvestment_rate": null,
            "research_to_sale_ratio": null,
            "price_fair": 0,
            "eps_avg_yearly": 0,
            "eps_latest_yearly": 0,
            "eps_growth_yearly": 0
        },
        "20022": {
            "year_quarter": 20022,
            "year": 2002,
            "quarter": 2,
            "eps": -0.81,
            "eps_growth_year": -239.66,
            "eps_4q": -3.4,
            "eps_4q_growth_year": -328.45,
            "roe": -4.79,
            "roe_4q": -16.799999999999997,
            "gross_profit": 17664,
            "gross_margin": 16.89,
            "gross_margin_4q_avg": 31.69,
            "net_income": -19915,
            "revenue": 104570,
            "common_shares": 245740,
            "book_valuer_per_share": 16.34,
            "book_valuer_per_share_4q_avg": 18.45,
            "equity": 401515,
            "current_ratio": 109.49,
            "debt_ratio": 41.04,
            "inventory_turnover_ratio": 1.2,
            "account_receivable_turnover_ratio": null,
            "reinvestment_rate": null,
            "research_to_sale_ratio": null,
            "price_fair": 0,
            "eps_avg_yearly": 0,
            "eps_latest_yearly": 0,
            "eps_growth_yearly": 0
        },
        "20023": {
            "year_quarter": 20023,
            "year": 2002,
            "quarter": 3,
            "eps": 0.87,
            "eps_growth_year": -29.84,
            "eps_4q": -3.62,
            "eps_4q_growth_year": -218.16,
            "roe": 4.66,
            "roe_4q": -18.259999999999998,
            "gross_profit": 76087,
            "gross_margin": 43.09,
            "gross_margin_4q_avg": 28.56,
            "net_income": 22062,
            "revenue": 176557,
            "common_shares": 294658,
            "book_valuer_per_share": 18.48,
            "book_valuer_per_share_4q_avg": 17.86,
            "equity": 544489,
            "current_ratio": 159,
            "debt_ratio": 31.42,
            "inventory_turnover_ratio": 1.5,
            "account_receivable_turnover_ratio": null,
            "reinvestment_rate": null,
            "research_to_sale_ratio": null,
            "price_fair": 0,
            "eps_avg_yearly": 0,
            "eps_latest_yearly": 0,
            "eps_growth_yearly": 0
        },
        "20024": {
            "year_quarter": 20024,
            "year": 2002,
            "quarter": 4,
            "eps": 2.6,
            "eps_growth_year": null,
            "eps_4q": 1.34,
            "eps_4q_growth_year": -32.06,
            "roe": 13.7,
            "roe_4q": 5.300000000000001,
            "gross_profit": 73528,
            "gross_margin": 62.26,
            "gross_margin_4q_avg": 36.18,
            "net_income": 80030,
            "revenue": 118095,
            "common_shares": 338857,
            "book_valuer_per_share": 18.41,
            "book_valuer_per_share_4q_avg": 17.68,
            "equity": 623756,
            "current_ratio": 223.26,
            "debt_ratio": 27.18,
            "inventory_turnover_ratio": 0.72,
            "account_receivable_turnover_ratio": null,
            "reinvestment_rate": null,
            "research_to_sale_ratio": null,
            "price_fair": 364,
            "eps_avg_yearly": 10.4,
            "eps_latest_yearly": 10.4,
            "eps_growth_yearly": 795.4
        },
        "20031": {
            "year_quarter": 20031,
            "year": 2003,
            "quarter": 1,
            "eps": 1.05,
            "eps_growth_year": null,
            "eps_4q": 3.49,
            "eps_4q_growth_year": null,
            "roe": 5.52,
            "roe_4q": 19.09,
            "gross_profit": 132860,
            "gross_margin": 70.75,
            "gross_margin_4q_avg": 48.25,
            "net_income": 35430,
            "revenue": 187785,
            "common_shares": 338857,
            "book_valuer_per_share": 19.45,
            "book_valuer_per_share_4q_avg": 18.17,
            "equity": 659232,
            "current_ratio": 145.82,
            "debt_ratio": 35.76,
            "inventory_turnover_ratio": 0.97,
            "account_receivable_turnover_ratio": null,
            "reinvestment_rate": null,
            "research_to_sale_ratio": null,
            "price_fair": 255.5,
            "eps_avg_yearly": 7.3,
            "eps_latest_yearly": 4.2,
            "eps_growth_yearly": 278.47
        },
        "20032": {
            "year_quarter": 20032,
            "year": 2003,
            "quarter": 2,
            "eps": 0.03,
            "eps_growth_year": null,
            "eps_4q": 4.09,
            "eps_4q_growth_year": null,
            "roe": 0.15,
            "roe_4q": 24.029999999999998,
            "gross_profit": 63450,
            "gross_margin": 58.2,
            "gross_margin_4q_avg": 58.58,
            "net_income": 1017,
            "revenue": 109015,
            "common_shares": 338857,
            "book_valuer_per_share": 19.4,
            "book_valuer_per_share_4q_avg": 18.94,
            "equity": 657222,
            "current_ratio": 129.88,
            "debt_ratio": 37.54,
            "inventory_turnover_ratio": 1.02,
            "account_receivable_turnover_ratio": null,
            "reinvestment_rate": null,
            "research_to_sale_ratio": null,
            "price_fair": 171.73,
            "eps_avg_yearly": 4.91,
            "eps_latest_yearly": 0.12,
            "eps_growth_yearly": 56.12
        },
        "20033": {
            "year_quarter": 20033,
            "year": 2003,
            "quarter": 3,
            "eps": 1.58,
            "eps_growth_year": 81.61,
            "eps_4q": 5.01,
            "eps_4q_growth_year": null,
            "roe": 7.88,
            "roe_4q": 27.25,
            "gross_profit": 112633,
            "gross_margin": 65.77,
            "gross_margin_4q_avg": 64.25,
            "net_income": 53603,
            "revenue": 171254,
            "common_shares": 338857,
            "book_valuer_per_share": 20.73,
            "book_valuer_per_share_4q_avg": 19.5,
            "equity": 702432,
            "current_ratio": 201.1,
            "debt_ratio": 39.47,
            "inventory_turnover_ratio": 1.79,
            "account_receivable_turnover_ratio": null,
            "reinvestment_rate": null,
            "research_to_sale_ratio": null,
            "price_fair": 184.1,
            "eps_avg_yearly": 5.26,
            "eps_latest_yearly": 6.32,
            "eps_growth_yearly": 5208.76
        },
        "20034": {
            "year_quarter": 20034,
            "year": 2003,
            "quarter": 4,
            "eps": 0.67,
            "eps_growth_year": -74.23,
            "eps_4q": 3.03,
            "eps_4q_growth_year": 126.88,
            "roe": 3.54,
            "roe_4q": 17.09,
            "gross_profit": 74315,
            "gross_margin": 67.16,
            "gross_margin_4q_avg": 65.47,
            "net_income": 25550,
            "revenue": 110650,
            "common_shares": 386010,
            "book_valuer_per_share": 19.25,
            "book_valuer_per_share_4q_avg": 19.71,
            "equity": 742939,
            "current_ratio": 215.15,
            "debt_ratio": 36.99,
            "inventory_turnover_ratio": 1.85,
            "account_receivable_turnover_ratio": null,
            "reinvestment_rate": null,
            "research_to_sale_ratio": null,
            "price_fair": 166.04,
            "eps_avg_yearly": 4.74,
            "eps_latest_yearly": 2.68,
            "eps_growth_yearly": 4120.93
        },
        "20041": {
            "year_quarter": 20041,
            "year": 2004,
            "quarter": 1,
            "eps": 1,
            "eps_growth_year": -4.76,
            "eps_4q": 3.06,
            "eps_4q_growth_year": -12.1,
            "roe": 5.09,
            "roe_4q": 16.659999999999997,
            "gross_profit": 100809,
            "gross_margin": 72.05,
            "gross_margin_4q_avg": 65.8,
            "net_income": 38848,
            "revenue": 139920,
            "common_shares": 389530,
            "book_valuer_per_share": 20.11,
            "book_valuer_per_share_4q_avg": 19.87,
            "equity": 783196,
            "current_ratio": 204.9,
            "debt_ratio": 35.94,
            "inventory_turnover_ratio": 2.54,
            "account_receivable_turnover_ratio": null,
            "reinvestment_rate": null,
            "research_to_sale_ratio": null,
            "price_fair": 161.7,
            "eps_avg_yearly": 4.62,
            "eps_latest_yearly": 4,
            "eps_growth_yearly": 3466.95
        },
        "20042": {
            "year_quarter": 20042,
            "year": 2004,
            "quarter": 2,
            "eps": 0.4,
            "eps_growth_year": 1233.33,
            "eps_4q": 3.45,
            "eps_4q_growth_year": -15.5,
            "roe": 1.96,
            "roe_4q": 18.47,
            "gross_profit": 86294,
            "gross_margin": 73.97,
            "gross_margin_4q_avg": 69.74,
            "net_income": 15460,
            "revenue": 116668,
            "common_shares": 389748,
            "book_valuer_per_share": 20.32,
            "book_valuer_per_share_4q_avg": 20.1,
            "equity": 792133,
            "current_ratio": 202.03,
            "debt_ratio": 36.2,
            "inventory_turnover_ratio": 1.91,
            "account_receivable_turnover_ratio": null,
            "reinvestment_rate": 73.65,
            "research_to_sale_ratio": null,
            "price_fair": 146.6,
            "eps_avg_yearly": 4.19,
            "eps_latest_yearly": 1.6,
            "eps_growth_yearly": 2937.38
        },
        "20043": {
            "year_quarter": 20043,
            "year": 2004,
            "quarter": 3,
            "eps": 0.3,
            "eps_growth_year": -81.01,
            "eps_4q": 1.99,
            "eps_4q_growth_year": -60.31,
            "roe": 1.77,
            "roe_4q": 12.36,
            "gross_profit": 94146,
            "gross_margin": 74.53,
            "gross_margin_4q_avg": 71.93,
            "net_income": 14180,
            "revenue": 126314,
            "common_shares": 469229,
            "book_valuer_per_share": 17.21,
            "book_valuer_per_share_4q_avg": 19.22,
            "equity": 807672,
            "current_ratio": 152.25,
            "debt_ratio": 33.85,
            "inventory_turnover_ratio": 2.01,
            "account_receivable_turnover_ratio": null,
            "reinvestment_rate": 2.65,
            "research_to_sale_ratio": null,
            "price_fair": 133.53,
            "eps_avg_yearly": 3.82,
            "eps_latest_yearly": 1.2,
            "eps_growth_yearly": 2557.71
        },
        "20044": {
            "year_quarter": 20044,
            "year": 2004,
            "quarter": 4,
            "eps": 0.16,
            "eps_growth_year": -76.12,
            "eps_4q": 1.6,
            "eps_4q_growth_year": -47.31,
            "roe": 0.96,
            "roe_4q": 9.78,
            "gross_profit": 74418,
            "gross_margin": 76.81,
            "gross_margin_4q_avg": 74.34,
            "net_income": 7624,
            "revenue": 96888,
            "common_shares": 469229,
            "book_valuer_per_share": 16.82,
            "book_valuer_per_share_4q_avg": 18.62,
            "equity": 789047,
            "current_ratio": 200.2,
            "debt_ratio": 32.22,
            "inventory_turnover_ratio": 1.42,
            "account_receivable_turnover_ratio": null,
            "reinvestment_rate": -3.23,
            "research_to_sale_ratio": null,
            "price_fair": 121.18,
            "eps_avg_yearly": 3.46,
            "eps_latest_yearly": 0.64,
            "eps_growth_yearly": 2252.78
        },
        "20051": {
            "year_quarter": 20051,
            "year": 2005,
            "quarter": 1,
            "eps": -1.57,
            "eps_growth_year": -257,
            "eps_4q": -0.78,
            "eps_4q_growth_year": -125.31,
            "roe": -9.8,
            "roe_4q": -5.11,
            "gross_profit": 67181,
            "gross_margin": 68.31,
            "gross_margin_4q_avg": 73.41,
            "net_income": -73625,
            "revenue": 98347,
            "common_shares": 469229,
            "book_valuer_per_share": 15.19,
            "book_valuer_per_share_4q_avg": 17.39,
            "equity": 712957,
            "current_ratio": 153.68,
            "debt_ratio": 34.3,
            "inventory_turnover_ratio": 2.01,
            "account_receivable_turnover_ratio": null,
            "reinvestment_rate": 1.76,
            "research_to_sale_ratio": null,
            "price_fair": 121.18,
            "eps_avg_yearly": 3.46,
            "eps_latest_yearly": 0.64,
            "eps_growth_yearly": 2252.78
        },
        "20052": {
            "year_quarter": 20052,
            "year": 2005,
            "quarter": 2,
            "eps": -2.6,
            "eps_growth_year": -750,
            "eps_4q": -3.7,
            "eps_4q_growth_year": -207.08,
            "roe": -18.8,
            "roe_4q": -25.87,
            "gross_profit": 49757,
            "gross_margin": 65.78,
            "gross_margin_4q_avg": 71.36,
            "net_income": -121684,
            "revenue": 75647,
            "common_shares": 469229,
            "book_valuer_per_share": 12.4,
            "book_valuer_per_share_4q_avg": 15.41,
            "equity": 581613,
            "current_ratio": 118.81,
            "debt_ratio": 37.79,
            "inventory_turnover_ratio": 1.86,
            "account_receivable_turnover_ratio": null,
            "reinvestment_rate": 63.53,
            "research_to_sale_ratio": null,
            "price_fair": 121.18,
            "eps_avg_yearly": 3.46,
            "eps_latest_yearly": 0.64,
            "eps_growth_yearly": 2252.78
        },
        "20053": {
            "year_quarter": 20053,
            "year": 2005,
            "quarter": 3,
            "eps": -0.16,
            "eps_growth_year": -153.33,
            "eps_4q": -3.76,
            "eps_4q_growth_year": -289.2,
            "roe": -1.39,
            "roe_4q": -29.03,
            "gross_profit": 73803,
            "gross_margin": 72.11,
            "gross_margin_4q_avg": 70.75,
            "net_income": -8221,
            "revenue": 102347,
            "common_shares": 520454,
            "book_valuer_per_share": 11.57,
            "book_valuer_per_share_4q_avg": 14,
            "equity": 602189,
            "current_ratio": 96.8,
            "debt_ratio": 35.03,
            "inventory_turnover_ratio": 2.6,
            "account_receivable_turnover_ratio": null,
            "reinvestment_rate": null,
            "research_to_sale_ratio": null,
            "price_fair": 121.18,
            "eps_avg_yearly": 3.46,
            "eps_latest_yearly": 0.64,
            "eps_growth_yearly": 2252.78
        },
        "20054": {
            "year_quarter": 20054,
            "year": 2005,
            "quarter": 4,
            "eps": -2.52,
            "eps_growth_year": -1675,
            "eps_4q": -4.71,
            "eps_4q_growth_year": -394.65,
            "roe": -21.75,
            "roe_4q": -51.739999999999995,
            "gross_profit": 47484,
            "gross_margin": 72.08,
            "gross_margin_4q_avg": 69.57,
            "net_income": -129183,
            "revenue": 65881,
            "common_shares": 520454,
            "book_valuer_per_share": 8.63,
            "book_valuer_per_share_4q_avg": 11.95,
            "equity": 585952,
            "current_ratio": 160.86,
            "debt_ratio": 45.95,
            "inventory_turnover_ratio": 1.76,
            "account_receivable_turnover_ratio": null,
            "reinvestment_rate": null,
            "research_to_sale_ratio": null,
            "price_fair": 121.18,
            "eps_avg_yearly": 3.46,
            "eps_latest_yearly": 0.64,
            "eps_growth_yearly": 2252.78
        },
        "20061": {
            "year_quarter": 20061,
            "year": 2006,
            "quarter": 1,
            "eps": -0.41,
            "eps_growth_year": null,
            "eps_4q": -5.49,
            "eps_4q_growth_year": null,
            "roe": -4.13,
            "roe_4q": -46.07,
            "gross_profit": 60119,
            "gross_margin": 69.29,
            "gross_margin_4q_avg": 69.82,
            "net_income": -20908,
            "revenue": 86767,
            "common_shares": 520454,
            "book_valuer_per_share": 8.22,
            "book_valuer_per_share_4q_avg": 10.21,
            "equity": 427578,
            "current_ratio": 104.5,
            "debt_ratio": 45.73,
            "inventory_turnover_ratio": 2.49,
            "account_receivable_turnover_ratio": null,
            "reinvestment_rate": null,
            "research_to_sale_ratio": null,
            "price_fair": 121.18,
            "eps_avg_yearly": 3.46,
            "eps_latest_yearly": 0.64,
            "eps_growth_yearly": 2252.78
        },
        "20062": {
            "year_quarter": 20062,
            "year": 2006,
            "quarter": 2,
            "eps": -2.22,
            "eps_growth_year": null,
            "eps_4q": -5.18,
            "eps_4q_growth_year": null,
            "roe": -29.86,
            "roe_4q": -57.13,
            "gross_profit": 41352,
            "gross_margin": 59.16,
            "gross_margin_4q_avg": 68.16,
            "net_income": -111039,
            "revenue": 69896,
            "common_shares": 520454,
            "book_valuer_per_share": 6.07,
            "book_valuer_per_share_4q_avg": 8.62,
            "equity": 316094,
            "current_ratio": 96.58,
            "debt_ratio": 50.75,
            "inventory_turnover_ratio": 2.82,
            "account_receivable_turnover_ratio": null,
            "reinvestment_rate": null,
            "research_to_sale_ratio": null,
            "price_fair": 121.18,
            "eps_avg_yearly": 3.46,
            "eps_latest_yearly": 0.64,
            "eps_growth_yearly": 2252.78
        },
        "20063": {
            "year_quarter": 20063,
            "year": 2006,
            "quarter": 3,
            "eps": -0.89,
            "eps_growth_year": null,
            "eps_4q": -5.87,
            "eps_4q_growth_year": null,
            "roe": -15.04,
            "roe_4q": -70.78,
            "gross_profit": 66399,
            "gross_margin": 71.16,
            "gross_margin_4q_avg": 67.92,
            "net_income": -44591,
            "revenue": 93310,
            "common_shares": 520454,
            "book_valuer_per_share": 5.32,
            "book_valuer_per_share_4q_avg": 7.06,
            "equity": 276674,
            "current_ratio": 93.51,
            "debt_ratio": 52.69,
            "inventory_turnover_ratio": 2.94,
            "account_receivable_turnover_ratio": null,
            "reinvestment_rate": null,
            "research_to_sale_ratio": null,
            "price_fair": 121.18,
            "eps_avg_yearly": 3.46,
            "eps_latest_yearly": 0.64,
            "eps_growth_yearly": 2252.78
        },
        "20064": {
            "year_quarter": 20064,
            "year": 2006,
            "quarter": 4,
            "eps": -1.92,
            "eps_growth_year": null,
            "eps_4q": -5.61,
            "eps_4q_growth_year": null,
            "roe": -31.69,
            "roe_4q": -80.72,
            "gross_profit": 30228,
            "gross_margin": 58.35,
            "gross_margin_4q_avg": 64.49,
            "net_income": -96279,
            "revenue": 51805,
            "common_shares": 520454,
            "book_valuer_per_share": 3.44,
            "book_valuer_per_share_4q_avg": 5.76,
            "equity": 330963,
            "current_ratio": 127.85,
            "debt_ratio": 58.37,
            "inventory_turnover_ratio": 2.54,
            "account_receivable_turnover_ratio": null,
            "reinvestment_rate": null,
            "research_to_sale_ratio": null,
            "price_fair": 90.83,
            "eps_avg_yearly": 2.6,
            "eps_latest_yearly": 0.64,
            "eps_growth_yearly": 2434.95
        },
        "20071": {
            "year_quarter": 20071,
            "year": 2007,
            "quarter": 1,
            "eps": -0.98,
            "eps_growth_year": null,
            "eps_4q": -6.01,
            "eps_4q_growth_year": null,
            "roe": -21.2,
            "roe_4q": -97.79,
            "gross_profit": 34501,
            "gross_margin": 62.31,
            "gross_margin_4q_avg": 62.75,
            "net_income": -49100,
            "revenue": 55366,
            "common_shares": 520454,
            "book_valuer_per_share": 2.54,
            "book_valuer_per_share_4q_avg": 4.34,
            "equity": 132240,
            "current_ratio": 66.08,
            "debt_ratio": 70.76,
            "inventory_turnover_ratio": 2.59,
            "account_receivable_turnover_ratio": null,
            "reinvestment_rate": null,
            "research_to_sale_ratio": null,
            "price_fair": 82.8,
            "eps_avg_yearly": 2.37,
            "eps_latest_yearly": 0.64,
            "eps_growth_yearly": 2816.87
        },
        "20072": {
            "year_quarter": 20072,
            "year": 2007,
            "quarter": 2,
            "eps": -1.16,
            "eps_growth_year": null,
            "eps_4q": -4.77,
            "eps_4q_growth_year": null,
            "roe": -43.73,
            "roe_4q": -111.66,
            "gross_profit": 24178,
            "gross_margin": 56.33,
            "gross_margin_4q_avg": 62.04,
            "net_income": -58206,
            "revenue": 42919,
            "common_shares": 520454,
            "book_valuer_per_share": 2.57,
            "book_valuer_per_share_4q_avg": 3.47,
            "equity": 133993,
            "current_ratio": 76.47,
            "debt_ratio": 70.17,
            "inventory_turnover_ratio": 2.53,
            "account_receivable_turnover_ratio": null,
            "reinvestment_rate": null,
            "research_to_sale_ratio": null,
            "price_fair": 95.9,
            "eps_avg_yearly": 2.74,
            "eps_latest_yearly": 0.64,
            "eps_growth_yearly": 3351.11
        },
        "20073": {
            "year_quarter": 20073,
            "year": 2007,
            "quarter": 3,
            "eps": -0.23,
            "eps_growth_year": null,
            "eps_4q": -8.05,
            "eps_4q_growth_year": null,
            "roe": -3.8,
            "roe_4q": -100.41999999999999,
            "gross_profit": 66427,
            "gross_margin": 75.85,
            "gross_margin_4q_avg": 63.21,
            "net_income": -5007,
            "revenue": 87578,
            "common_shares": 259111,
            "book_valuer_per_share": 5,
            "book_valuer_per_share_4q_avg": 3.39,
            "equity": 129501,
            "current_ratio": 83.38,
            "debt_ratio": 70.31,
            "inventory_turnover_ratio": 3.31,
            "account_receivable_turnover_ratio": null,
            "reinvestment_rate": null,
            "research_to_sale_ratio": null,
            "price_fair": 6.07,
            "eps_avg_yearly": 2.02,
            "eps_latest_yearly": 0.64,
            "eps_growth_yearly": -112.01
        },
        "20074": {
            "year_quarter": 20074,
            "year": 2007,
            "quarter": 4,
            "eps": 0.77,
            "eps_growth_year": null,
            "eps_4q": -3.66,
            "eps_4q_growth_year": null,
            "roe": 8.77,
            "roe_4q": -59.959999999999994,
            "gross_profit": 71358,
            "gross_margin": 77.35,
            "gross_margin_4q_avg": 67.96,
            "net_income": 19503,
            "revenue": 92254,
            "common_shares": 259111,
            "book_valuer_per_share": 5.81,
            "book_valuer_per_share_4q_avg": 3.98,
            "equity": 315082,
            "current_ratio": 132.27,
            "debt_ratio": 60.92,
            "inventory_turnover_ratio": 3.26,
            "account_receivable_turnover_ratio": null,
            "reinvestment_rate": null,
            "research_to_sale_ratio": null,
            "price_fair": 5.58,
            "eps_avg_yearly": 1.86,
            "eps_latest_yearly": 0.64,
            "eps_growth_yearly": -82.41
        },
        "20081": {
            "year_quarter": 20081,
            "year": 2008,
            "quarter": 1,
            "eps": -1.65,
            "eps_growth_year": null,
            "eps_4q": -3.47,
            "eps_4q_growth_year": null,
            "roe": -13.8,
            "roe_4q": -52.56,
            "gross_profit": 26901,
            "gross_margin": 62.35,
            "gross_margin_4q_avg": 67.97,
            "net_income": -40273,
            "revenue": 43146,
            "common_shares": 259111,
            "book_valuer_per_share": 4.13,
            "book_valuer_per_share_4q_avg": 4.38,
            "equity": 268465,
            "current_ratio": 124.83,
            "debt_ratio": 63.6,
            "inventory_turnover_ratio": 2.37,
            "account_receivable_turnover_ratio": null,
            "reinvestment_rate": null,
            "research_to_sale_ratio": null,
            "price_fair": 3.44,
            "eps_avg_yearly": 1.15,
            "eps_latest_yearly": 0.64,
            "eps_growth_yearly": -175.56
        },
        "20082": {
            "year_quarter": 20082,
            "year": 2008,
            "quarter": 2,
            "eps": -0.1,
            "eps_growth_year": null,
            "eps_4q": -1.1,
            "eps_4q_growth_year": null,
            "roe": -0.31,
            "roe_4q": -9.14,
            "gross_profit": 59524,
            "gross_margin": 71.78,
            "gross_margin_4q_avg": 71.83,
            "net_income": -844,
            "revenue": 82925,
            "common_shares": 259111,
            "book_valuer_per_share": 4.09,
            "book_valuer_per_share_4q_avg": 4.76,
            "equity": 272014,
            "current_ratio": 130.7,
            "debt_ratio": 60.66,
            "inventory_turnover_ratio": 3.58,
            "account_receivable_turnover_ratio": null,
            "reinvestment_rate": null,
            "research_to_sale_ratio": null,
            "price_fair": 2.76,
            "eps_avg_yearly": 0.92,
            "eps_latest_yearly": 0.64,
            "eps_growth_yearly": -143.33
        },
        "20083": {
            "year_quarter": 20083,
            "year": 2008,
            "quarter": 3,
            "eps": -1.64,
            "eps_growth_year": null,
            "eps_4q": -2.5,
            "eps_4q_growth_year": null,
            "roe": -15.31,
            "roe_4q": -20.650000000000002,
            "gross_profit": 29143,
            "gross_margin": 56.84,
            "gross_margin_4q_avg": 67.08,
            "net_income": -39703,
            "revenue": 51271,
            "common_shares": 256089,
            "book_valuer_per_share": 2.69,
            "book_valuer_per_share_4q_avg": 4.18,
            "equity": 246573,
            "current_ratio": 123.51,
            "debt_ratio": 64.08,
            "inventory_turnover_ratio": 3.78,
            "account_receivable_turnover_ratio": null,
            "reinvestment_rate": null,
            "research_to_sale_ratio": null,
            "price_fair": 1.92,
            "eps_avg_yearly": 0.64,
            "eps_latest_yearly": 0.64,
            "eps_growth_yearly": -186.67
        },
        "20084": {
            "year_quarter": 20084,
            "year": 2008,
            "quarter": 4,
            "eps": -2.52,
            "eps_growth_year": -427.27,
            "eps_4q": -6.07,
            "eps_4q_growth_year": null,
            "roe": -28.09,
            "roe_4q": -57.510000000000005,
            "gross_profit": 23681,
            "gross_margin": 54.43,
            "gross_margin_4q_avg": 61.35,
            "net_income": -61219,
            "revenue": 43504,
            "common_shares": 249498,
            "book_valuer_per_share": 0.29,
            "book_valuer_per_share_4q_avg": 2.8,
            "equity": 189307,
            "current_ratio": 111.26,
            "debt_ratio": 70.39,
            "inventory_turnover_ratio": 3.65,
            "account_receivable_turnover_ratio": 4.38,
            "reinvestment_rate": null,
            "research_to_sale_ratio": null,
            "price_fair": 0,
            "eps_avg_yearly": 0,
            "eps_latest_yearly": 0,
            "eps_growth_yearly": 0
        },
        "20091": {
            "year_quarter": 20091,
            "year": 2009,
            "quarter": 1,
            "eps": 2.31,
            "eps_growth_year": null,
            "eps_4q": -1.83,
            "eps_4q_growth_year": null,
            "roe": 26.51,
            "roe_4q": -17.2,
            "gross_profit": 137708,
            "gross_margin": 93.64,
            "gross_margin_4q_avg": 69.17,
            "net_income": 58864,
            "revenue": 147069,
            "common_shares": 249498,
            "book_valuer_per_share": 2.65,
            "book_valuer_per_share_4q_avg": 2.43,
            "equity": 254852,
            "current_ratio": 128.28,
            "debt_ratio": 62.06,
            "inventory_turnover_ratio": 1.9,
            "account_receivable_turnover_ratio": 5.57,
            "reinvestment_rate": null,
            "research_to_sale_ratio": null,
            "price_fair": 0,
            "eps_avg_yearly": 0,
            "eps_latest_yearly": 0,
            "eps_growth_yearly": 0
        },
        "20092": {
            "year_quarter": 20092,
            "year": 2009,
            "quarter": 2,
            "eps": 1.51,
            "eps_growth_year": null,
            "eps_4q": -0.26,
            "eps_4q_growth_year": null,
            "roe": 14.13,
            "roe_4q": -2.76,
            "gross_profit": 120234,
            "gross_margin": 94.09,
            "gross_margin_4q_avg": 74.75,
            "net_income": 38117,
            "revenue": 127791,
            "common_shares": 249498,
            "book_valuer_per_share": 4.09,
            "book_valuer_per_share_4q_avg": 2.43,
            "equity": 284637,
            "current_ratio": 139.53,
            "debt_ratio": 57.97,
            "inventory_turnover_ratio": 1.69,
            "account_receivable_turnover_ratio": 4.61,
            "reinvestment_rate": null,
            "research_to_sale_ratio": null,
            "price_fair": 18.12,
            "eps_avg_yearly": 6.04,
            "eps_latest_yearly": 6.04,
            "eps_growth_yearly": -138.53
        },
        "20093": {
            "year_quarter": 20093,
            "year": 2009,
            "quarter": 3,
            "eps": -0.74,
            "eps_growth_year": null,
            "eps_4q": 0.62,
            "eps_4q_growth_year": null,
            "roe": -6.36,
            "roe_4q": 6.190000000000001,
            "gross_profit": 58935,
            "gross_margin": 85.66,
            "gross_margin_4q_avg": 81.96,
            "net_income": -17675,
            "revenue": 68799,
            "common_shares": 255958,
            "book_valuer_per_share": 3.58,
            "book_valuer_per_share_4q_avg": 2.65,
            "equity": 271469,
            "current_ratio": 136.6,
            "debt_ratio": 59.01,
            "inventory_turnover_ratio": 2.26,
            "account_receivable_turnover_ratio": 2.72,
            "reinvestment_rate": null,
            "research_to_sale_ratio": null,
            "price_fair": 18.12,
            "eps_avg_yearly": 6.04,
            "eps_latest_yearly": 6.04,
            "eps_growth_yearly": -138.53
        },
        "20094": {
            "year_quarter": 20094,
            "year": 2009,
            "quarter": 4,
            "eps": 1,
            "eps_growth_year": null,
            "eps_4q": 4.05,
            "eps_4q_growth_year": null,
            "roe": 9.31,
            "roe_4q": 43.59,
            "gross_profit": 33897,
            "gross_margin": 83.92,
            "gross_margin_4q_avg": 89.33,
            "net_income": 26526,
            "revenue": 40392,
            "common_shares": 256528,
            "book_valuer_per_share": 3.88,
            "book_valuer_per_share_4q_avg": 3.55,
            "equity": 298235,
            "current_ratio": 145.61,
            "debt_ratio": 55.99,
            "inventory_turnover_ratio": 1.69,
            "account_receivable_turnover_ratio": 5.19,
            "reinvestment_rate": null,
            "research_to_sale_ratio": null,
            "price_fair": 18.12,
            "eps_avg_yearly": 6.04,
            "eps_latest_yearly": 6.04,
            "eps_growth_yearly": -138.53
        },
        "20101": {
            "year_quarter": 20101,
            "year": 2010,
            "quarter": 1,
            "eps": -0.47,
            "eps_growth_year": -120.35,
            "eps_4q": 1.33,
            "eps_4q_growth_year": null,
            "roe": -2.92,
            "roe_4q": 14.16,
            "gross_profit": 67723,
            "gross_margin": 87.8,
            "gross_margin_4q_avg": 87.87,
            "net_income": -8557,
            "revenue": 77135,
            "common_shares": 256658,
            "book_valuer_per_share": 3.49,
            "book_valuer_per_share_4q_avg": 3.76,
            "equity": 288407,
            "current_ratio": 144.25,
            "debt_ratio": 56.16,
            "inventory_turnover_ratio": 2.5,
            "account_receivable_turnover_ratio": 3.87,
            "reinvestment_rate": null,
            "research_to_sale_ratio": 61.17,
            "price_fair": 18.12,
            "eps_avg_yearly": 6.04,
            "eps_latest_yearly": 6.04,
            "eps_growth_yearly": -138.53
        },
        "20102": {
            "year_quarter": 20102,
            "year": 2010,
            "quarter": 2,
            "eps": -0.8,
            "eps_growth_year": -152.66,
            "eps_4q": -0.93,
            "eps_4q_growth_year": null,
            "roe": 4.15,
            "roe_4q": 4.180000000000001,
            "gross_profit": 31472,
            "gross_margin": 81.42,
            "gross_margin_4q_avg": 84.7,
            "net_income": 16072,
            "revenue": 38652,
            "common_shares": 312393,
            "book_valuer_per_share": 7.2,
            "book_valuer_per_share_4q_avg": 4.54,
            "equity": 487054,
            "current_ratio": 280.51,
            "debt_ratio": 30.68,
            "inventory_turnover_ratio": 1.86,
            "account_receivable_turnover_ratio": 2.14,
            "reinvestment_rate": null,
            "research_to_sale_ratio": 106.24,
            "price_fair": 18.12,
            "eps_avg_yearly": 6.04,
            "eps_latest_yearly": 6.04,
            "eps_growth_yearly": -138.53
        },
        "20103": {
            "year_quarter": 20103,
            "year": 2010,
            "quarter": 3,
            "eps": -0.72,
            "eps_growth_year": null,
            "eps_4q": -1.01,
            "eps_4q_growth_year": -264.54,
            "roe": -5.12,
            "roe_4q": 5.420000000000001,
            "gross_profit": 63140,
            "gross_margin": 89.7,
            "gross_margin_4q_avg": 85.71,
            "net_income": -24250,
            "revenue": 70388,
            "common_shares": 364788,
            "book_valuer_per_share": 6.45,
            "book_valuer_per_share_4q_avg": 5.26,
            "equity": 460183,
            "current_ratio": 273.84,
            "debt_ratio": 30.56,
            "inventory_turnover_ratio": 2.14,
            "account_receivable_turnover_ratio": 3.51,
            "reinvestment_rate": null,
            "research_to_sale_ratio": 84.97,
            "price_fair": 18.12,
            "eps_avg_yearly": 6.04,
            "eps_latest_yearly": 6.04,
            "eps_growth_yearly": -138.53
        },
        "20104": {
            "year_quarter": 20104,
            "year": 2010,
            "quarter": 4,
            "eps": -0.45,
            "eps_growth_year": -144.86,
            "eps_4q": -2.16,
            "eps_4q_growth_year": -153.48,
            "roe": -3.63,
            "roe_4q": -7.52,
            "gross_profit": 29184,
            "gross_margin": 75.41,
            "gross_margin_4q_avg": 83.58,
            "net_income": -16126,
            "revenue": 38701,
            "common_shares": 365028,
            "book_valuer_per_share": 5.88,
            "book_valuer_per_share_4q_avg": 5.76,
            "equity": 427661,
            "current_ratio": 216.29,
            "debt_ratio": 38.18,
            "inventory_turnover_ratio": 3.28,
            "account_receivable_turnover_ratio": 2.05,
            "reinvestment_rate": null,
            "research_to_sale_ratio": 114.57,
            "price_fair": 18.12,
            "eps_avg_yearly": 6.04,
            "eps_latest_yearly": 6.04,
            "eps_growth_yearly": -138.53
        },
        "20111": {
            "year_quarter": 20111,
            "year": 2011,
            "quarter": 1,
            "eps": -0.99,
            "eps_growth_year": null,
            "eps_4q": -2.83,
            "eps_4q_growth_year": -313.13,
            "roe": -8.3,
            "roe_4q": -12.9,
            "gross_profit": 29853,
            "gross_margin": 76.43,
            "gross_margin_4q_avg": 80.74,
            "net_income": -34289,
            "revenue": 39058,
            "common_shares": 365038,
            "book_valuer_per_share": 4.94,
            "book_valuer_per_share_4q_avg": 6.12,
            "equity": 398424,
            "current_ratio": 205.59,
            "debt_ratio": 39.97,
            "inventory_turnover_ratio": 3.45,
            "account_receivable_turnover_ratio": 2.3,
            "reinvestment_rate": null,
            "research_to_sale_ratio": 79.48,
            "price_fair": 18.12,
            "eps_avg_yearly": 6.04,
            "eps_latest_yearly": 6.04,
            "eps_growth_yearly": -138.53
        },
        "20112": {
            "year_quarter": 20112,
            "year": 2011,
            "quarter": 2,
            "eps": -0.98,
            "eps_growth_year": null,
            "eps_4q": -3.13,
            "eps_4q_growth_year": null,
            "roe": -9.5,
            "roe_4q": -26.55,
            "gross_profit": 29401,
            "gross_margin": 78.32,
            "gross_margin_4q_avg": 79.97,
            "net_income": -35989,
            "revenue": 37542,
            "common_shares": 365038,
            "book_valuer_per_share": 3.93,
            "book_valuer_per_share_4q_avg": 5.3,
            "equity": 359227,
            "current_ratio": 180.83,
            "debt_ratio": 45.31,
            "inventory_turnover_ratio": 3.75,
            "account_receivable_turnover_ratio": 1.88,
            "reinvestment_rate": null,
            "research_to_sale_ratio": 82.94,
            "price_fair": 18.12,
            "eps_avg_yearly": 6.04,
            "eps_latest_yearly": 6.04,
            "eps_growth_yearly": -138.53
        },
        "20113": {
            "year_quarter": 20113,
            "year": 2011,
            "quarter": 3,
            "eps": 0.66,
            "eps_growth_year": null,
            "eps_4q": -1.75,
            "eps_4q_growth_year": null,
            "roe": 6.41,
            "roe_4q": -15.02,
            "gross_profit": 105359,
            "gross_margin": 87.14,
            "gross_margin_4q_avg": 79.33,
            "net_income": 24759,
            "revenue": 120914,
            "common_shares": 367138,
            "book_valuer_per_share": 4.89,
            "book_valuer_per_share_4q_avg": 4.91,
            "equity": 413028,
            "current_ratio": 197.84,
            "debt_ratio": 42.82,
            "inventory_turnover_ratio": 6.45,
            "account_receivable_turnover_ratio": 6.76,
            "reinvestment_rate": null,
            "research_to_sale_ratio": 29.43,
            "price_fair": 18.12,
            "eps_avg_yearly": 6.04,
            "eps_latest_yearly": 6.04,
            "eps_growth_yearly": -138.53
        },
        "20114": {
            "year_quarter": 20114,
            "year": 2011,
            "quarter": 4,
            "eps": -0.61,
            "eps_growth_year": null,
            "eps_4q": -1.91,
            "eps_4q_growth_year": null,
            "roe": -5.1,
            "roe_4q": -16.490000000000002,
            "gross_profit": 66743,
            "gross_margin": 90.32,
            "gross_margin_4q_avg": 83.05,
            "net_income": -20602,
            "revenue": 73898,
            "common_shares": 367558,
            "book_valuer_per_share": 4.31,
            "book_valuer_per_share_4q_avg": 4.52,
            "equity": 394522,
            "current_ratio": 193.14,
            "debt_ratio": 43.64,
            "inventory_turnover_ratio": 2.16,
            "account_receivable_turnover_ratio": 4.56,
            "reinvestment_rate": null,
            "research_to_sale_ratio": 65.97,
            "price_fair": 18.12,
            "eps_avg_yearly": 6.04,
            "eps_latest_yearly": 6.04,
            "eps_growth_yearly": -138.53
        },
        "20121": {
            "year_quarter": 20121,
            "year": 2012,
            "quarter": 1,
            "eps": -0.55,
            "eps_growth_year": null,
            "eps_4q": -1.48,
            "eps_4q_growth_year": null,
            "roe": -5.08,
            "roe_4q": -13.27,
            "gross_profit": 62148,
            "gross_margin": 83.87,
            "gross_margin_4q_avg": 84.91,
            "net_income": -19338,
            "revenue": 74098,
            "common_shares": 368158,
            "book_valuer_per_share": 3.67,
            "book_valuer_per_share_4q_avg": 4.2,
            "equity": 366382,
            "current_ratio": 184.41,
            "debt_ratio": 44.78,
            "inventory_turnover_ratio": 3.54,
            "account_receivable_turnover_ratio": 4.4,
            "reinvestment_rate": null,
            "research_to_sale_ratio": 56.65,
            "price_fair": 18.12,
            "eps_avg_yearly": 6.04,
            "eps_latest_yearly": 6.04,
            "eps_growth_yearly": -138.53
        },
        "20122": {
            "year_quarter": 20122,
            "year": 2012,
            "quarter": 2,
            "eps": -1.41,
            "eps_growth_year": null,
            "eps_4q": -1.92,
            "eps_4q_growth_year": null,
            "roe": -14.54,
            "roe_4q": -18.31,
            "gross_profit": 29893,
            "gross_margin": 76,
            "gross_margin_4q_avg": 84.33,
            "net_income": -49898,
            "revenue": 39331,
            "common_shares": 368718,
            "book_valuer_per_share": 2.3,
            "book_valuer_per_share_4q_avg": 3.79,
            "equity": 320166,
            "current_ratio": 163.47,
            "debt_ratio": 50.16,
            "inventory_turnover_ratio": 3,
            "account_receivable_turnover_ratio": 2.11,
            "reinvestment_rate": null,
            "research_to_sale_ratio": 118.57,
            "price_fair": 18.12,
            "eps_avg_yearly": 6.04,
            "eps_latest_yearly": 6.04,
            "eps_growth_yearly": -138.53
        },
        "20123": {
            "year_quarter": 20123,
            "year": 2012,
            "quarter": 3,
            "eps": -0.91,
            "eps_growth_year": -238.03,
            "eps_4q": -3.48,
            "eps_4q_growth_year": null,
            "roe": -11.1,
            "roe_4q": -35.82,
            "gross_profit": 49707,
            "gross_margin": 87.58,
            "gross_margin_4q_avg": 84.44,
            "net_income": -33465,
            "revenue": 56756,
            "common_shares": 368878,
            "book_valuer_per_share": 1.37,
            "book_valuer_per_share_4q_avg": 2.91,
            "equity": 282638,
            "current_ratio": 148.5,
            "debt_ratio": 54,
            "inventory_turnover_ratio": 2.58,
            "account_receivable_turnover_ratio": 3.5,
            "reinvestment_rate": null,
            "research_to_sale_ratio": 87.79,
            "price_fair": 18.12,
            "eps_avg_yearly": 6.04,
            "eps_latest_yearly": 6.04,
            "eps_growth_yearly": -138.53
        },
        "20124": {
            "year_quarter": 20124,
            "year": 2012,
            "quarter": 4,
            "eps": 0.22,
            "eps_growth_year": null,
            "eps_4q": -2.65,
            "eps_4q_growth_year": null,
            "roe": 3.53,
            "roe_4q": -27.189999999999998,
            "gross_profit": 25487,
            "gross_margin": 75.57,
            "gross_margin_4q_avg": 80.76,
            "net_income": 10159,
            "revenue": 33726,
            "common_shares": 368918,
            "book_valuer_per_share": 1.6,
            "book_valuer_per_share_4q_avg": 2.24,
            "equity": 293140,
            "current_ratio": 231.05,
            "debt_ratio": 44.34,
            "inventory_turnover_ratio": 3.29,
            "account_receivable_turnover_ratio": 2.4,
            "reinvestment_rate": null,
            "research_to_sale_ratio": 161.31,
            "price_fair": 18.12,
            "eps_avg_yearly": 6.04,
            "eps_latest_yearly": 6.04,
            "eps_growth_yearly": -138.53
        },
        "20131": {
            "year_quarter": 20131,
            "year": 2013,
            "quarter": 1,
            "eps": 0.99,
            "eps_growth_year": null,
            "eps_4q": -1.11,
            "eps_4q_growth_year": null,
            "roe": 11.89,
            "roe_4q": -10.219999999999999,
            "gross_profit": 108329,
            "gross_margin": 88.9,
            "gross_margin_4q_avg": 82.01,
            "net_income": 37307,
            "revenue": 121851,
            "common_shares": 368918,
            "book_valuer_per_share": 2.49,
            "book_valuer_per_share_4q_avg": 1.94,
            "equity": 334144,
            "current_ratio": 264.6,
            "debt_ratio": 40.02,
            "inventory_turnover_ratio": 4.07,
            "account_receivable_turnover_ratio": 4.76,
            "reinvestment_rate": null,
            "research_to_sale_ratio": 32.4,
            "price_fair": 175,
            "eps_avg_yearly": 5,
            "eps_latest_yearly": 3.96,
            "eps_growth_yearly": 630.74
        },
        "20132": {
            "year_quarter": 20132,
            "year": 2013,
            "quarter": 2,
            "eps": -1.04,
            "eps_growth_year": null,
            "eps_4q": -0.74,
            "eps_4q_growth_year": null,
            "roe": -11.53,
            "roe_4q": -7.209999999999999,
            "gross_profit": 22953,
            "gross_margin": 82.13,
            "gross_margin_4q_avg": 83.55,
            "net_income": -36730,
            "revenue": 27947,
            "common_shares": 368918,
            "book_valuer_per_share": 1.49,
            "book_valuer_per_share_4q_avg": 1.74,
            "equity": 303038,
            "current_ratio": 265.84,
            "debt_ratio": 40.32,
            "inventory_turnover_ratio": 1.29,
            "account_receivable_turnover_ratio": 1.14,
            "reinvestment_rate": null,
            "research_to_sale_ratio": 126.47,
            "price_fair": 138.6,
            "eps_avg_yearly": 3.96,
            "eps_latest_yearly": 3.96,
            "eps_growth_yearly": 1400
        },
        "20133": {
            "year_quarter": 20133,
            "year": 2013,
            "quarter": 3,
            "eps": 0.15,
            "eps_growth_year": null,
            "eps_4q": 0.32,
            "eps_4q_growth_year": null,
            "roe": 2.11,
            "roe_4q": 6,
            "gross_profit": 93380,
            "gross_margin": 88.07,
            "gross_margin_4q_avg": 83.67,
            "net_income": 6424,
            "revenue": 106034,
            "common_shares": 368918,
            "book_valuer_per_share": 1.61,
            "book_valuer_per_share_4q_avg": 1.8,
            "equity": 305327,
            "current_ratio": 278.65,
            "debt_ratio": 39.51,
            "inventory_turnover_ratio": 2.94,
            "account_receivable_turnover_ratio": 5.39,
            "reinvestment_rate": null,
            "research_to_sale_ratio": 46.28,
            "price_fair": 138.6,
            "eps_avg_yearly": 3.96,
            "eps_latest_yearly": 3.96,
            "eps_growth_yearly": 1400
        },
        "20134": {
            "year_quarter": 20134,
            "year": 2013,
            "quarter": 4,
            "eps": -0.73,
            "eps_growth_year": -432.77,
            "eps_4q": -0.62,
            "eps_4q_growth_year": null,
            "roe": -8.71,
            "roe_4q": -6.240000000000002,
            "gross_profit": 37536,
            "gross_margin": 83.56,
            "gross_margin_4q_avg": 85.67,
            "net_income": -26157,
            "revenue": 44923,
            "common_shares": 368918,
            "book_valuer_per_share": 1.2,
            "book_valuer_per_share_4q_avg": 1.7,
            "equity": 295512,
            "current_ratio": 270.62,
            "debt_ratio": 38.52,
            "inventory_turnover_ratio": 1.5,
            "account_receivable_turnover_ratio": 2.25,
            "reinvestment_rate": null,
            "research_to_sale_ratio": 79.75,
            "price_fair": 138.6,
            "eps_avg_yearly": 3.96,
            "eps_latest_yearly": 3.96,
            "eps_growth_yearly": 1400
        },
        "20141": {
            "year_quarter": 20141,
            "year": 2014,
            "quarter": 1,
            "eps": -0.65,
            "eps_growth_year": -165.66,
            "eps_4q": -1.85,
            "eps_4q_growth_year": null,
            "roe": -5.73,
            "roe_4q": -23.86,
            "gross_profit": 27824,
            "gross_margin": 78.87,
            "gross_margin_4q_avg": 83.16,
            "net_income": -24074,
            "revenue": 35278,
            "common_shares": 453918,
            "book_valuer_per_share": 6.47,
            "book_valuer_per_share_4q_avg": 2.69,
            "equity": 545196,
            "current_ratio": 411.64,
            "debt_ratio": 25.55,
            "inventory_turnover_ratio": 1.71,
            "account_receivable_turnover_ratio": 4.44,
            "reinvestment_rate": null,
            "research_to_sale_ratio": 87.8,
            "price_fair": 138.6,
            "eps_avg_yearly": 3.96,
            "eps_latest_yearly": 3.96,
            "eps_growth_yearly": 1400
        },
        "20142": {
            "year_quarter": 20142,
            "year": 2014,
            "quarter": 2,
            "eps": 0.81,
            "eps_growth_year": null,
            "eps_4q": -0.2,
            "eps_4q_growth_year": null,
            "roe": 8.75,
            "roe_4q": -3.5800000000000014,
            "gross_profit": 92536,
            "gross_margin": 94.09,
            "gross_margin_4q_avg": 86.15,
            "net_income": 38344,
            "revenue": 98350,
            "common_shares": 455778,
            "book_valuer_per_share": 7.26,
            "book_valuer_per_share_4q_avg": 4.14,
            "equity": 330966,
            "current_ratio": 201.77,
            "debt_ratio": 48.77,
            "inventory_turnover_ratio": 1.45,
            "account_receivable_turnover_ratio": 7.22,
            "reinvestment_rate": null,
            "research_to_sale_ratio": 33.17,
            "price_fair": 138.6,
            "eps_avg_yearly": 3.96,
            "eps_latest_yearly": 3.96,
            "eps_growth_yearly": 1400
        },
        "20143": {
            "year_quarter": 20143,
            "year": 2014,
            "quarter": 3,
            "eps": -0.13,
            "eps_growth_year": -186.67,
            "eps_4q": -0.46,
            "eps_4q_growth_year": -242.71,
            "roe": -1.84,
            "roe_4q": -7.530000000000001,
            "gross_profit": 86222,
            "gross_margin": 81.94,
            "gross_margin_4q_avg": 84.62,
            "net_income": -6067,
            "revenue": 105221,
            "common_shares": 455778,
            "book_valuer_per_share": 7.18,
            "book_valuer_per_share_4q_avg": 5.53,
            "equity": 327289,
            "current_ratio": 153.41,
            "debt_ratio": 51.61,
            "inventory_turnover_ratio": 4.75,
            "account_receivable_turnover_ratio": 3.11,
            "reinvestment_rate": null,
            "research_to_sale_ratio": 37.71,
            "price_fair": 138.6,
            "eps_avg_yearly": 3.96,
            "eps_latest_yearly": 3.96,
            "eps_growth_yearly": 1400
        },
        "20144": {
            "year_quarter": 20144,
            "year": 2014,
            "quarter": 4,
            "eps": -0.92,
            "eps_growth_year": null,
            "eps_4q": -0.79,
            "eps_4q_growth_year": null,
            "roe": -13.61,
            "roe_4q": -12.43,
            "gross_profit": 72872,
            "gross_margin": 77.8,
            "gross_margin_4q_avg": 83.18,
            "net_income": -41989,
            "revenue": 93668,
            "common_shares": 455778,
            "book_valuer_per_share": 6.36,
            "book_valuer_per_share_4q_avg": 6.82,
            "equity": 289874,
            "current_ratio": 131.83,
            "debt_ratio": 56.77,
            "inventory_turnover_ratio": 5.88,
            "account_receivable_turnover_ratio": 2.1,
            "reinvestment_rate": null,
            "research_to_sale_ratio": 48.74,
            "price_fair": 138.6,
            "eps_avg_yearly": 3.96,
            "eps_latest_yearly": 3.96,
            "eps_growth_yearly": 1400
        },
        "20151": {
            "year_quarter": 20151,
            "year": 2015,
            "quarter": 1,
            "eps": 0.68,
            "eps_growth_year": null,
            "eps_4q": 0.44,
            "eps_4q_growth_year": null,
            "roe": 10.23,
            "roe_4q": 3.530000000000001,
            "gross_profit": 148931,
            "gross_margin": 84.48,
            "gross_margin_4q_avg": 84.58,
            "net_income": 31206,
            "revenue": 176292,
            "common_shares": 455778,
            "book_valuer_per_share": 7.02,
            "book_valuer_per_share_4q_avg": 6.96,
            "equity": 320146,
            "current_ratio": 216.08,
            "debt_ratio": 47.42,
            "inventory_turnover_ratio": 7.4,
            "account_receivable_turnover_ratio": 2.64,
            "reinvestment_rate": null,
            "research_to_sale_ratio": 33.95,
            "price_fair": 138.6,
            "eps_avg_yearly": 3.96,
            "eps_latest_yearly": 3.96,
            "eps_growth_yearly": 1400
        },
        "20152": {
            "year_quarter": 20152,
            "year": 2015,
            "quarter": 2,
            "eps": 2.08,
            "eps_growth_year": 156.79,
            "eps_4q": 1.71,
            "eps_4q_growth_year": null,
            "roe": 25.85,
            "roe_4q": 20.63,
            "gross_profit": 125674,
            "gross_margin": 86.79,
            "gross_margin_4q_avg": 82.75,
            "net_income": 94853,
            "revenue": 144803,
            "common_shares": 455778,
            "book_valuer_per_share": 9.08,
            "book_valuer_per_share_4q_avg": 7.41,
            "equity": 413801,
            "current_ratio": 183.96,
            "debt_ratio": 30.5,
            "inventory_turnover_ratio": 3.14,
            "account_receivable_turnover_ratio": 1.74,
            "reinvestment_rate": null,
            "research_to_sale_ratio": 35,
            "price_fair": 214.9,
            "eps_avg_yearly": 6.14,
            "eps_latest_yearly": 8.32,
            "eps_growth_yearly": 1111.76
        },
        "20153": {
            "year_quarter": 20153,
            "year": 2015,
            "quarter": 3,
            "eps": 2.26,
            "eps_growth_year": null,
            "eps_4q": 4.05,
            "eps_4q_growth_year": null,
            "roe": 21.96,
            "roe_4q": 44.43000000000001,
            "gross_profit": 242333,
            "gross_margin": 84.48,
            "gross_margin_4q_avg": 83.39,
            "net_income": 103046,
            "revenue": 286862,
            "common_shares": 462078,
            "book_valuer_per_share": 11.36,
            "book_valuer_per_share_4q_avg": 8.46,
            "equity": 524740,
            "current_ratio": 223.97,
            "debt_ratio": 27.49,
            "inventory_turnover_ratio": 7.91,
            "account_receivable_turnover_ratio": 2.07,
            "reinvestment_rate": 322.74,
            "research_to_sale_ratio": 20.11,
            "price_fair": 248.73,
            "eps_avg_yearly": 7.11,
            "eps_latest_yearly": 9.04,
            "eps_growth_yearly": 752.71
        },
        "20154": {
            "year_quarter": 20154,
            "year": 2015,
            "quarter": 4,
            "eps": -1.14,
            "eps_growth_year": null,
            "eps_4q": 3.82,
            "eps_4q_growth_year": null,
            "roe": -10.57,
            "roe_4q": 47.47,
            "gross_profit": 117230,
            "gross_margin": 78.7,
            "gross_margin_4q_avg": 83.61,
            "net_income": -52692,
            "revenue": 148960,
            "common_shares": 462078,
            "book_valuer_per_share": 10.21,
            "book_valuer_per_share_4q_avg": 9.42,
            "equity": 471878,
            "current_ratio": 149.62,
            "debt_ratio": 34.54,
            "inventory_turnover_ratio": 10.33,
            "account_receivable_turnover_ratio": 0.9,
            "reinvestment_rate": 1112.04,
            "research_to_sale_ratio": 71.6,
            "price_fair": 248.73,
            "eps_avg_yearly": 7.11,
            "eps_latest_yearly": 9.04,
            "eps_growth_yearly": 752.71
        },
        "20161": {
            "year_quarter": 20161,
            "year": 2016,
            "quarter": 1,
            "eps": -1.99,
            "eps_growth_year": -392.65,
            "eps_4q": 1.11,
            "eps_4q_growth_year": 152.13,
            "roe": -17.55,
            "roe_4q": 19.69,
            "gross_profit": 98779,
            "gross_margin": 78.08,
            "gross_margin_4q_avg": 82.01,
            "net_income": -91840,
            "revenue": 126506,
            "common_shares": 482078,
            "book_valuer_per_share": 11.82,
            "book_valuer_per_share_4q_avg": 10.62,
            "equity": 574607,
            "current_ratio": 159.02,
            "debt_ratio": 35.4,
            "inventory_turnover_ratio": 9.07,
            "account_receivable_turnover_ratio": 1.06,
            "reinvestment_rate": null,
            "research_to_sale_ratio": 60.36,
            "price_fair": 248.73,
            "eps_avg_yearly": 7.11,
            "eps_latest_yearly": 9.04,
            "eps_growth_yearly": 752.71
        },
        "20162": {
            "year_quarter": 20162,
            "year": 2016,
            "quarter": 2,
            "eps": 0.63,
            "eps_growth_year": -69.71,
            "eps_4q": -0.23,
            "eps_4q_growth_year": -113.57,
            "roe": 5,
            "roe_4q": -1.1600000000000001,
            "gross_profit": 190343,
            "gross_margin": 87.01,
            "gross_margin_4q_avg": 82.07,
            "net_income": 29184,
            "revenue": 218757,
            "common_shares": 482038,
            "book_valuer_per_share": 12.21,
            "book_valuer_per_share_4q_avg": 11.4,
            "equity": 592173,
            "current_ratio": 176.51,
            "debt_ratio": 32.36,
            "inventory_turnover_ratio": 7.84,
            "account_receivable_turnover_ratio": 2.06,
            "reinvestment_rate": 511.29,
            "research_to_sale_ratio": 39.23,
            "price_fair": 248.73,
            "eps_avg_yearly": 7.11,
            "eps_latest_yearly": 9.04,
            "eps_growth_yearly": 752.71
        },
        "20163": {
            "year_quarter": 20163,
            "year": 2016,
            "quarter": 3,
            "eps": -0.11,
            "eps_growth_year": -104.87,
            "eps_4q": -2.48,
            "eps_4q_growth_year": -161.14,
            "roe": -1.12,
            "roe_4q": -24.240000000000002,
            "gross_profit": 143839,
            "gross_margin": 81.45,
            "gross_margin_4q_avg": 81.31,
            "net_income": -6612,
            "revenue": 176602,
            "common_shares": 482008,
            "book_valuer_per_share": 12.26,
            "book_valuer_per_share_4q_avg": 11.63,
            "equity": 593467,
            "current_ratio": 159.02,
            "debt_ratio": 38.79,
            "inventory_turnover_ratio": 8.61,
            "account_receivable_turnover_ratio": 1.73,
            "reinvestment_rate": 313.46,
            "research_to_sale_ratio": 44.78,
            "price_fair": 248.73,
            "eps_avg_yearly": 7.11,
            "eps_latest_yearly": 9.04,
            "eps_growth_yearly": 752.71
        },
        "20164": {
            "year_quarter": 20164,
            "year": 2016,
            "quarter": 4,
            "eps": -1.45,
            "eps_growth_year": null,
            "eps_4q": -2.84,
            "eps_4q_growth_year": -174.32,
            "roe": -12.98,
            "roe_4q": -26.650000000000002,
            "gross_profit": 147001,
            "gross_margin": 81.32,
            "gross_margin_4q_avg": 81.97,
            "net_income": -72027,
            "revenue": 180769,
            "common_shares": 481936,
            "book_valuer_per_share": 10.71,
            "book_valuer_per_share_4q_avg": 11.75,
            "equity": 516719,
            "current_ratio": 146.86,
            "debt_ratio": 44.72,
            "inventory_turnover_ratio": 11.23,
            "account_receivable_turnover_ratio": 1.68,
            "reinvestment_rate": null,
            "research_to_sale_ratio": 39.44,
            "price_fair": 248.73,
            "eps_avg_yearly": 7.11,
            "eps_latest_yearly": 9.04,
            "eps_growth_yearly": 752.71
        },
        "20171": {
            "year_quarter": 20171,
            "year": 2017,
            "quarter": 1,
            "eps": 0.7,
            "eps_growth_year": null,
            "eps_4q": -0.24,
            "eps_4q_growth_year": -121.76,
            "roe": 5.84,
            "roe_4q": -3.2600000000000016,
            "gross_profit": 151178,
            "gross_margin": 78.4,
            "gross_margin_4q_avg": 82.05,
            "net_income": 31202,
            "revenue": 192838,
            "common_shares": 481870,
            "book_valuer_per_share": 11.4,
            "book_valuer_per_share_4q_avg": 11.65,
            "equity": 552203,
            "current_ratio": 185.92,
            "debt_ratio": 41.15,
            "inventory_turnover_ratio": 16.18,
            "account_receivable_turnover_ratio": 1.55,
            "reinvestment_rate": null,
            "research_to_sale_ratio": 35.09,
            "price_fair": 303.8,
            "eps_avg_yearly": 8.68,
            "eps_latest_yearly": 9.04,
            "eps_growth_yearly": 429.07
        },
        "20172": {
            "year_quarter": 20172,
            "year": 2017,
            "quarter": 2,
            "eps": 0.64,
            "eps_growth_year": 1.59,
            "eps_4q": -0.23,
            "eps_4q_growth_year": null,
            "roe": 4.71,
            "roe_4q": -3.55,
            "gross_profit": 200936,
            "gross_margin": 83.45,
            "gross_margin_4q_avg": 81.16,
            "net_income": 28251,
            "revenue": 240789,
            "common_shares": 481828,
            "book_valuer_per_share": 13.42,
            "book_valuer_per_share_4q_avg": 11.95,
            "equity": 647453,
            "current_ratio": 158.38,
            "debt_ratio": 42.87,
            "inventory_turnover_ratio": 15.4,
            "account_receivable_turnover_ratio": 1.78,
            "reinvestment_rate": 938.76,
            "research_to_sale_ratio": 34.07,
            "price_fair": 232.4,
            "eps_avg_yearly": 6.64,
            "eps_latest_yearly": 2.56,
            "eps_growth_yearly": 274.62
        },
        "20173": {
            "year_quarter": 20173,
            "year": 2017,
            "quarter": 3,
            "eps": -0.2,
            "eps_growth_year": null,
            "eps_4q": -0.33,
            "eps_4q_growth_year": null,
            "roe": -1.94,
            "roe_4q": -4.370000000000001,
            "gross_profit": 189801,
            "gross_margin": 89.07,
            "gross_margin_4q_avg": 83.06,
            "net_income": -11671,
            "revenue": 213095,
            "common_shares": 481816,
            "book_valuer_per_share": 11.58,
            "book_valuer_per_share_4q_avg": 11.78,
            "equity": 554450,
            "current_ratio": 147.03,
            "debt_ratio": 46.17,
            "inventory_turnover_ratio": 9.13,
            "account_receivable_turnover_ratio": 1.78,
            "reinvestment_rate": 1182.34,
            "research_to_sale_ratio": 49.24,
            "price_fair": 232.4,
            "eps_avg_yearly": 6.64,
            "eps_latest_yearly": 2.56,
            "eps_growth_yearly": 274.62
        },
        "20174": {
            "year_quarter": 20174,
            "year": 2017,
            "quarter": 4,
            "eps": -0.76,
            "eps_growth_year": null,
            "eps_4q": 0.38,
            "eps_4q_growth_year": null,
            "roe": -7.31,
            "roe_4q": 1.2999999999999998,
            "gross_profit": 123474,
            "gross_margin": 86.71,
            "gross_margin_4q_avg": 84.41,
            "net_income": -38254,
            "revenue": 142406,
            "common_shares": 478313,
            "book_valuer_per_share": 10.28,
            "book_valuer_per_share_4q_avg": 11.67,
            "equity": 492689,
            "current_ratio": 146.32,
            "debt_ratio": 44.72,
            "inventory_turnover_ratio": 6.4,
            "account_receivable_turnover_ratio": 1.34,
            "reinvestment_rate": 1499.39,
            "research_to_sale_ratio": 63.54,
            "price_fair": 232.4,
            "eps_avg_yearly": 6.64,
            "eps_latest_yearly": 2.56,
            "eps_growth_yearly": 274.62
        },
        "20181": {
            "year_quarter": 20181,
            "year": 2018,
            "quarter": 1,
            "eps": 1.42,
            "eps_growth_year": 102.86,
            "eps_4q": 1.1,
            "eps_4q_growth_year": null,
            "roe": 12.41,
            "roe_4q": 7.870000000000001,
            "gross_profit": 235026,
            "gross_margin": 92.44,
            "gross_margin_4q_avg": 87.92,
            "net_income": 65232,
            "revenue": 254252,
            "common_shares": 478229,
            "book_valuer_per_share": 11.7,
            "book_valuer_per_share_4q_avg": 11.75,
            "equity": 558456,
            "current_ratio": 168.9,
            "debt_ratio": 44.76,
            "inventory_turnover_ratio": 6.04,
            "account_receivable_turnover_ratio": 1.93,
            "reinvestment_rate": 30.58,
            "research_to_sale_ratio": 30.41,
            "price_fair": 232.4,
            "eps_avg_yearly": 6.64,
            "eps_latest_yearly": 2.56,
            "eps_growth_yearly": 274.62
        },
        "20182": {
            "year_quarter": 20182,
            "year": 2018,
            "quarter": 2,
            "eps": -0.41,
            "eps_growth_year": -164.06,
            "eps_4q": 0.05,
            "eps_4q_growth_year": null,
            "roe": -4.08,
            "roe_4q": -0.9199999999999995,
            "gross_profit": 115775,
            "gross_margin": 84.55,
            "gross_margin_4q_avg": 88.19,
            "net_income": -22096,
            "revenue": 136937,
            "common_shares": 478229,
            "book_valuer_per_share": 11.08,
            "book_valuer_per_share_4q_avg": 11.16,
            "equity": 525745,
            "current_ratio": 148.38,
            "debt_ratio": 48.26,
            "inventory_turnover_ratio": 8.87,
            "account_receivable_turnover_ratio": 0.88,
            "reinvestment_rate": -226.18,
            "research_to_sale_ratio": 56.22,
            "price_fair": 232.4,
            "eps_avg_yearly": 6.64,
            "eps_latest_yearly": 2.56,
            "eps_growth_yearly": 274.62
        },
        "20183": {
            "year_quarter": 20183,
            "year": 2018,
            "quarter": 3,
            "eps": 0.1,
            "eps_growth_year": null,
            "eps_4q": 0.35,
            "eps_4q_growth_year": null,
            "roe": 0.5,
            "roe_4q": 1.5200000000000005,
            "gross_profit": 148839,
            "gross_margin": 88.82,
            "gross_margin_4q_avg": 88.13,
            "net_income": 2531,
            "revenue": 167575,
            "common_shares": 477945,
            "book_valuer_per_share": 10.37,
            "book_valuer_per_share_4q_avg": 10.86,
            "equity": 490683,
            "current_ratio": 146.95,
            "debt_ratio": 50.13,
            "inventory_turnover_ratio": 9.84,
            "account_receivable_turnover_ratio": 1,
            "reinvestment_rate": -361.04,
            "research_to_sale_ratio": 44.42,
            "price_fair": 232.4,
            "eps_avg_yearly": 6.64,
            "eps_latest_yearly": 2.56,
            "eps_growth_yearly": 274.62
        },
        "20184": {
            "year_quarter": 20184,
            "year": 2018,
            "quarter": 4,
            "eps": 0.73,
            "eps_growth_year": null,
            "eps_4q": 1.84,
            "eps_4q_growth_year": 381.75,
            "roe": 8.14,
            "roe_4q": 16.97,
            "gross_profit": 274588,
            "gross_margin": 92.46,
            "gross_margin_4q_avg": 89.57,
            "net_income": 39760,
            "revenue": 296974,
            "common_shares": 477945,
            "book_valuer_per_share": 10.18,
            "book_valuer_per_share_4q_avg": 10.83,
            "equity": 486486,
            "current_ratio": 146.74,
            "debt_ratio": 55.09,
            "inventory_turnover_ratio": 11.65,
            "account_receivable_turnover_ratio": 2.01,
            "reinvestment_rate": -168.09,
            "research_to_sale_ratio": 26.82,
            "price_fair": 199.85,
            "eps_avg_yearly": 5.71,
            "eps_latest_yearly": 2.92,
            "eps_growth_yearly": 835.96
        },
        "20191": {
            "year_quarter": 20191,
            "year": 2019,
            "quarter": 1,
            "eps": 0.08,
            "eps_growth_year": -94.37,
            "eps_4q": 0.48,
            "eps_4q_growth_year": -56.07,
            "roe": 0.54,
            "roe_4q": 5.1,
            "gross_profit": 215793,
            "gross_margin": 93.01,
            "gross_margin_4q_avg": 89.71,
            "net_income": 2813,
            "revenue": 232003,
            "common_shares": 492945,
            "book_valuer_per_share": 11.23,
            "book_valuer_per_share_4q_avg": 10.72,
            "equity": 554119,
            "current_ratio": 130.08,
            "debt_ratio": 58.15,
            "inventory_turnover_ratio": 9.02,
            "account_receivable_turnover_ratio": 1.08,
            "reinvestment_rate": -129.95,
            "research_to_sale_ratio": 46.86,
            "price_fair": 162.12,
            "eps_avg_yearly": 4.63,
            "eps_latest_yearly": 0.32,
            "eps_growth_yearly": 597.54
        },
        "20192": {
            "year_quarter": 20192,
            "year": 2019,
            "quarter": 2,
            "eps": 9.74,
            "eps_growth_year": null,
            "eps_4q": 10.39,
            "eps_4q_growth_year": 20441.53,
            "roe": 58.96,
            "roe_4q": 68.14,
            "gross_profit": 78785,
            "gross_margin": 69.43,
            "gross_margin_4q_avg": 85.93,
            "net_income": 468714,
            "revenue": 113470,
            "common_shares": 492945,
            "book_valuer_per_share": 21,
            "book_valuer_per_share_4q_avg": 13.2,
            "equity": 1035741,
            "current_ratio": 121.36,
            "debt_ratio": 35.61,
            "inventory_turnover_ratio": 19.88,
            "account_receivable_turnover_ratio": 0.44,
            "reinvestment_rate": 89.7,
            "research_to_sale_ratio": 85.54,
            "price_fair": 376.6,
            "eps_avg_yearly": 10.76,
            "eps_latest_yearly": 38.96,
            "eps_growth_yearly": 10092.83
        },
        "20193": {
            "year_quarter": 20193,
            "year": 2019,
            "quarter": 3,
            "eps": -2.16,
            "eps_growth_year": -2260,
            "eps_4q": 8.17,
            "eps_4q_growth_year": 2221.7,
            "roe": -10.64,
            "roe_4q": 57,
            "gross_profit": 46298,
            "gross_margin": 65,
            "gross_margin_4q_avg": 79.98,
            "net_income": -105251,
            "revenue": 71229,
            "common_shares": 492945,
            "book_valuer_per_share": 19.11,
            "book_valuer_per_share_4q_avg": 15.38,
            "equity": 942034,
            "current_ratio": 124.23,
            "debt_ratio": 38.41,
            "inventory_turnover_ratio": 14.78,
            "account_receivable_turnover_ratio": 0.39,
            "reinvestment_rate": 131.34,
            "research_to_sale_ratio": 46.04,
            "price_fair": 391.65,
            "eps_avg_yearly": 11.19,
            "eps_latest_yearly": 38.96,
            "eps_growth_yearly": 12607.39
        },
        "20194": {
            "year_quarter": 20194,
            "year": 2019,
            "quarter": 4,
            "eps": -0.85,
            "eps_growth_year": -217.36,
            "eps_4q": 6.61,
            "eps_4q_growth_year": 259.95,
            "roe": -4.86,
            "roe_4q": 44,
            "gross_profit": 133940,
            "gross_margin": 89.82,
            "gross_margin_4q_avg": 79.32,
            "net_income": -42459,
            "revenue": 149116,
            "common_shares": 492945,
            "book_valuer_per_share": 16.33,
            "book_valuer_per_share_4q_avg": 16.92,
            "equity": 804940,
            "current_ratio": 122.62,
            "debt_ratio": 35.03,
            "inventory_turnover_ratio": 9.06,
            "account_receivable_turnover_ratio": 1.09,
            "reinvestment_rate": 102.14,
            "research_to_sale_ratio": 57.92,
            "price_fair": 391.65,
            "eps_avg_yearly": 11.19,
            "eps_latest_yearly": 38.96,
            "eps_growth_yearly": 12607.39
        },
        "20201": {
            "year_quarter": 20201,
            "year": 2020,
            "quarter": 1,
            "eps": 0.68,
            "eps_growth_year": 750,
            "eps_4q": 7.22,
            "eps_4q_growth_year": 1395.59,
            "roe": 3.98,
            "roe_4q": 47.44,
            "gross_profit": 128292,
            "gross_margin": 85.94,
            "gross_margin_4q_avg": 77.55,
            "net_income": 32753,
            "revenue": 149275,
            "common_shares": 492885,
            "book_valuer_per_share": 17.08,
            "book_valuer_per_share_4q_avg": 18.38,
            "equity": 841520,
            "current_ratio": 146.85,
            "debt_ratio": 33.2,
            "inventory_turnover_ratio": 18.17,
            "account_receivable_turnover_ratio": 1.11,
            "reinvestment_rate": 47.37,
            "research_to_sale_ratio": 25.23,
            "price_fair": 391.65,
            "eps_avg_yearly": 11.19,
            "eps_latest_yearly": 38.96,
            "eps_growth_yearly": 12607.39
        },
        "20202": {
            "year_quarter": 20202,
            "year": 2020,
            "quarter": 2,
            "eps": 0.2,
            "eps_growth_year": -97.95,
            "eps_4q": -1.65,
            "eps_4q_growth_year": -115.84,
            "roe": 1.17,
            "roe_4q": -10.350000000000001,
            "gross_profit": 123827,
            "gross_margin": 85.98,
            "gross_margin_4q_avg": 81.69,
            "net_income": 9864,
            "revenue": 144024,
            "common_shares": 492885,
            "book_valuer_per_share": 17.25,
            "book_valuer_per_share_4q_avg": 17.44,
            "equity": 849865,
            "current_ratio": 179.61,
            "debt_ratio": 28.39,
            "inventory_turnover_ratio": 28.94,
            "account_receivable_turnover_ratio": 0.97,
            "reinvestment_rate": 46.03,
            "research_to_sale_ratio": 25.81,
            "price_fair": 318.92,
            "eps_avg_yearly": 9.11,
            "eps_latest_yearly": 0.8,
            "eps_growth_yearly": 10029.44
        },
        "20203": {
            "year_quarter": 20203,
            "year": 2020,
            "quarter": 3,
            "eps": -0.39,
            "eps_growth_year": null,
            "eps_4q": -0.29,
            "eps_4q_growth_year": -103.56,
            "roe": -2.3,
            "roe_4q": -2.0100000000000002,
            "gross_profit": 85470,
            "gross_margin": 80.4,
            "gross_margin_4q_avg": 85.54,
            "net_income": -19338,
            "revenue": 106301,
            "common_shares": 492635,
            "book_valuer_per_share": 16.93,
            "book_valuer_per_share_4q_avg": 16.9,
            "equity": 833808,
            "current_ratio": 189.3,
            "debt_ratio": 27.23,
            "inventory_turnover_ratio": 27.18,
            "account_receivable_turnover_ratio": 0.64,
            "reinvestment_rate": 36.23,
            "research_to_sale_ratio": 29.03,
            "price_fair": 318.92,
            "eps_avg_yearly": 9.11,
            "eps_latest_yearly": 0.8,
            "eps_growth_yearly": 10029.44
        },
        "20204": {
            "year_quarter": 20204,
            "year": 2020,
            "quarter": 4,
            "eps": 0.53,
            "eps_growth_year": null,
            "eps_4q": 0.9,
            "eps_4q_growth_year": -86.36,
            "roe": 3.88,
            "roe_4q": 6.73,
            "gross_profit": 117841,
            "gross_margin": 80.84,
            "gross_margin_4q_avg": 83.29,
            "net_income": 33133,
            "revenue": 145769,
            "common_shares": 630643,
            "book_valuer_per_share": 13.84,
            "book_valuer_per_share_4q_avg": 16.28,
            "equity": 872888,
            "current_ratio": 203.89,
            "debt_ratio": 28.28,
            "inventory_turnover_ratio": 39.73,
            "account_receivable_turnover_ratio": 0.86,
            "reinvestment_rate": 44.25,
            "research_to_sale_ratio": 41.75,
            "price_fair": 318.92,
            "eps_avg_yearly": 9.11,
            "eps_latest_yearly": 0.8,
            "eps_growth_yearly": 10029.44
        },
        "20211": {
            "year_quarter": 20211,
            "year": 2021,
            "quarter": 1,
            "eps": -0.47,
            "eps_growth_year": -169.12,
            "eps_4q": -0.09,
            "eps_4q_growth_year": -101.21,
            "roe": -3.42,
            "roe_4q": -0.6699999999999999,
            "gross_profit": 104615,
            "gross_margin": 90.69,
            "gross_margin_4q_avg": 84.48,
            "net_income": -29525,
            "revenue": 115352,
            "common_shares": 630643,
            "book_valuer_per_share": 13.5,
            "book_valuer_per_share_4q_avg": 15.38,
            "equity": 851234,
            "current_ratio": 147.19,
            "debt_ratio": 31.57,
            "inventory_turnover_ratio": 17.08,
            "account_receivable_turnover_ratio": 1.02,
            "reinvestment_rate": 92.78,
            "research_to_sale_ratio": 37.19,
            "price_fair": 318.92,
            "eps_avg_yearly": 9.11,
            "eps_latest_yearly": 0.8,
            "eps_growth_yearly": 10029.44
        },
        "20212": {
            "year_quarter": 20212,
            "year": 2021,
            "quarter": 2,
            "eps": 0.11,
            "eps_growth_year": -45,
            "eps_4q": -0.14,
            "eps_4q_growth_year": null,
            "roe": 0.81,
            "roe_4q": -1.0299999999999998,
            "gross_profit": 148585,
            "gross_margin": 92.57,
            "gross_margin_4q_avg": 86.13,
            "net_income": 6871,
            "revenue": 160514,
            "common_shares": 630643,
            "book_valuer_per_share": 13.53,
            "book_valuer_per_share_4q_avg": 14.45,
            "equity": 853099,
            "current_ratio": 168.86,
            "debt_ratio": 29.29,
            "inventory_turnover_ratio": 19.96,
            "account_receivable_turnover_ratio": 2.1,
            "reinvestment_rate": 50.96,
            "research_to_sale_ratio": 13.7,
            "price_fair": 376.25,
            "eps_avg_yearly": 10.75,
            "eps_latest_yearly": 0.8,
            "eps_growth_yearly": 12545.37
        },
        "20213": {
            "year_quarter": 20213,
            "year": 2021,
            "quarter": 3,
            "eps": -0.04,
            "eps_growth_year": null,
            "eps_4q": 0.13,
            "eps_4q_growth_year": null,
            "roe": -0.12,
            "roe_4q": 1.15,
            "gross_profit": 73543,
            "gross_margin": 66.45,
            "gross_margin_4q_avg": 82.64,
            "net_income": -1314,
            "revenue": 110680,
            "common_shares": 630643,
            "book_valuer_per_share": 13.4,
            "book_valuer_per_share_4q_avg": 13.57,
            "equity": 1289857,
            "current_ratio": 167.48,
            "debt_ratio": 56.27,
            "inventory_turnover_ratio": 0.88,
            "account_receivable_turnover_ratio": 0.92,
            "reinvestment_rate": -83.99,
            "research_to_sale_ratio": 22.75,
            "price_fair": 376.25,
            "eps_avg_yearly": 10.75,
            "eps_latest_yearly": 0.8,
            "eps_growth_yearly": 12545.37
        },
        "20214": {
            "year_quarter": 20214,
            "year": 2021,
            "quarter": 4,
            "eps": 11.72,
            "eps_growth_year": 2125.46,
            "eps_4q": 11.34,
            "eps_4q_growth_year": 1156.65,
            "roe": 45.13,
            "roe_4q": 42.400000000000006,
            "gross_profit": 75434,
            "gross_margin": 43.64,
            "gross_margin_4q_avg": 73.34,
            "net_income": 773596,
            "revenue": 172860,
            "common_shares": 655869,
            "book_valuer_per_share": 25.41,
            "book_valuer_per_share_4q_avg": 16.46,
            "equity": 2138786,
            "current_ratio": 318.95,
            "debt_ratio": 28.89,
            "inventory_turnover_ratio": 1.21,
            "account_receivable_turnover_ratio": 1.1,
            "reinvestment_rate": 4.67,
            "research_to_sale_ratio": 26.34,
            "price_fair": 376.25,
            "eps_avg_yearly": 10.75,
            "eps_latest_yearly": 0.8,
            "eps_growth_yearly": 12545.37
        },
        "20221": {
            "year_quarter": 20221,
            "year": 2022,
            "quarter": 1,
            "eps": 2.17,
            "eps_growth_year": null,
            "eps_4q": 14.16,
            "eps_4q_growth_year": null,
            "roe": 6.71,
            "roe_4q": 52.53000000000001,
            "gross_profit": 256225,
            "gross_margin": 63.37,
            "gross_margin_4q_avg": 66.51,
            "net_income": 144209,
            "revenue": 404348,
            "common_shares": 655869,
            "book_valuer_per_share": 27.12,
            "book_valuer_per_share_4q_avg": 19.87,
            "equity": 2159288,
            "current_ratio": 189.44,
            "debt_ratio": 40.23,
            "inventory_turnover_ratio": 1.95,
            "account_receivable_turnover_ratio": 2.13,
            "reinvestment_rate": 34.97,
            "research_to_sale_ratio": 6.2,
            "price_fair": 361.76,
            "eps_avg_yearly": 10.34,
            "eps_latest_yearly": 8.68,
            "eps_growth_yearly": 9971.11
        },
        "20222": {
            "year_quarter": 20222,
            "year": 2022,
            "quarter": 2,
            "eps": 0.39,
            "eps_growth_year": 254.55,
            "eps_4q": 11.47,
            "eps_4q_growth_year": null,
            "roe": 1.04,
            "roe_4q": 52.760000000000005,
            "gross_profit": 274379,
            "gross_margin": 39.81,
            "gross_margin_4q_avg": 53.32,
            "net_income": 24906,
            "revenue": 689229,
            "common_shares": 655869,
            "book_valuer_per_share": 25.33,
            "book_valuer_per_share_4q_avg": 22.82,
            "equity": 2632940,
            "current_ratio": 164,
            "debt_ratio": 49.79,
            "inventory_turnover_ratio": 2.54,
            "account_receivable_turnover_ratio": 1.17,
            "reinvestment_rate": 52.62,
            "research_to_sale_ratio": 6.93,
            "price_fair": 310.57,
            "eps_avg_yearly": 8.87,
            "eps_latest_yearly": 1.56,
            "eps_growth_yearly": 8254.57
        },
        "20223": {
            "year_quarter": 20223,
            "year": 2022,
            "quarter": 3,
            "eps": -0.43,
            "eps_growth_year": null,
            "eps_4q": 10.76,
            "eps_4q_growth_year": 8510.35,
            "roe": -1.67,
            "roe_4q": 51.21,
            "gross_profit": 178408,
            "gross_margin": 31.94,
            "gross_margin_4q_avg": 44.69,
            "net_income": -45340,
            "revenue": 558495,
            "common_shares": 852630,
            "book_valuer_per_share": 18.45,
            "book_valuer_per_share_4q_avg": 24.08,
            "equity": 2792778,
            "current_ratio": 196.41,
            "debt_ratio": 41.08,
            "inventory_turnover_ratio": 1.38,
            "account_receivable_turnover_ratio": 0.59,
            "reinvestment_rate": 57.5,
            "research_to_sale_ratio": 9.14,
            "price_fair": 310.57,
            "eps_avg_yearly": 8.87,
            "eps_latest_yearly": 1.56,
            "eps_growth_yearly": 8254.57
        },
        "20224": {
            "year_quarter": 20224,
            "year": 2022,
            "quarter": 4,
            "eps": 6.33,
            "eps_growth_year": -46,
            "eps_4q": 7.98,
            "eps_4q_growth_year": -29.64,
            "roe": 15.25,
            "roe_4q": 21.330000000000002,
            "gross_profit": 188524,
            "gross_margin": 31.42,
            "gross_margin_4q_avg": 41.64,
            "net_income": 447026,
            "revenue": 600062,
            "common_shares": 852630,
            "book_valuer_per_share": 25.3,
            "book_valuer_per_share_4q_avg": 24.05,
            "equity": 3068372,
            "current_ratio": 207.17,
            "debt_ratio": 39.33,
            "inventory_turnover_ratio": 1.58,
            "account_receivable_turnover_ratio": 0.66,
            "reinvestment_rate": 40.48,
            "research_to_sale_ratio": 10.1,
            "price_fair": 352.24,
            "eps_avg_yearly": 10.06,
            "eps_latest_yearly": 1.56,
            "eps_growth_yearly": 9401.49
        },
        "20231": {
            "year_quarter": 20231,
            "year": 2023,
            "quarter": 1,
            "eps": -0.59,
            "eps_growth_year": -127.19,
            "eps_4q": 5.61,
            "eps_4q_growth_year": -60.4,
            "roe": -2.4,
            "roe_4q": 12.219999999999999,
            "gross_profit": 182082,
            "gross_margin": 32.24,
            "gross_margin_4q_avg": 33.85,
            "net_income": -75970,
            "revenue": 564848,
            "common_shares": 852630,
            "book_valuer_per_share": 23.79,
            "book_valuer_per_share_4q_avg": 23.22,
            "equity": 3267558,
            "current_ratio": 109.98,
            "debt_ratio": 53.13,
            "inventory_turnover_ratio": 0.76,
            "account_receivable_turnover_ratio": 0.58,
            "reinvestment_rate": 86.09,
            "research_to_sale_ratio": 7.26,
            "price_fair": 437.5,
            "eps_avg_yearly": 12.5,
            "eps_latest_yearly": 1.56,
            "eps_growth_yearly": 11840.9
        }
    },
    "months": {
        "2001-08": {
            "month": "2001-08",
            "price": "71.97",
            "revenue": 43190
        },
        "2001-09": {
            "month": "2001-09",
            "price": "48.99",
            "revenue": 36419
        },
        "2001-10": {
            "month": "2001-10",
            "price": "37.89",
            "revenue": 10912
        },
        "2001-11": {
            "month": "2001-11",
            "price": "29.70",
            "revenue": 9609
        },
        "2001-12": {
            "month": "2001-12",
            "price": "34.00",
            "revenue": 92385
        },
        "2002-01": {
            "month": "2002-01",
            "price": "41.83",
            "revenue": 45121
        },
        "2002-02": {
            "month": "2002-02",
            "price": "46.34",
            "revenue": 39652
        },
        "2002-03": {
            "month": "2002-03",
            "price": "43.38",
            "revenue": 17039
        },
        "2002-04": {
            "month": "2002-04",
            "price": "37.90",
            "revenue": 6956
        },
        "2002-05": {
            "month": "2002-05",
            "price": "31.16",
            "revenue": 32834
        },
        "2002-06": {
            "month": "2002-06",
            "price": "31.98",
            "revenue": 64783
        },
        "2002-07": {
            "month": "2002-07",
            "price": "34.28",
            "revenue": 60060
        },
        "2002-08": {
            "month": "2002-08",
            "price": "37.30",
            "revenue": 86307
        },
        "2002-09": {
            "month": "2002-09",
            "price": "36.94",
            "revenue": 32480
        },
        "2002-10": {
            "month": "2002-10",
            "price": "30.36",
            "revenue": 32214
        },
        "2002-11": {
            "month": "2002-11",
            "price": "27.00",
            "revenue": 40231
        },
        "2002-12": {
            "month": "2002-12",
            "price": "30.21",
            "revenue": 45751
        },
        "2003-01": {
            "month": "2003-01",
            "price": "37.63",
            "revenue": 92981
        },
        "2003-02": {
            "month": "2003-02",
            "price": "36.92",
            "revenue": 49021
        },
        "2003-03": {
            "month": "2003-03",
            "price": "35.60",
            "revenue": 46034
        },
        "2003-04": {
            "month": "2003-04",
            "price": "33.86",
            "revenue": 44408
        },
        "2003-05": {
            "month": "2003-05",
            "price": "32.34",
            "revenue": 38087
        },
        "2003-06": {
            "month": "2003-06",
            "price": "36.20",
            "revenue": 26269
        },
        "2003-07": {
            "month": "2003-07",
            "price": "41.05",
            "revenue": 102165
        },
        "2003-08": {
            "month": "2003-08",
            "price": "41.53",
            "revenue": 43606
        },
        "2003-09": {
            "month": "2003-09",
            "price": "37.43",
            "revenue": 25483
        },
        "2003-10": {
            "month": "2003-10",
            "price": "32.56",
            "revenue": 43566
        },
        "2003-11": {
            "month": "2003-11",
            "price": "34.28",
            "revenue": 35236
        },
        "2003-12": {
            "month": "2003-12",
            "price": "37.55",
            "revenue": 32490
        },
        "2004-01": {
            "month": "2004-01",
            "price": "39.53",
            "revenue": 56099
        },
        "2004-02": {
            "month": "2004-02",
            "price": "40.25",
            "revenue": 59177
        },
        "2004-03": {
            "month": "2004-03",
            "price": "37.30",
            "revenue": 24644
        },
        "2004-04": {
            "month": "2004-04",
            "price": "36.90",
            "revenue": 50489
        },
        "2004-05": {
            "month": "2004-05",
            "price": "33.68",
            "revenue": 43385
        },
        "2004-06": {
            "month": "2004-06",
            "price": "30.28",
            "revenue": 22795
        },
        "2004-07": {
            "month": "2004-07",
            "price": "25.25",
            "revenue": 40460
        },
        "2004-08": {
            "month": "2004-08",
            "price": "21.86",
            "revenue": 67755
        },
        "2004-09": {
            "month": "2004-09",
            "price": "19.82",
            "revenue": 18098
        },
        "2004-10": {
            "month": "2004-10",
            "price": "18.69",
            "revenue": 35877
        },
        "2004-11": {
            "month": "2004-11",
            "price": "18.10",
            "revenue": 22187
        },
        "2004-12": {
            "month": "2004-12",
            "price": "18.90",
            "revenue": 35293
        },
        "2005-01": {
            "month": "2005-01",
            "price": "20.40",
            "revenue": 30052
        },
        "2005-02": {
            "month": "2005-02",
            "price": "19.82",
            "revenue": 36746
        },
        "2005-03": {
            "month": "2005-03",
            "price": "20.03",
            "revenue": 26850
        },
        "2005-04": {
            "month": "2005-04",
            "price": "18.30",
            "revenue": 37162
        },
        "2005-05": {
            "month": "2005-05",
            "price": "15.45",
            "revenue": 22453
        },
        "2005-06": {
            "month": "2005-06",
            "price": "16.00",
            "revenue": 23528
        },
        "2005-07": {
            "month": "2005-07",
            "price": "16.26",
            "revenue": 52845
        },
        "2005-08": {
            "month": "2005-08",
            "price": "13.45",
            "revenue": 33552
        },
        "2005-09": {
            "month": "2005-09",
            "price": "10.56",
            "revenue": 13153
        },
        "2005-10": {
            "month": "2005-10",
            "price": "9.74",
            "revenue": 21506
        },
        "2005-11": {
            "month": "2005-11",
            "price": "8.89",
            "revenue": 14868
        },
        "2005-12": {
            "month": "2005-12",
            "price": "10.38",
            "revenue": 29506
        },
        "2006-01": {
            "month": "2006-01",
            "price": "10.23",
            "revenue": 49663
        },
        "2006-02": {
            "month": "2006-02",
            "price": "10.07",
            "revenue": 23259
        },
        "2006-03": {
            "month": "2006-03",
            "price": "8.69",
            "revenue": 13845
        },
        "2006-04": {
            "month": "2006-04",
            "price": "8.56",
            "revenue": 41811
        },
        "2006-05": {
            "month": "2006-05",
            "price": "9.45",
            "revenue": 15311
        },
        "2006-06": {
            "month": "2006-06",
            "price": "8.36",
            "revenue": 12057
        },
        "2006-07": {
            "month": "2006-07",
            "price": "7.30",
            "revenue": 38163
        },
        "2006-08": {
            "month": "2006-08",
            "price": "6.89",
            "revenue": 42045
        },
        "2006-09": {
            "month": "2006-09",
            "price": "7.21",
            "revenue": 13238
        },
        "2006-10": {
            "month": "2006-10",
            "price": "10.56",
            "revenue": 17628
        },
        "2006-11": {
            "month": "2006-11",
            "price": "10.02",
            "revenue": 18555
        },
        "2006-12": {
            "month": "2006-12",
            "price": "10.33",
            "revenue": 15593
        },
        "2007-01": {
            "month": "2007-01",
            "price": "13.64",
            "revenue": 24740
        },
        "2007-02": {
            "month": "2007-02",
            "price": "14.67",
            "revenue": 17249
        },
        "2007-03": {
            "month": "2007-03",
            "price": "14.92",
            "revenue": 12674
        },
        "2007-04": {
            "month": "2007-04",
            "price": "18.10",
            "revenue": 16231
        },
        "2007-05": {
            "month": "2007-05",
            "price": "9.82",
            "revenue": 16059
        },
        "2007-06": {
            "month": "2007-06",
            "price": "9.16",
            "revenue": 10630
        },
        "2007-07": {
            "month": "2007-07",
            "price": "11.49",
            "revenue": 49222
        },
        "2007-08": {
            "month": "2007-08",
            "price": "11.97",
            "revenue": 23136
        },
        "2007-09": {
            "month": "2007-09",
            "price": "9.83",
            "revenue": 15922
        },
        "2007-10": {
            "month": "2007-10",
            "price": "9.37",
            "revenue": 14577
        },
        "2007-11": {
            "month": "2007-11",
            "price": "9.20",
            "revenue": 20821
        },
        "2007-12": {
            "month": "2007-12",
            "price": "9.62",
            "revenue": 51541
        },
        "2008-01": {
            "month": "2008-01",
            "price": "17.50",
            "revenue": 18326
        },
        "2008-02": {
            "month": "2008-02",
            "price": "16.73",
            "revenue": 14415
        },
        "2008-03": {
            "month": "2008-03",
            "price": "14.99",
            "revenue": 8273
        },
        "2008-04": {
            "month": "2008-04",
            "price": "13.50",
            "revenue": 13586
        },
        "2008-05": {
            "month": "2008-05",
            "price": "15.00",
            "revenue": 14123
        },
        "2008-06": {
            "month": "2008-06",
            "price": "14.24",
            "revenue": 18658
        },
        "2008-07": {
            "month": "2008-07",
            "price": "13.38",
            "revenue": 23765
        },
        "2008-08": {
            "month": "2008-08",
            "price": "12.88",
            "revenue": 13495
        },
        "2008-09": {
            "month": "2008-09",
            "price": "10.09",
            "revenue": 9595
        },
        "2008-10": {
            "month": "2008-10",
            "price": "10.38",
            "revenue": 11999
        },
        "2008-11": {
            "month": "2008-11",
            "price": "9.81",
            "revenue": 10690
        },
        "2008-12": {
            "month": "2008-12",
            "price": "13.73",
            "revenue": 9895
        },
        "2009-01": {
            "month": "2009-01",
            "price": "20.18",
            "revenue": 14236
        },
        "2009-02": {
            "month": "2009-02",
            "price": "18.86",
            "revenue": 11798
        },
        "2009-03": {
            "month": "2009-03",
            "price": "14.14",
            "revenue": 9760
        },
        "2009-04": {
            "month": "2009-04",
            "price": "20.47",
            "revenue": 62033
        },
        "2009-05": {
            "month": "2009-05",
            "price": "34.97",
            "revenue": 27975
        },
        "2009-06": {
            "month": "2009-06",
            "price": "34.68",
            "revenue": 27509
        },
        "2009-07": {
            "month": "2009-07",
            "price": "36.58",
            "revenue": 19804
        },
        "2009-08": {
            "month": "2009-08",
            "price": "32.13",
            "revenue": 18513
        },
        "2009-09": {
            "month": "2009-09",
            "price": "29.03",
            "revenue": 16925
        },
        "2009-10": {
            "month": "2009-10",
            "price": "31.56",
            "revenue": 13629
        },
        "2009-11": {
            "month": "2009-11",
            "price": "33.10",
            "revenue": 12845
        },
        "2009-12": {
            "month": "2009-12",
            "price": "35.32",
            "revenue": 12695
        },
        "2010-01": {
            "month": "2010-01",
            "price": "38.64",
            "revenue": 38134
        },
        "2010-02": {
            "month": "2010-02",
            "price": "37.68",
            "revenue": 15826
        },
        "2010-03": {
            "month": "2010-03",
            "price": "39.46",
            "revenue": 13280
        },
        "2010-04": {
            "month": "2010-04",
            "price": "44.15",
            "revenue": 12824
        },
        "2010-05": {
            "month": "2010-05",
            "price": "42.80",
            "revenue": 10695
        },
        "2010-06": {
            "month": "2010-06",
            "price": "42.04",
            "revenue": 10621
        },
        "2010-07": {
            "month": "2010-07",
            "price": "41.41",
            "revenue": 17429
        },
        "2010-08": {
            "month": "2010-08",
            "price": "40.06",
            "revenue": 41336
        },
        "2010-09": {
            "month": "2010-09",
            "price": "35.95",
            "revenue": 7947
        },
        "2010-10": {
            "month": "2010-10",
            "price": "31.68",
            "revenue": 22420
        },
        "2010-11": {
            "month": "2010-11",
            "price": "29.73",
            "revenue": 7209
        },
        "2010-12": {
            "month": "2010-12",
            "price": "28.54",
            "revenue": 10301
        },
        "2011-01": {
            "month": "2011-01",
            "price": "25.23",
            "revenue": 14618
        },
        "2011-02": {
            "month": "2011-02",
            "price": "26.15",
            "revenue": 9920
        },
        "2011-03": {
            "month": "2011-03",
            "price": "22.63",
            "revenue": 7102
        },
        "2011-04": {
            "month": "2011-04",
            "price": "23.25",
            "revenue": 14041
        },
        "2011-05": {
            "month": "2011-05",
            "price": "21.19",
            "revenue": 8804
        },
        "2011-06": {
            "month": "2011-06",
            "price": "21.27",
            "revenue": 9766
        },
        "2011-07": {
            "month": "2011-07",
            "price": "20.49",
            "revenue": 47111
        },
        "2011-08": {
            "month": "2011-08",
            "price": "20.68",
            "revenue": 12180
        },
        "2011-09": {
            "month": "2011-09",
            "price": "20.25",
            "revenue": 5583
        },
        "2011-10": {
            "month": "2011-10",
            "price": "20.07",
            "revenue": 10012
        },
        "2011-11": {
            "month": "2011-11",
            "price": "19.79",
            "revenue": 12466
        },
        "2011-12": {
            "month": "2011-12",
            "price": "19.75",
            "revenue": 8110
        },
        "2012-01": {
            "month": "2012-01",
            "price": "19.47",
            "revenue": 14221
        },
        "2012-02": {
            "month": "2012-02",
            "price": "22.69",
            "revenue": 9278
        },
        "2012-03": {
            "month": "2012-03",
            "price": "20.83",
            "revenue": 10057
        },
        "2012-04": {
            "month": "2012-04",
            "price": "20.06",
            "revenue": 10476
        },
        "2012-05": {
            "month": "2012-05",
            "price": "19.32",
            "revenue": 10319
        },
        "2012-06": {
            "month": "2012-06",
            "price": "17.59",
            "revenue": 9755
        },
        "2012-07": {
            "month": "2012-07",
            "price": "19.02",
            "revenue": 16216
        },
        "2012-08": {
            "month": "2012-08",
            "price": "19.24",
            "revenue": 8382
        },
        "2012-09": {
            "month": "2012-09",
            "price": "15.08",
            "revenue": 5828
        },
        "2012-10": {
            "month": "2012-10",
            "price": "16.17",
            "revenue": 6334
        },
        "2012-11": {
            "month": "2012-11",
            "price": "15.51",
            "revenue": 5856
        },
        "2012-12": {
            "month": "2012-12",
            "price": "13.65",
            "revenue": 9191
        },
        "2013-01": {
            "month": "2013-01",
            "price": "13.47",
            "revenue": 63948
        },
        "2013-02": {
            "month": "2013-02",
            "price": "14.25",
            "revenue": 19425
        },
        "2013-03": {
            "month": "2013-03",
            "price": "14.45",
            "revenue": 37093
        },
        "2013-04": {
            "month": "2013-04",
            "price": "14.84",
            "revenue": 9708
        },
        "2013-05": {
            "month": "2013-05",
            "price": "15.05",
            "revenue": 9202
        },
        "2013-06": {
            "month": "2013-06",
            "price": "14.58",
            "revenue": 7719
        },
        "2013-07": {
            "month": "2013-07",
            "price": "13.89",
            "revenue": 14637
        },
        "2013-08": {
            "month": "2013-08",
            "price": "12.73",
            "revenue": 53311
        },
        "2013-09": {
            "month": "2013-09",
            "price": "9.34",
            "revenue": 31116
        },
        "2013-10": {
            "month": "2013-10",
            "price": "12.60",
            "revenue": 17787
        },
        "2013-11": {
            "month": "2013-11",
            "price": "14.76",
            "revenue": 24803
        },
        "2013-12": {
            "month": "2013-12",
            "price": "15.99",
            "revenue": 7971
        },
        "2014-01": {
            "month": "2014-01",
            "price": "24.27",
            "revenue": 13605
        },
        "2014-02": {
            "month": "2014-02",
            "price": "41.12",
            "revenue": 13180
        },
        "2014-03": {
            "month": "2014-03",
            "price": "46.10",
            "revenue": 6545
        },
        "2014-04": {
            "month": "2014-04",
            "price": "56.56",
            "revenue": 55127
        },
        "2014-05": {
            "month": "2014-05",
            "price": "67.17",
            "revenue": 26591
        },
        "2014-06": {
            "month": "2014-06",
            "price": "77.74",
            "revenue": 13144
        },
        "2014-07": {
            "month": "2014-07",
            "price": "74.80",
            "revenue": 30758
        },
        "2014-08": {
            "month": "2014-08",
            "price": "69.78",
            "revenue": 31334
        },
        "2014-09": {
            "month": "2014-09",
            "price": "70.10",
            "revenue": 45181
        },
        "2014-10": {
            "month": "2014-10",
            "price": "79.22",
            "revenue": 37893
        },
        "2014-11": {
            "month": "2014-11",
            "price": "73.78",
            "revenue": 31447
        },
        "2014-12": {
            "month": "2014-12",
            "price": "81.47",
            "revenue": 26934
        },
        "2015-01": {
            "month": "2015-01",
            "price": "80.82",
            "revenue": 40709
        },
        "2015-02": {
            "month": "2015-02",
            "price": "77.92",
            "revenue": 45446
        },
        "2015-03": {
            "month": "2015-03",
            "price": "73.47",
            "revenue": 89068
        },
        "2015-04": {
            "month": "2015-04",
            "price": "75.72",
            "revenue": 70024
        },
        "2015-05": {
            "month": "2015-05",
            "price": "75.12",
            "revenue": 37355
        },
        "2015-06": {
            "month": "2015-06",
            "price": "71.61",
            "revenue": 40937
        },
        "2015-07": {
            "month": "2015-07",
            "price": "68.61",
            "revenue": 107441
        },
        "2015-08": {
            "month": "2015-08",
            "price": "69.47",
            "revenue": 74079
        },
        "2015-09": {
            "month": "2015-09",
            "price": "75.78",
            "revenue": 104988
        },
        "2015-10": {
            "month": "2015-10",
            "price": "80.42",
            "revenue": 40418
        },
        "2015-11": {
            "month": "2015-11",
            "price": "92.08",
            "revenue": 41536
        },
        "2015-12": {
            "month": "2015-12",
            "price": "115.97",
            "revenue": 64012
        },
        "2016-01": {
            "month": "2016-01",
            "price": "107.53",
            "revenue": 42196
        },
        "2016-02": {
            "month": "2016-02",
            "price": "107.52",
            "revenue": 41430
        },
        "2016-03": {
            "month": "2016-03",
            "price": "106.17",
            "revenue": 44910
        },
        "2016-04": {
            "month": "2016-04",
            "price": "110.66",
            "revenue": 48735
        },
        "2016-05": {
            "month": "2016-05",
            "price": "90.40",
            "revenue": 73028
        },
        "2016-06": {
            "month": "2016-06",
            "price": "93.05",
            "revenue": 103574
        },
        "2016-07": {
            "month": "2016-07",
            "price": "92.52",
            "revenue": 60265
        },
        "2016-08": {
            "month": "2016-08",
            "price": "94.46",
            "revenue": 52659
        },
        "2016-09": {
            "month": "2016-09",
            "price": "112.81",
            "revenue": 58570
        },
        "2016-10": {
            "month": "2016-10",
            "price": "125.02",
            "revenue": 62362
        },
        "2016-11": {
            "month": "2016-11",
            "price": "116.30",
            "revenue": 73280
        },
        "2016-12": {
            "month": "2016-12",
            "price": "117.20",
            "revenue": 40055
        },
        "2017-01": {
            "month": "2017-01",
            "price": "114.59",
            "revenue": 77256
        },
        "2017-02": {
            "month": "2017-02",
            "price": "115.39",
            "revenue": 59551
        },
        "2017-03": {
            "month": "2017-03",
            "price": "119.15",
            "revenue": 56115
        },
        "2017-04": {
            "month": "2017-04",
            "price": "128.97",
            "revenue": 50460
        },
        "2017-05": {
            "month": "2017-05",
            "price": "187.88",
            "revenue": 102161
        },
        "2017-06": {
            "month": "2017-06",
            "price": "199.09",
            "revenue": 96635
        },
        "2017-07": {
            "month": "2017-07",
            "price": "95.11",
            "revenue": 63689
        },
        "2017-08": {
            "month": "2017-08",
            "price": "82.72",
            "revenue": 67603
        },
        "2017-09": {
            "month": "2017-09",
            "price": "81.09",
            "revenue": 72917
        },
        "2017-10": {
            "month": "2017-10",
            "price": "93.28",
            "revenue": 46774
        },
        "2017-11": {
            "month": "2017-11",
            "price": "86.93",
            "revenue": 46116
        },
        "2017-12": {
            "month": "2017-12",
            "price": "83.00",
            "revenue": 49613
        },
        "2018-01": {
            "month": "2018-01",
            "price": "88.71",
            "revenue": 47497
        },
        "2018-02": {
            "month": "2018-02",
            "price": "83.17",
            "revenue": 46038
        },
        "2018-03": {
            "month": "2018-03",
            "price": "84.08",
            "revenue": 160607
        },
        "2018-04": {
            "month": "2018-04",
            "price": "84.51",
            "revenue": 47930
        },
        "2018-05": {
            "month": "2018-05",
            "price": "98.97",
            "revenue": 43411
        },
        "2018-06": {
            "month": "2018-06",
            "price": "124.22",
            "revenue": 45437
        },
        "2018-07": {
            "month": "2018-07",
            "price": "114.50",
            "revenue": 47062
        },
        "2018-08": {
            "month": "2018-08",
            "price": "121.57",
            "revenue": 30824
        },
        "2018-09": {
            "month": "2018-09",
            "price": "118.79",
            "revenue": 90178
        },
        "2018-10": {
            "month": "2018-10",
            "price": "116.85",
            "revenue": 43984
        },
        "2018-11": {
            "month": "2018-11",
            "price": "100.63",
            "revenue": 84344
        },
        "2018-12": {
            "month": "2018-12",
            "price": "104.50",
            "revenue": 168932
        },
        "2019-01": {
            "month": "2019-01",
            "price": "117.57",
            "revenue": 32718
        },
        "2019-02": {
            "month": "2019-02",
            "price": "134.62",
            "revenue": 133963
        },
        "2019-03": {
            "month": "2019-03",
            "price": "144.98",
            "revenue": 65312
        },
        "2019-04": {
            "month": "2019-04",
            "price": "108.93",
            "revenue": 48688
        },
        "2019-05": {
            "month": "2019-05",
            "price": "93.74",
            "revenue": 37446
        },
        "2019-06": {
            "month": "2019-06",
            "price": "94.07",
            "revenue": 27082
        },
        "2019-07": {
            "month": "2019-07",
            "price": "96.73",
            "revenue": 24113
        },
        "2019-08": {
            "month": "2019-08",
            "price": "95.30",
            "revenue": 21122
        },
        "2019-09": {
            "month": "2019-09",
            "price": "102.73",
            "revenue": 25995
        },
        "2019-10": {
            "month": "2019-10",
            "price": "111.69",
            "revenue": 54684
        },
        "2019-11": {
            "month": "2019-11",
            "price": "101.38",
            "revenue": 48153
        },
        "2019-12": {
            "month": "2019-12",
            "price": "94.02",
            "revenue": 46282
        },
        "2020-01": {
            "month": "2020-01",
            "price": "92.51",
            "revenue": 55835
        },
        "2020-02": {
            "month": "2020-02",
            "price": "91.62",
            "revenue": 46092
        },
        "2020-03": {
            "month": "2020-03",
            "price": "63.66",
            "revenue": 47347
        },
        "2020-04": {
            "month": "2020-04",
            "price": "62.08",
            "revenue": 36213
        },
        "2020-05": {
            "month": "2020-05",
            "price": "70.95",
            "revenue": 25201
        },
        "2020-06": {
            "month": "2020-06",
            "price": "76.52",
            "revenue": 82315
        },
        "2020-07": {
            "month": "2020-07",
            "price": "81.43",
            "revenue": 22933
        },
        "2020-08": {
            "month": "2020-08",
            "price": "76.04",
            "revenue": 45973
        },
        "2020-09": {
            "month": "2020-09",
            "price": "76.31",
            "revenue": 37690
        },
        "2020-10": {
            "month": "2020-10",
            "price": "82.39",
            "revenue": 66680
        },
        "2020-11": {
            "month": "2020-11",
            "price": "71.67",
            "revenue": 37209
        },
        "2020-12": {
            "month": "2020-12",
            "price": "70.40",
            "revenue": 41596
        },
        "2021-01": {
            "month": "2021-01",
            "price": "70.88",
            "revenue": 48941
        },
        "2021-02": {
            "month": "2021-02",
            "price": "67.07",
            "revenue": 23732
        },
        "2021-03": {
            "month": "2021-03",
            "price": "64.37",
            "revenue": 44769
        },
        "2021-04": {
            "month": "2021-04",
            "price": "65.11",
            "revenue": 48735
        },
        "2021-05": {
            "month": "2021-05",
            "price": "60.72",
            "revenue": 39787
        },
        "2021-06": {
            "month": "2021-06",
            "price": "62.85",
            "revenue": 69821
        },
        "2021-07": {
            "month": "2021-07",
            "price": "76.26",
            "revenue": 24242
        },
        "2021-08": {
            "month": "2021-08",
            "price": "73.14",
            "revenue": 30445
        },
        "2021-09": {
            "month": "2021-09",
            "price": "70.89",
            "revenue": 59078
        },
        "2021-10": {
            "month": "2021-10",
            "price": "63.90",
            "revenue": 52930
        },
        "2021-11": {
            "month": "2021-11",
            "price": "65.86",
            "revenue": 54859
        },
        "2021-12": {
            "month": "2021-12",
            "price": "82.95",
            "revenue": 62066
        },
        "2022-01": {
            "month": "2022-01",
            "price": "91.29",
            "revenue": 224137
        },
        "2022-02": {
            "month": "2022-02",
            "price": "85.54",
            "revenue": 80868
        },
        "2022-03": {
            "month": "2022-03",
            "price": "93.27",
            "revenue": 99441
        },
        "2022-04": {
            "month": "2022-04",
            "price": "85.73",
            "revenue": 203074
        },
        "2022-05": {
            "month": "2022-05",
            "price": "83.39",
            "revenue": 165816
        },
        "2022-06": {
            "month": "2022-06",
            "price": "85.52",
            "revenue": 317045
        },
        "2022-07": {
            "month": "2022-07",
            "price": "79.21",
            "revenue": 141983
        },
        "2022-08": {
            "month": "2022-08",
            "price": "80.51",
            "revenue": 164339
        },
        "2022-09": {
            "month": "2022-09",
            "price": "63.50",
            "revenue": 255370
        },
        "2022-10": {
            "month": "2022-10",
            "price": "45.23",
            "revenue": 151317
        },
        "2022-11": {
            "month": "2022-11",
            "price": "48.65",
            "revenue": 190936
        },
        "2022-12": {
            "month": "2022-12",
            "price": "56.42",
            "revenue": 289430
        },
        "2023-01": {
            "month": "2023-01",
            "price": "65.05",
            "revenue": 113321
        },
        "2023-02": {
            "month": "2023-02",
            "price": "61.14",
            "revenue": 103778
        },
        "2023-03": {
            "month": "2023-03",
            "price": "58.54",
            "revenue": 348027
        },
        "2023-04": {
            "month": "2023-04",
            "price": "65.91",
            "revenue": 286696
        },
        "2023-05": {
            "month": "2023-05",
            "price": "85.75",
            "revenue": 345538
        }
    }
}
