{
    "summary": {
        "stock_name": "邁達特",
        "stock_id": "6112",
        "category": "資訊服務",
        "main_business": "資通訊基礎架構 數據運算及運用 數位化整合 雲端應用軟體及服務<br>其他產品",
        "website_url": "https://www.metaage.com.tw/",
        "ceo": "楊敦凱",
        "pe_ratio": 22,
        "report_year_from": 2001,
        "report_year_to": 2023,
        "age": 23,
        "eps_negative_percentage": 0,
        "eps_growth_avg": {
            "last_all": 3.11,
            "last_2y": 0.76,
            "last_4y": 0.43,
            "last_8y": 1.82,
            "last_12y": 4.2,
            "last_16y": 8.91,
            "last_20y": 6.63,
            "at_2006_last_3y": -3.05,
            "at_2007_last_3y": 38.17,
            "at_2008_last_3y": 19.4,
            "at_2009_last_3y": 35.88,
            "at_2010_last_3y": 24.21,
            "at_2011_last_3y": 9.41,
            "at_2012_last_3y": 19.62,
            "at_2013_last_3y": 22.69,
            "at_2014_last_3y": 9.56,
            "at_2015_last_3y": 0.24,
            "at_2016_last_3y": -1.3,
            "at_2017_last_3y": 3.13,
            "at_2018_last_3y": 3.54,
            "at_2019_last_3y": 2.83,
            "at_2020_last_3y": 4.07,
            "at_2021_last_3y": 1.87,
            "at_2022_last_3y": -5.85,
            "at_2023_last_3y": 2.42,
            "at_2024_last_3y": 2.42,
            "at_2006_last_all": -16.6,
            "at_2007_last_all": 1.47,
            "at_2008_last_all": -3.35,
            "at_2009_last_all": -4.94,
            "at_2010_last_all": 1.54,
            "at_2011_last_all": 4.64,
            "at_2012_last_all": 5,
            "at_2013_last_all": 4.27,
            "at_2014_last_all": 4,
            "at_2015_last_all": 3.39,
            "at_2016_last_all": 3.32,
            "at_2017_last_all": 3.99,
            "at_2018_last_all": 3.9,
            "at_2019_last_all": 3.26,
            "at_2020_last_all": 3.48,
            "at_2021_last_all": 3.56,
            "at_2022_last_all": 2.04,
            "at_2023_last_all": 3.11,
            "at_2024_last_all": 3.11
        },
        "latest_eps": 3.23,
        "latest_price": 71.9,
        "latest_roe": 14.04,
        "latest_gross_margin": 16.54,
        "latest_equity": 4540683,
        "latest_revenue": 3615400,
        "latest_gross_profit": 597901,
        "latest_net_income": 137951,
        "latest_debt_ratio": 54.77,
        "latest_current_ratio": 152.26,
        "latest_account_receivable_turnover_ratio": 1.23,
        "latest_inventory_turnover_ratio": 0.91,
        "latest_reinvestment_rate": 26.24,
        "latest_research_to_sale_ratio": 0.32
    },
    "eps_dividends": {
        "1999": {
            "cash": 0,
            "stock": 1.09,
            "eps": 0
        },
        "2000": {
            "cash": 0,
            "stock": 3.25,
            "eps": 0
        },
        "2001": {
            "cash": 0.6,
            "stock": 4,
            "eps": 4.45
        },
        "2002": {
            "cash": 0.75,
            "stock": 1.5,
            "eps": 1.3
        },
        "2003": {
            "cash": 0.5,
            "stock": 0.5,
            "eps": 0.35
        },
        "2004": {
            "cash": 0.25,
            "stock": 0,
            "eps": 0.5
        },
        "2005": {
            "cash": 0.25,
            "stock": 0,
            "eps": 0.09
        },
        "2006": {
            "cash": 0.1,
            "stock": 0,
            "eps": 1.1
        },
        "2007": {
            "cash": 0.9,
            "stock": 0,
            "eps": 2.11
        },
        "2008": {
            "cash": 1,
            "stock": 1,
            "eps": 1.43
        },
        "2009": {
            "cash": 1.2,
            "stock": 0,
            "eps": 1.2
        },
        "2010": {
            "cash": 1.2,
            "stock": 0.8,
            "eps": 1.84
        },
        "2011": {
            "cash": 3.5,
            "stock": 2,
            "eps": 2.44
        },
        "2012": {
            "cash": 0,
            "stock": 0,
            "eps": 2.65
        },
        "2013": {
            "cash": 2.5,
            "stock": 0.5,
            "eps": 2.55
        },
        "2014": {
            "cash": 2,
            "stock": 1,
            "eps": 2.57
        },
        "2015": {
            "cash": 2,
            "stock": 0,
            "eps": 2.45
        },
        "2016": {
            "cash": 1.5,
            "stock": 0.5,
            "eps": 2.51
        },
        "2017": {
            "cash": 1.5,
            "stock": 0.5,
            "eps": 2.86
        },
        "2018": {
            "cash": 1.5,
            "stock": 1,
            "eps": 2.93
        },
        "2019": {
            "cash": 1.5,
            "stock": 1,
            "eps": 2.71
        },
        "2020": {
            "cash": 3,
            "stock": 0,
            "eps": 2.91
        },
        "2021": {
            "cash": 2.5,
            "stock": 0,
            "eps": 3.06
        },
        "2022": {
            "cash": 2.5,
            "stock": 0,
            "eps": 2.19
        },
        "2023": {
            "cash": 2,
            "stock": 0,
            "eps": 2.75
        }
    },
    "dividends": {
        "1999-04-01": {
            "cash": 0,
            "stock": 1.09
        },
        "2000-04-10": {
            "cash": 0,
            "stock": 3.25
        },
        "2001-03-27": {
            "cash": 0.6,
            "stock": 4
        },
        "2002-05-27": {
            "cash": 0.75,
            "stock": 1.5
        },
        "2003-02-19": {
            "cash": 0.5,
            "stock": 0.5
        },
        "2004-03-16": {
            "cash": 0.25,
            "stock": 0
        },
        "2005-03-21": {
            "cash": 0.25,
            "stock": 0
        },
        "2006-03-09": {
            "cash": 0.1,
            "stock": 0
        },
        "2007-03-16": {
            "cash": 0.9,
            "stock": 0
        },
        "2008-03-11": {
            "cash": 1,
            "stock": 1
        },
        "2009-03-12": {
            "cash": 1.2,
            "stock": 0
        },
        "2010-03-16": {
            "cash": 1.2,
            "stock": 0.8
        },
        "2011-01-01": {
            "cash": 2,
            "stock": 1
        },
        "2011-03-15": {
            "cash": 1.5,
            "stock": 1
        },
        "2013-03-28": {
            "cash": 2.5,
            "stock": 0.5
        },
        "2014-09-05": {
            "cash": 2,
            "stock": 1
        },
        "2015-08-10": {
            "cash": 2,
            "stock": 0
        },
        "2016-08-18": {
            "cash": 1.5,
            "stock": 0.5
        },
        "2017-09-18": {
            "cash": 1.5,
            "stock": 0.5
        },
        "2018-08-31": {
            "cash": 1.5,
            "stock": 1
        },
        "2019-08-08": {
            "cash": 1.5,
            "stock": 1
        },
        "2020-07-10": {
            "cash": 3,
            "stock": 0
        },
        "2021-08-17": {
            "cash": 2.5,
            "stock": 0
        },
        "2022-08-05": {
            "cash": 2.5,
            "stock": 0
        },
        "2023-08-15": {
            "cash": 2,
            "stock": 0
        }
    },
    "prices": {
        "200101": "無",
        "200102": "無",
        "200103": "無",
        "200104": "無",
        "200105": "無",
        "200106": "無",
        "200107": "無",
        "200108": "66.56",
        "200109": "42.34",
        "200110": "43.13",
        "200111": "49.58",
        "200112": "64.79",
        "200201": "69.57",
        "200202": "67.08",
        "200203": "59.64",
        "200204": "54.20",
        "200205": "40.29",
        "200206": "35.86",
        "200207": "31.60",
        "200208": "27.07",
        "200209": "22.92",
        "200210": "19.79",
        "200211": "18.38",
        "200212": "15.90",
        "200301": "17.16",
        "200302": "16.32",
        "200303": "15.39",
        "200304": "14.60",
        "200305": "12.73",
        "200306": "15.10",
        "200307": "16.16",
        "200308": "14.87",
        "200309": "13.68",
        "200310": "13.92",
        "200311": "13.52",
        "200312": "13.32",
        "200401": "14.77",
        "200402": "15.84",
        "200403": "15.09",
        "200404": "13.60",
        "200405": "11.20",
        "200406": "10.31",
        "200407": "9.28",
        "200408": "10.13",
        "200409": "9.39",
        "200410": "9.31",
        "200411": "9.21",
        "200412": "8.69",
        "200501": "8.36",
        "200502": "8.88",
        "200503": "9.11",
        "200504": "8.49",
        "200505": "8.52",
        "200506": "10.29",
        "200507": "11.92",
        "200508": "10.61",
        "200509": "10.88",
        "200510": "9.66",
        "200511": "9.35",
        "200512": "10.04",
        "200601": "10.50",
        "200602": "9.49",
        "200603": "9.87",
        "200604": "11.27",
        "200605": "13.20",
        "200606": "12.97",
        "200607": "13.84",
        "200608": "12.88",
        "200609": "11.92",
        "200610": "12.72",
        "200611": "13.83",
        "200612": "15.90",
        "200701": "19.72",
        "200702": "18.55",
        "200703": "20.10",
        "200704": "20.26",
        "200705": "20.47",
        "200706": "24.91",
        "200707": "26.68",
        "200708": "24.76",
        "200709": "24.69",
        "200710": "24.45",
        "200711": "20.24",
        "200712": "18.36",
        "200801": "17.46",
        "200802": "17.62",
        "200803": "19.21",
        "200804": "21.98",
        "200805": "24.35",
        "200806": "22.94",
        "200807": "19.97",
        "200808": "17.27",
        "200809": "14.04",
        "200810": "13.50",
        "200811": "10.63",
        "200812": "10.05",
        "200901": "10.11",
        "200902": "10.20",
        "200903": "12.05",
        "200904": "13.85",
        "200905": "15.15",
        "200906": "15.88",
        "200907": "15.72",
        "200908": "15.16",
        "200909": "15.41",
        "200910": "16.80",
        "200911": "18.06",
        "200912": "25.80",
        "201001": "25.82",
        "201002": "22.04",
        "201003": "25.20",
        "201004": "26.72",
        "201005": "24.54",
        "201006": "24.22",
        "201007": "27.33",
        "201008": "23.55",
        "201009": "22.45",
        "201010": "22.01",
        "201011": "21.44",
        "201012": "21.90",
        "201101": "21.72",
        "201102": "21.70",
        "201103": "23.02",
        "201104": "25.69",
        "201105": "26.43",
        "201106": "27.07",
        "201107": "27.97",
        "201108": "23.18",
        "201109": "22.23",
        "201110": "22.34",
        "201111": "21.68",
        "201112": "21.25",
        "201201": "21.60",
        "201202": "24.29",
        "201203": "27.50",
        "201204": "28.70",
        "201205": "29.14",
        "201206": "29.45",
        "201207": "30.97",
        "201208": "27.68",
        "201209": "27.54",
        "201210": "26.08",
        "201211": "25.51",
        "201212": "26.86",
        "201301": "28.70",
        "201302": "29.28",
        "201303": "30.67",
        "201304": "32.65",
        "201305": "32.85",
        "201306": "32.14",
        "201307": "32.05",
        "201308": "29.45",
        "201309": "29.84",
        "201310": "30.35",
        "201311": "30.54",
        "201312": "30.70",
        "201401": "32.20",
        "201402": "32.46",
        "201403": "33.24",
        "201404": "36.38",
        "201405": "36.67",
        "201406": "38.86",
        "201407": "39.24",
        "201408": "34.66",
        "201409": "35.31",
        "201410": "34.21",
        "201411": "34.17",
        "201412": "34.89",
        "201501": "35.66",
        "201502": "35.78",
        "201503": "36.48",
        "201504": "33.01",
        "201505": "31.02",
        "201506": "29.74",
        "201507": "28.21",
        "201508": "26.02",
        "201509": "26.39",
        "201510": "27.86",
        "201511": "28.04",
        "201512": "26.57",
        "201601": "25.15",
        "201602": "26.15",
        "201603": "27.95",
        "201604": "27.46",
        "201605": "27.20",
        "201606": "27.51",
        "201607": "27.45",
        "201608": "26.64",
        "201609": "26.30",
        "201610": "26.18",
        "201611": "26.18",
        "201612": "26.67",
        "201701": "27.03",
        "201702": "28.33",
        "201703": "29.49",
        "201704": "29.51",
        "201705": "29.66",
        "201706": "30.57",
        "201707": "31.10",
        "201708": "29.87",
        "201709": "29.02",
        "201710": "29.07",
        "201711": "29.17",
        "201712": "29.25",
        "201801": "30.84",
        "201802": "31.21",
        "201803": "32.33",
        "201804": "34.02",
        "201805": "34.85",
        "201806": "36.38",
        "201807": "36.22",
        "201808": "31.78",
        "201809": "30.61",
        "201810": "29.24",
        "201811": "29.16",
        "201812": "29.61",
        "201901": "30.59",
        "201902": "32.18",
        "201903": "34.94",
        "201904": "35.70",
        "201905": "36.15",
        "201906": "36.21",
        "201907": "33.28",
        "201908": "34.05",
        "201909": "34.34",
        "201910": "33.27",
        "201911": "34.13",
        "201912": "34.47",
        "202001": "33.82",
        "202002": "33.19",
        "202003": "33.07",
        "202004": "34.52",
        "202005": "39.20",
        "202006": "43.24",
        "202007": "42.90",
        "202008": "41.40",
        "202009": "39.16",
        "202010": "39.16",
        "202011": "39.82",
        "202012": "42.96",
        "202101": "43.84",
        "202102": "43.95",
        "202103": "44.49",
        "202104": "42.93",
        "202105": "41.19",
        "202106": "41.70",
        "202107": "42.40",
        "202108": "39.02",
        "202109": "38.92",
        "202110": "38.36",
        "202111": "38.64",
        "202112": "39.02",
        "202201": "38.76",
        "202202": "38.89",
        "202203": "39.12",
        "202204": "39.00",
        "202205": "35.85",
        "202206": "35.87",
        "202207": "34.10",
        "202208": "34.72",
        "202209": "33.60",
        "202210": "31.50",
        "202211": "31.90",
        "202212": "32.55",
        "202301": "33.34",
        "202302": "37.33",
        "202303": "40.16",
        "202304": "44.69",
        "202305": "65.05",
        "202306": "69.12",
        "202307": "71.46",
        "202308": "64.27",
        "202309": "62.34",
        "202310": "64.09",
        "202311": "66.25",
        "202312": "70.82"
    },
    "quarters": {
        "20011": {
            "year_quarter": 20011,
            "year": 2001,
            "quarter": 1,
            "eps": 1.38,
            "eps_growth_year": -17.86,
            "eps_4q": 5.07,
            "eps_4q_growth_year": null,
            "roe": 4.41,
            "roe_4q": 4.41,
            "gross_profit": 110778,
            "gross_margin": 21.54,
            "gross_margin_4q_avg": 21.54,
            "net_income": 45404,
            "net_income_4q": null,
            "revenue": 514266,
            "revenue_4q": null,
            "common_shares": 330000,
            "book_valuer_per_share": 31.85,
            "book_valuer_per_share_4q_avg": 31.85,
            "equity": 1051190,
            "current_ratio": 296.25,
            "debt_ratio": 30.5,
            "inventory_turnover_ratio": 0.9,
            "account_receivable_turnover_ratio": null,
            "reinvestment_rate": null,
            "research_to_sale_ratio": null,
            "price_fair": 0,
            "eps_avg_yearly": 0,
            "eps_latest_yearly": 0,
            "eps_growth_yearly": 0
        },
        "20012": {
            "year_quarter": 20012,
            "year": 2001,
            "quarter": 2,
            "eps": 1.2,
            "eps_growth_year": -19.46,
            "eps_4q": 3.9,
            "eps_4q_growth_year": null,
            "roe": 5.33,
            "roe_4q": 9.74,
            "gross_profit": 119736,
            "gross_margin": 20.08,
            "gross_margin_4q_avg": 20.81,
            "net_income": 56887,
            "net_income_4q": null,
            "revenue": 596163,
            "revenue_4q": null,
            "common_shares": 475650,
            "book_valuer_per_share": 22.79,
            "book_valuer_per_share_4q_avg": 27.32,
            "equity": 1084174,
            "current_ratio": 343.2,
            "debt_ratio": 25.62,
            "inventory_turnover_ratio": 0.93,
            "account_receivable_turnover_ratio": null,
            "reinvestment_rate": null,
            "research_to_sale_ratio": null,
            "price_fair": 0,
            "eps_avg_yearly": 0,
            "eps_latest_yearly": 0,
            "eps_growth_yearly": 0
        },
        "20013": {
            "year_quarter": 20013,
            "year": 2001,
            "quarter": 3,
            "eps": 1.16,
            "eps_growth_year": -30.95,
            "eps_4q": 4.1,
            "eps_4q_growth_year": null,
            "roe": 4.95,
            "roe_4q": 14.690000000000001,
            "gross_profit": 130323,
            "gross_margin": 19.92,
            "gross_margin_4q_avg": 20.51,
            "net_income": 55031,
            "net_income_4q": null,
            "revenue": 654096,
            "revenue_4q": null,
            "common_shares": 475650,
            "book_valuer_per_share": 23.95,
            "book_valuer_per_share_4q_avg": 26.2,
            "equity": 1139205,
            "current_ratio": 303.24,
            "debt_ratio": 29.39,
            "inventory_turnover_ratio": 1.07,
            "account_receivable_turnover_ratio": null,
            "reinvestment_rate": null,
            "research_to_sale_ratio": null,
            "price_fair": 0,
            "eps_avg_yearly": 0,
            "eps_latest_yearly": 0,
            "eps_growth_yearly": 0
        },
        "20014": {
            "year_quarter": 20014,
            "year": 2001,
            "quarter": 4,
            "eps": 0.71,
            "eps_growth_year": -46.21,
            "eps_4q": 4.02,
            "eps_4q_growth_year": -26.51,
            "roe": 2.92,
            "roe_4q": 17.61,
            "gross_profit": 83699,
            "gross_margin": 15.21,
            "gross_margin_4q_avg": 19.19,
            "net_income": 33768,
            "net_income_4q": null,
            "revenue": 550190,
            "revenue_4q": null,
            "common_shares": 475650,
            "book_valuer_per_share": 24.66,
            "book_valuer_per_share_4q_avg": 25.81,
            "equity": 1172973,
            "current_ratio": 330.55,
            "debt_ratio": 25.71,
            "inventory_turnover_ratio": 0.97,
            "account_receivable_turnover_ratio": null,
            "reinvestment_rate": null,
            "research_to_sale_ratio": null,
            "price_fair": 0,
            "eps_avg_yearly": 0,
            "eps_latest_yearly": 0,
            "eps_growth_yearly": 0
        },
        "20021": {
            "year_quarter": 20021,
            "year": 2002,
            "quarter": 1,
            "eps": 0.69,
            "eps_growth_year": -50,
            "eps_4q": 3.75,
            "eps_4q_growth_year": -26.03,
            "roe": 2.76,
            "roe_4q": 15.959999999999999,
            "gross_profit": 96147,
            "gross_margin": 16.66,
            "gross_margin_4q_avg": 17.97,
            "net_income": 32879,
            "net_income_4q": null,
            "revenue": 577184,
            "revenue_4q": null,
            "common_shares": 475650,
            "book_valuer_per_share": 25.35,
            "book_valuer_per_share_4q_avg": 24.19,
            "equity": 1205852,
            "current_ratio": 357.72,
            "debt_ratio": 23.78,
            "inventory_turnover_ratio": 1.07,
            "account_receivable_turnover_ratio": null,
            "reinvestment_rate": null,
            "research_to_sale_ratio": null,
            "price_fair": 8.28,
            "eps_avg_yearly": 2.76,
            "eps_latest_yearly": 2.76,
            "eps_growth_yearly": -11.27
        },
        "20022": {
            "year_quarter": 20022,
            "year": 2002,
            "quarter": 2,
            "eps": 0.54,
            "eps_growth_year": -55,
            "eps_4q": 2.96,
            "eps_4q_growth_year": -23.99,
            "roe": 1.96,
            "roe_4q": 12.59,
            "gross_profit": 89807,
            "gross_margin": 16.61,
            "gross_margin_4q_avg": 17.1,
            "net_income": 27134,
            "net_income_4q": null,
            "revenue": 540645,
            "revenue_4q": null,
            "common_shares": 545650,
            "book_valuer_per_share": 28.68,
            "book_valuer_per_share_4q_avg": 25.66,
            "equity": 1565130,
            "current_ratio": 402.65,
            "debt_ratio": 33.95,
            "inventory_turnover_ratio": 0.96,
            "account_receivable_turnover_ratio": null,
            "reinvestment_rate": null,
            "research_to_sale_ratio": null,
            "price_fair": 7.38,
            "eps_avg_yearly": 2.46,
            "eps_latest_yearly": 2.16,
            "eps_growth_yearly": -49.11
        },
        "20023": {
            "year_quarter": 20023,
            "year": 2002,
            "quarter": 3,
            "eps": 0.06,
            "eps_growth_year": -94.83,
            "eps_4q": 1.49,
            "eps_4q_growth_year": -63.71,
            "roe": 0.25,
            "roe_4q": 7.89,
            "gross_profit": 73451,
            "gross_margin": 13.66,
            "gross_margin_4q_avg": 15.54,
            "net_income": 3945,
            "net_income_4q": null,
            "revenue": 537838,
            "revenue_4q": null,
            "common_shares": 641608,
            "book_valuer_per_share": 24.44,
            "book_valuer_per_share_4q_avg": 25.78,
            "equity": 1567936,
            "current_ratio": 268.9,
            "debt_ratio": 36.87,
            "inventory_turnover_ratio": 0.88,
            "account_receivable_turnover_ratio": null,
            "reinvestment_rate": null,
            "research_to_sale_ratio": null,
            "price_fair": 5.16,
            "eps_avg_yearly": 1.72,
            "eps_latest_yearly": 0.24,
            "eps_growth_yearly": -151.26
        },
        "20024": {
            "year_quarter": 20024,
            "year": 2002,
            "quarter": 4,
            "eps": 0.01,
            "eps_growth_year": -98.59,
            "eps_4q": 1.04,
            "eps_4q_growth_year": -74.12,
            "roe": 0.03,
            "roe_4q": 5,
            "gross_profit": 53198,
            "gross_margin": 9.11,
            "gross_margin_4q_avg": 14.01,
            "net_income": 416,
            "net_income_4q": null,
            "revenue": 583679,
            "revenue_4q": null,
            "common_shares": 641608,
            "book_valuer_per_share": 24.46,
            "book_valuer_per_share_4q_avg": 25.73,
            "equity": 1569519,
            "current_ratio": 359.54,
            "debt_ratio": 31.26,
            "inventory_turnover_ratio": 1.05,
            "account_receivable_turnover_ratio": null,
            "reinvestment_rate": null,
            "research_to_sale_ratio": null,
            "price_fair": 3.9,
            "eps_avg_yearly": 1.3,
            "eps_latest_yearly": 0.04,
            "eps_growth_yearly": -196.78
        },
        "20031": {
            "year_quarter": 20031,
            "year": 2003,
            "quarter": 1,
            "eps": 0.1,
            "eps_growth_year": -85.51,
            "eps_4q": 0.58,
            "eps_4q_growth_year": -84.64,
            "roe": 0.42,
            "roe_4q": 2.66,
            "gross_profit": 80459,
            "gross_margin": 15.12,
            "gross_margin_4q_avg": 13.63,
            "net_income": 6623,
            "net_income_4q": null,
            "revenue": 532123,
            "revenue_4q": null,
            "common_shares": 641608,
            "book_valuer_per_share": 24.42,
            "book_valuer_per_share_4q_avg": 25.5,
            "equity": 1566822,
            "current_ratio": 393.71,
            "debt_ratio": 30.66,
            "inventory_turnover_ratio": 0.95,
            "account_receivable_turnover_ratio": null,
            "reinvestment_rate": null,
            "research_to_sale_ratio": null,
            "price_fair": 39.2,
            "eps_avg_yearly": 1.12,
            "eps_latest_yearly": 0.4,
            "eps_growth_yearly": 562.58
        },
        "20032": {
            "year_quarter": 20032,
            "year": 2003,
            "quarter": 2,
            "eps": 0.11,
            "eps_growth_year": -79.63,
            "eps_4q": 0.28,
            "eps_4q_growth_year": -90.47,
            "roe": 0.45,
            "roe_4q": 1.15,
            "gross_profit": 69716,
            "gross_margin": 12.82,
            "gross_margin_4q_avg": 12.68,
            "net_income": 7012,
            "net_income_4q": null,
            "revenue": 543828,
            "revenue_4q": null,
            "common_shares": 641608,
            "book_valuer_per_share": 23.96,
            "book_valuer_per_share_4q_avg": 24.32,
            "equity": 1537435,
            "current_ratio": 398.33,
            "debt_ratio": 30.81,
            "inventory_turnover_ratio": 0.94,
            "account_receivable_turnover_ratio": null,
            "reinvestment_rate": null,
            "research_to_sale_ratio": null,
            "price_fair": 35.23,
            "eps_avg_yearly": 1.01,
            "eps_latest_yearly": 0.44,
            "eps_growth_yearly": 475.48
        },
        "20033": {
            "year_quarter": 20033,
            "year": 2003,
            "quarter": 3,
            "eps": 0.09,
            "eps_growth_year": 50,
            "eps_4q": 0.3,
            "eps_4q_growth_year": -79.85,
            "roe": 0.39,
            "roe_4q": 1.29,
            "gross_profit": 57611,
            "gross_margin": 11.21,
            "gross_margin_4q_avg": 12.07,
            "net_income": 6038,
            "net_income_4q": null,
            "revenue": 514150,
            "revenue_4q": null,
            "common_shares": 680000,
            "book_valuer_per_share": 22.65,
            "book_valuer_per_share_4q_avg": 23.87,
            "equity": 1539910,
            "current_ratio": 468.99,
            "debt_ratio": 29.02,
            "inventory_turnover_ratio": 0.95,
            "account_receivable_turnover_ratio": null,
            "reinvestment_rate": null,
            "research_to_sale_ratio": null,
            "price_fair": 32,
            "eps_avg_yearly": 0.91,
            "eps_latest_yearly": 0.36,
            "eps_growth_yearly": 397.17
        },
        "20034": {
            "year_quarter": 20034,
            "year": 2003,
            "quarter": 4,
            "eps": 0.05,
            "eps_growth_year": 400,
            "eps_4q": 0.32,
            "eps_4q_growth_year": -68.83,
            "roe": 0.23,
            "roe_4q": 1.49,
            "gross_profit": 28878,
            "gross_margin": 4.58,
            "gross_margin_4q_avg": 10.93,
            "net_income": 3588,
            "net_income_4q": null,
            "revenue": 630139,
            "revenue_4q": null,
            "common_shares": 680000,
            "book_valuer_per_share": 22.67,
            "book_valuer_per_share_4q_avg": 23.43,
            "equity": 1541674,
            "current_ratio": 223.1,
            "debt_ratio": 43.6,
            "inventory_turnover_ratio": 1.18,
            "account_receivable_turnover_ratio": null,
            "reinvestment_rate": 75.88,
            "research_to_sale_ratio": null,
            "price_fair": 28.88,
            "eps_avg_yearly": 0.83,
            "eps_latest_yearly": 0.2,
            "eps_growth_yearly": 325.3
        },
        "20041": {
            "year_quarter": 20041,
            "year": 2004,
            "quarter": 1,
            "eps": 0.12,
            "eps_growth_year": 20,
            "eps_4q": 0.37,
            "eps_4q_growth_year": -35.27,
            "roe": 0.51,
            "roe_4q": 1.5799999999999998,
            "gross_profit": 59726,
            "gross_margin": 11.56,
            "gross_margin_4q_avg": 10.04,
            "net_income": 7906,
            "net_income_4q": null,
            "revenue": 516683,
            "revenue_4q": null,
            "common_shares": 680000,
            "book_valuer_per_share": 22.71,
            "book_valuer_per_share_4q_avg": 23,
            "equity": 1544264,
            "current_ratio": 419.64,
            "debt_ratio": 29.98,
            "inventory_turnover_ratio": 0.95,
            "account_receivable_turnover_ratio": null,
            "reinvestment_rate": 64.68,
            "research_to_sale_ratio": null,
            "price_fair": 27.53,
            "eps_avg_yearly": 0.79,
            "eps_latest_yearly": 0.48,
            "eps_growth_yearly": 351.38
        },
        "20042": {
            "year_quarter": 20042,
            "year": 2004,
            "quarter": 2,
            "eps": 0.17,
            "eps_growth_year": 54.55,
            "eps_4q": 0.42,
            "eps_4q_growth_year": 49.99,
            "roe": 0.76,
            "roe_4q": 1.8900000000000001,
            "gross_profit": 60230,
            "gross_margin": 13.16,
            "gross_margin_4q_avg": 10.13,
            "net_income": 11760,
            "net_income_4q": null,
            "revenue": 457815,
            "revenue_4q": null,
            "common_shares": 680000,
            "book_valuer_per_share": 22.63,
            "book_valuer_per_share_4q_avg": 22.67,
            "equity": 1538613,
            "current_ratio": 169.33,
            "debt_ratio": 35.98,
            "inventory_turnover_ratio": 0.95,
            "account_receivable_turnover_ratio": null,
            "reinvestment_rate": 62.79,
            "research_to_sale_ratio": null,
            "price_fair": 27.16,
            "eps_avg_yearly": 0.78,
            "eps_latest_yearly": 0.68,
            "eps_growth_yearly": 332.9
        },
        "20043": {
            "year_quarter": 20043,
            "year": 2004,
            "quarter": 3,
            "eps": 0.21,
            "eps_growth_year": 133.33,
            "eps_4q": 0.55,
            "eps_4q_growth_year": 83.87,
            "roe": 0.93,
            "roe_4q": 2.43,
            "gross_profit": 50897,
            "gross_margin": 10.08,
            "gross_margin_4q_avg": 9.85,
            "net_income": 14339,
            "net_income_4q": null,
            "revenue": 505090,
            "revenue_4q": null,
            "common_shares": 680000,
            "book_valuer_per_share": 22.58,
            "book_valuer_per_share_4q_avg": 22.65,
            "equity": 1535352,
            "current_ratio": 184.87,
            "debt_ratio": 31.52,
            "inventory_turnover_ratio": 1.09,
            "account_receivable_turnover_ratio": null,
            "reinvestment_rate": 63.61,
            "research_to_sale_ratio": null,
            "price_fair": 27.36,
            "eps_avg_yearly": 0.78,
            "eps_latest_yearly": 0.84,
            "eps_growth_yearly": 311.2
        },
        "20044": {
            "year_quarter": 20044,
            "year": 2004,
            "quarter": 4,
            "eps": 0,
            "eps_growth_year": -100,
            "eps_4q": 0.51,
            "eps_4q_growth_year": 57.33,
            "roe": 0.01,
            "roe_4q": 2.21,
            "gross_profit": 38930,
            "gross_margin": 6.91,
            "gross_margin_4q_avg": 10.43,
            "net_income": 88,
            "net_income_4q": null,
            "revenue": 563204,
            "revenue_4q": null,
            "common_shares": 680000,
            "book_valuer_per_share": 22.43,
            "book_valuer_per_share_4q_avg": 22.59,
            "equity": 1525389,
            "current_ratio": 189.22,
            "debt_ratio": 33.45,
            "inventory_turnover_ratio": 1.29,
            "account_receivable_turnover_ratio": null,
            "reinvestment_rate": 69.65,
            "research_to_sale_ratio": null,
            "price_fair": 27.36,
            "eps_avg_yearly": 0.78,
            "eps_latest_yearly": 0.84,
            "eps_growth_yearly": 311.2
        },
        "20051": {
            "year_quarter": 20051,
            "year": 2005,
            "quarter": 1,
            "eps": 0.02,
            "eps_growth_year": -83.33,
            "eps_4q": 0.41,
            "eps_4q_growth_year": 9.97,
            "roe": 0.09,
            "roe_4q": 1.79,
            "gross_profit": 71756,
            "gross_margin": 13.71,
            "gross_margin_4q_avg": 10.97,
            "net_income": 1344,
            "net_income_4q": null,
            "revenue": 523309,
            "revenue_4q": null,
            "common_shares": 680000,
            "book_valuer_per_share": 22.44,
            "book_valuer_per_share_4q_avg": 22.52,
            "equity": 1525923,
            "current_ratio": 257.62,
            "debt_ratio": 21.81,
            "inventory_turnover_ratio": 1.16,
            "account_receivable_turnover_ratio": null,
            "reinvestment_rate": 78.05,
            "research_to_sale_ratio": null,
            "price_fair": 27.36,
            "eps_avg_yearly": 0.78,
            "eps_latest_yearly": 0.84,
            "eps_growth_yearly": 311.2
        },
        "20052": {
            "year_quarter": 20052,
            "year": 2005,
            "quarter": 2,
            "eps": 0.15,
            "eps_growth_year": -11.76,
            "eps_4q": 0.39,
            "eps_4q_growth_year": -8.63,
            "roe": 0.66,
            "roe_4q": 1.69,
            "gross_profit": 60939,
            "gross_margin": 11.08,
            "gross_margin_4q_avg": 10.45,
            "net_income": 9986,
            "net_income_4q": null,
            "revenue": 550202,
            "revenue_4q": null,
            "common_shares": 680000,
            "book_valuer_per_share": 22.31,
            "book_valuer_per_share_4q_avg": 22.44,
            "equity": 1517098,
            "current_ratio": 220.86,
            "debt_ratio": 26.57,
            "inventory_turnover_ratio": 1.23,
            "account_receivable_turnover_ratio": null,
            "reinvestment_rate": 84.99,
            "research_to_sale_ratio": null,
            "price_fair": 26.83,
            "eps_avg_yearly": 0.77,
            "eps_latest_yearly": 0.6,
            "eps_growth_yearly": 501.93
        },
        "20053": {
            "year_quarter": 20053,
            "year": 2005,
            "quarter": 3,
            "eps": 0.03,
            "eps_growth_year": -85.71,
            "eps_4q": 0.19,
            "eps_4q_growth_year": -65.93,
            "roe": 0.14,
            "roe_4q": 0.9,
            "gross_profit": 64688,
            "gross_margin": 12.28,
            "gross_margin_4q_avg": 11,
            "net_income": 2174,
            "net_income_4q": null,
            "revenue": 526559,
            "revenue_4q": null,
            "common_shares": 680000,
            "book_valuer_per_share": 22.2,
            "book_valuer_per_share_4q_avg": 22.35,
            "equity": 1509539,
            "current_ratio": 246.08,
            "debt_ratio": 23.48,
            "inventory_turnover_ratio": 1.17,
            "account_receivable_turnover_ratio": null,
            "reinvestment_rate": 119.96,
            "research_to_sale_ratio": null,
            "price_fair": 25.09,
            "eps_avg_yearly": 0.72,
            "eps_latest_yearly": 0.12,
            "eps_growth_yearly": 438.71
        },
        "20054": {
            "year_quarter": 20054,
            "year": 2005,
            "quarter": 4,
            "eps": -0.11,
            "eps_growth_year": null,
            "eps_4q": 0.13,
            "eps_4q_growth_year": -75.3,
            "roe": -0.46,
            "roe_4q": 0.43000000000000005,
            "gross_profit": 68865,
            "gross_margin": 12.22,
            "gross_margin_4q_avg": 12.32,
            "net_income": -6852,
            "net_income_4q": null,
            "revenue": 563442,
            "revenue_4q": null,
            "common_shares": 646000,
            "book_valuer_per_share": 22.75,
            "book_valuer_per_share_4q_avg": 22.43,
            "equity": 1469539,
            "current_ratio": 228.58,
            "debt_ratio": 30.38,
            "inventory_turnover_ratio": 1.53,
            "account_receivable_turnover_ratio": null,
            "reinvestment_rate": 159.25,
            "research_to_sale_ratio": null,
            "price_fair": 25.09,
            "eps_avg_yearly": 0.72,
            "eps_latest_yearly": 0.12,
            "eps_growth_yearly": 438.71
        },
        "20061": {
            "year_quarter": 20061,
            "year": 2006,
            "quarter": 1,
            "eps": 0.12,
            "eps_growth_year": 500,
            "eps_4q": 0.2,
            "eps_4q_growth_year": -50.09,
            "roe": 0.51,
            "roe_4q": 0.8500000000000001,
            "gross_profit": 55845,
            "gross_margin": 12.51,
            "gross_margin_4q_avg": 12.02,
            "net_income": 7541,
            "net_income_4q": null,
            "revenue": 446534,
            "revenue_4q": null,
            "common_shares": 646000,
            "book_valuer_per_share": 22.79,
            "book_valuer_per_share_4q_avg": 22.51,
            "equity": 1472537,
            "current_ratio": 247.41,
            "debt_ratio": 23.24,
            "inventory_turnover_ratio": 1.2,
            "account_receivable_turnover_ratio": null,
            "reinvestment_rate": 196.81,
            "research_to_sale_ratio": null,
            "price_fair": 19.13,
            "eps_avg_yearly": 0.55,
            "eps_latest_yearly": 0.12,
            "eps_growth_yearly": 476.2
        },
        "20062": {
            "year_quarter": 20062,
            "year": 2006,
            "quarter": 2,
            "eps": 0.36,
            "eps_growth_year": 140,
            "eps_4q": 0.41,
            "eps_4q_growth_year": 5.21,
            "roe": 1.48,
            "roe_4q": 1.67,
            "gross_profit": 66439,
            "gross_margin": 12.55,
            "gross_margin_4q_avg": 12.39,
            "net_income": 21896,
            "net_income_4q": null,
            "revenue": 529237,
            "revenue_4q": null,
            "common_shares": 632000,
            "book_valuer_per_share": 23.57,
            "book_valuer_per_share_4q_avg": 22.83,
            "equity": 1489568,
            "current_ratio": 216.47,
            "debt_ratio": 28.58,
            "inventory_turnover_ratio": 1.16,
            "account_receivable_turnover_ratio": null,
            "reinvestment_rate": 135.75,
            "research_to_sale_ratio": null,
            "price_fair": 17.03,
            "eps_avg_yearly": 0.49,
            "eps_latest_yearly": 1.44,
            "eps_growth_yearly": 550.12
        },
        "20063": {
            "year_quarter": 20063,
            "year": 2006,
            "quarter": 3,
            "eps": 0.36,
            "eps_growth_year": 1100,
            "eps_4q": 0.73,
            "eps_4q_growth_year": 287.89,
            "roe": 1.47,
            "roe_4q": 3,
            "gross_profit": 58866,
            "gross_margin": 9,
            "gross_margin_4q_avg": 11.57,
            "net_income": 22122,
            "net_income_4q": null,
            "revenue": 654005,
            "revenue_4q": null,
            "common_shares": 632000,
            "book_valuer_per_share": 23.97,
            "book_valuer_per_share_4q_avg": 23.27,
            "equity": 1515025,
            "current_ratio": 241.19,
            "debt_ratio": 25.27,
            "inventory_turnover_ratio": 1.43,
            "account_receivable_turnover_ratio": null,
            "reinvestment_rate": -186.12,
            "research_to_sale_ratio": null,
            "price_fair": 20.53,
            "eps_avg_yearly": 0.59,
            "eps_latest_yearly": 1.44,
            "eps_growth_yearly": 579.75
        },
        "20064": {
            "year_quarter": 20064,
            "year": 2006,
            "quarter": 4,
            "eps": 0.26,
            "eps_growth_year": null,
            "eps_4q": 1.11,
            "eps_4q_growth_year": 783.16,
            "roe": 1.03,
            "roe_4q": 4.49,
            "gross_profit": 78261,
            "gross_margin": 10.84,
            "gross_margin_4q_avg": 11.23,
            "net_income": 15722,
            "net_income_4q": null,
            "revenue": 722150,
            "revenue_4q": null,
            "common_shares": 632000,
            "book_valuer_per_share": 24.24,
            "book_valuer_per_share_4q_avg": 23.64,
            "equity": 1531977,
            "current_ratio": 231.92,
            "debt_ratio": 30.32,
            "inventory_turnover_ratio": 1.52,
            "account_receivable_turnover_ratio": null,
            "reinvestment_rate": -101.44,
            "research_to_sale_ratio": null,
            "price_fair": 23.45,
            "eps_avg_yearly": 0.67,
            "eps_latest_yearly": 1.04,
            "eps_growth_yearly": 598.26
        },
        "20071": {
            "year_quarter": 20071,
            "year": 2007,
            "quarter": 1,
            "eps": 0.48,
            "eps_growth_year": 300,
            "eps_4q": 1.45,
            "eps_4q_growth_year": 607.6,
            "roe": 1.9,
            "roe_4q": 5.879999999999999,
            "gross_profit": 73005,
            "gross_margin": 10.07,
            "gross_margin_4q_avg": 10.62,
            "net_income": 29660,
            "net_income_4q": null,
            "revenue": 724821,
            "revenue_4q": null,
            "common_shares": 632000,
            "book_valuer_per_share": 25.09,
            "book_valuer_per_share_4q_avg": 24.22,
            "equity": 1585495,
            "current_ratio": 189.18,
            "debt_ratio": 33.11,
            "inventory_turnover_ratio": 1.23,
            "account_receivable_turnover_ratio": null,
            "reinvestment_rate": -85.62,
            "research_to_sale_ratio": null,
            "price_fair": 27.88,
            "eps_avg_yearly": 0.8,
            "eps_latest_yearly": 1.92,
            "eps_growth_yearly": 326.47
        },
        "20072": {
            "year_quarter": 20072,
            "year": 2007,
            "quarter": 2,
            "eps": 0.7,
            "eps_growth_year": 94.44,
            "eps_4q": 1.78,
            "eps_4q_growth_year": 337.21,
            "roe": 2.78,
            "roe_4q": 7.18,
            "gross_profit": 83081,
            "gross_margin": 10.35,
            "gross_margin_4q_avg": 10.07,
            "net_income": 43763,
            "net_income_4q": null,
            "revenue": 802358,
            "revenue_4q": null,
            "common_shares": 632000,
            "book_valuer_per_share": 24.74,
            "book_valuer_per_share_4q_avg": 24.51,
            "equity": 1563803,
            "current_ratio": 178.7,
            "debt_ratio": 35.1,
            "inventory_turnover_ratio": 1.2,
            "account_receivable_turnover_ratio": null,
            "reinvestment_rate": -68.98,
            "research_to_sale_ratio": null,
            "price_fair": 34.77,
            "eps_avg_yearly": 0.99,
            "eps_latest_yearly": 2.8,
            "eps_growth_yearly": 338.41
        },
        "20073": {
            "year_quarter": 20073,
            "year": 2007,
            "quarter": 3,
            "eps": 0.67,
            "eps_growth_year": 86.11,
            "eps_4q": 2.1,
            "eps_4q_growth_year": 188.99,
            "roe": 2.63,
            "roe_4q": 8.34,
            "gross_profit": 84217,
            "gross_margin": 9.28,
            "gross_margin_4q_avg": 10.14,
            "net_income": 41694,
            "net_income_4q": null,
            "revenue": 907165,
            "revenue_4q": null,
            "common_shares": 632000,
            "book_valuer_per_share": 25.4,
            "book_valuer_per_share_4q_avg": 24.87,
            "equity": 1605382,
            "current_ratio": 174.26,
            "debt_ratio": 36.82,
            "inventory_turnover_ratio": 1.27,
            "account_receivable_turnover_ratio": null,
            "reinvestment_rate": -9.72,
            "research_to_sale_ratio": null,
            "price_fair": 41.53,
            "eps_avg_yearly": 1.19,
            "eps_latest_yearly": 2.68,
            "eps_growth_yearly": 343.05
        },
        "20074": {
            "year_quarter": 20074,
            "year": 2007,
            "quarter": 4,
            "eps": 0.26,
            "eps_growth_year": 0,
            "eps_4q": 2.08,
            "eps_4q_growth_year": 86.8,
            "roe": 1.01,
            "roe_4q": 8.32,
            "gross_profit": 98584,
            "gross_margin": 9.22,
            "gross_margin_4q_avg": 9.73,
            "net_income": 16460,
            "net_income_4q": null,
            "revenue": 1069011,
            "revenue_4q": null,
            "common_shares": 632000,
            "book_valuer_per_share": 25.61,
            "book_valuer_per_share_4q_avg": 25.21,
            "equity": 1650482,
            "current_ratio": 184.62,
            "debt_ratio": 40.22,
            "inventory_turnover_ratio": 1.29,
            "account_receivable_turnover_ratio": null,
            "reinvestment_rate": -0.24,
            "research_to_sale_ratio": null,
            "price_fair": 43.98,
            "eps_avg_yearly": 1.26,
            "eps_latest_yearly": 1.04,
            "eps_growth_yearly": 337.46
        },
        "20081": {
            "year_quarter": 20081,
            "year": 2008,
            "quarter": 1,
            "eps": 0.61,
            "eps_growth_year": 27.08,
            "eps_4q": 2.36,
            "eps_4q_growth_year": 63.07,
            "roe": 2.17,
            "roe_4q": 8.59,
            "gross_profit": 119852,
            "gross_margin": 10.45,
            "gross_margin_4q_avg": 9.83,
            "net_income": 36261,
            "net_income_4q": null,
            "revenue": 1146484,
            "revenue_4q": null,
            "common_shares": 632000,
            "book_valuer_per_share": 26.18,
            "book_valuer_per_share_4q_avg": 25.48,
            "equity": 1684324,
            "current_ratio": 206.17,
            "debt_ratio": 35.44,
            "inventory_turnover_ratio": 1.38,
            "account_receivable_turnover_ratio": null,
            "reinvestment_rate": -0.26,
            "research_to_sale_ratio": null,
            "price_fair": 49.7,
            "eps_avg_yearly": 1.42,
            "eps_latest_yearly": 2.44,
            "eps_growth_yearly": 335.67
        },
        "20082": {
            "year_quarter": 20082,
            "year": 2008,
            "quarter": 2,
            "eps": 0.48,
            "eps_growth_year": -31.43,
            "eps_4q": 1.96,
            "eps_4q_growth_year": 10.1,
            "roe": 1.91,
            "roe_4q": 7.72,
            "gross_profit": 116705,
            "gross_margin": 10.35,
            "gross_margin_4q_avg": 9.83,
            "net_income": 31724,
            "net_income_4q": null,
            "revenue": 1128058,
            "revenue_4q": null,
            "common_shares": 632000,
            "book_valuer_per_share": 25.49,
            "book_valuer_per_share_4q_avg": 25.67,
            "equity": 1639540,
            "current_ratio": 194.72,
            "debt_ratio": 37.75,
            "inventory_turnover_ratio": 1.51,
            "account_receivable_turnover_ratio": null,
            "reinvestment_rate": 4.38,
            "research_to_sale_ratio": null,
            "price_fair": 53.32,
            "eps_avg_yearly": 1.52,
            "eps_latest_yearly": 1.92,
            "eps_growth_yearly": 314.67
        },
        "20083": {
            "year_quarter": 20083,
            "year": 2008,
            "quarter": 3,
            "eps": 0.3,
            "eps_growth_year": -55.22,
            "eps_4q": 2.02,
            "eps_4q_growth_year": -3.93,
            "roe": 0.98,
            "roe_4q": 6.069999999999999,
            "gross_profit": 94993,
            "gross_margin": 10.92,
            "gross_margin_4q_avg": 10.24,
            "net_income": 16097,
            "net_income_4q": null,
            "revenue": 869632,
            "revenue_4q": null,
            "common_shares": 695200,
            "book_valuer_per_share": 23.31,
            "book_valuer_per_share_4q_avg": 25.15,
            "equity": 1644150,
            "current_ratio": 229.79,
            "debt_ratio": 31,
            "inventory_turnover_ratio": 1.16,
            "account_receivable_turnover_ratio": null,
            "reinvestment_rate": 3.09,
            "research_to_sale_ratio": null,
            "price_fair": 54.37,
            "eps_avg_yearly": 1.55,
            "eps_latest_yearly": 1.2,
            "eps_growth_yearly": 294.33
        },
        "20084": {
            "year_quarter": 20084,
            "year": 2008,
            "quarter": 4,
            "eps": 0.04,
            "eps_growth_year": -84.62,
            "eps_4q": 1.26,
            "eps_4q_growth_year": -39.57,
            "roe": -0.18,
            "roe_4q": 4.88,
            "gross_profit": 79517,
            "gross_margin": 9.41,
            "gross_margin_4q_avg": 10.28,
            "net_income": -3018,
            "net_income_4q": null,
            "revenue": 845463,
            "revenue_4q": null,
            "common_shares": 695200,
            "book_valuer_per_share": 23.08,
            "book_valuer_per_share_4q_avg": 24.52,
            "equity": 1622189,
            "current_ratio": 215.4,
            "debt_ratio": 33.5,
            "inventory_turnover_ratio": 1.16,
            "account_receivable_turnover_ratio": 3.29,
            "reinvestment_rate": 2.89,
            "research_to_sale_ratio": null,
            "price_fair": 50.62,
            "eps_avg_yearly": 1.45,
            "eps_latest_yearly": 0.16,
            "eps_growth_yearly": 245.02
        },
        "20091": {
            "year_quarter": 20091,
            "year": 2009,
            "quarter": 1,
            "eps": 0.24,
            "eps_growth_year": -60.66,
            "eps_4q": 1.31,
            "eps_4q_growth_year": -44.63,
            "roe": 0.82,
            "roe_4q": 3.53,
            "gross_profit": 82828,
            "gross_margin": 12.33,
            "gross_margin_4q_avg": 10.75,
            "net_income": 13317,
            "net_income_4q": null,
            "revenue": 671565,
            "revenue_4q": null,
            "common_shares": 695200,
            "book_valuer_per_share": 23.39,
            "book_valuer_per_share_4q_avg": 23.82,
            "equity": 1641104,
            "current_ratio": 222.42,
            "debt_ratio": 32.29,
            "inventory_turnover_ratio": 1,
            "account_receivable_turnover_ratio": 1.38,
            "reinvestment_rate": 3.22,
            "research_to_sale_ratio": null,
            "price_fair": 49.4,
            "eps_avg_yearly": 1.41,
            "eps_latest_yearly": 0.96,
            "eps_growth_yearly": 370.38
        },
        "20092": {
            "year_quarter": 20092,
            "year": 2009,
            "quarter": 2,
            "eps": 0.29,
            "eps_growth_year": -39.58,
            "eps_4q": 0.91,
            "eps_4q_growth_year": -53.47,
            "roe": 1.16,
            "roe_4q": 2.7800000000000002,
            "gross_profit": 92898,
            "gross_margin": 11.57,
            "gross_margin_4q_avg": 11.06,
            "net_income": 18743,
            "net_income_4q": null,
            "revenue": 803179,
            "revenue_4q": null,
            "common_shares": 695200,
            "book_valuer_per_share": 22.5,
            "book_valuer_per_share_4q_avg": 23.07,
            "equity": 1578426,
            "current_ratio": 192.49,
            "debt_ratio": 38.49,
            "inventory_turnover_ratio": 1.19,
            "account_receivable_turnover_ratio": 1.49,
            "reinvestment_rate": 3.29,
            "research_to_sale_ratio": null,
            "price_fair": 50.8,
            "eps_avg_yearly": 1.45,
            "eps_latest_yearly": 1.16,
            "eps_growth_yearly": 190.62
        },
        "20093": {
            "year_quarter": 20093,
            "year": 2009,
            "quarter": 3,
            "eps": 0.36,
            "eps_growth_year": 20,
            "eps_4q": 1.05,
            "eps_4q_growth_year": -47.97,
            "roe": 1.37,
            "roe_4q": 3.17,
            "gross_profit": 92119,
            "gross_margin": 10.23,
            "gross_margin_4q_avg": 10.89,
            "net_income": 21297,
            "net_income_4q": null,
            "revenue": 900912,
            "revenue_4q": null,
            "common_shares": 625680,
            "book_valuer_per_share": 24.28,
            "book_valuer_per_share_4q_avg": 23.31,
            "equity": 1532302,
            "current_ratio": 198.31,
            "debt_ratio": 36.81,
            "inventory_turnover_ratio": 1.2,
            "account_receivable_turnover_ratio": 1.37,
            "reinvestment_rate": -1.02,
            "research_to_sale_ratio": null,
            "price_fair": 54.1,
            "eps_avg_yearly": 1.55,
            "eps_latest_yearly": 1.44,
            "eps_growth_yearly": 220.37
        },
        "20094": {
            "year_quarter": 20094,
            "year": 2009,
            "quarter": 4,
            "eps": 0.31,
            "eps_growth_year": 675,
            "eps_4q": 1.3,
            "eps_4q_growth_year": 3.71,
            "roe": 1.16,
            "roe_4q": 4.510000000000001,
            "gross_profit": 98808,
            "gross_margin": 9.91,
            "gross_margin_4q_avg": 11.01,
            "net_income": 17899,
            "net_income_4q": null,
            "revenue": 996831,
            "revenue_4q": null,
            "common_shares": 625680,
            "book_valuer_per_share": 25.36,
            "book_valuer_per_share_4q_avg": 23.88,
            "equity": 1552078,
            "current_ratio": 191.35,
            "debt_ratio": 38.27,
            "inventory_turnover_ratio": 1.4,
            "account_receivable_turnover_ratio": 2.35,
            "reinvestment_rate": 50.89,
            "research_to_sale_ratio": null,
            "price_fair": 53.39,
            "eps_avg_yearly": 1.53,
            "eps_latest_yearly": 1.24,
            "eps_growth_yearly": 201.98
        },
        "20101": {
            "year_quarter": 20101,
            "year": 2010,
            "quarter": 1,
            "eps": 0.36,
            "eps_growth_year": 50,
            "eps_4q": 1.4,
            "eps_4q_growth_year": 7.11,
            "roe": 1.33,
            "roe_4q": 5.0200000000000005,
            "gross_profit": 100429,
            "gross_margin": 10.93,
            "gross_margin_4q_avg": 10.66,
            "net_income": 20798,
            "net_income_4q": null,
            "revenue": 919149,
            "revenue_4q": null,
            "common_shares": 625680,
            "book_valuer_per_share": 25.76,
            "book_valuer_per_share_4q_avg": 24.48,
            "equity": 1575260,
            "current_ratio": 184,
            "debt_ratio": 40.12,
            "inventory_turnover_ratio": 1.11,
            "account_receivable_turnover_ratio": 1.1,
            "reinvestment_rate": 49.53,
            "research_to_sale_ratio": 0.44,
            "price_fair": 53.2,
            "eps_avg_yearly": 1.52,
            "eps_latest_yearly": 1.44,
            "eps_growth_yearly": 193.38
        },
        "20102": {
            "year_quarter": 20102,
            "year": 2010,
            "quarter": 2,
            "eps": 0.42,
            "eps_growth_year": 45.04,
            "eps_4q": 1.42,
            "eps_4q_growth_year": 55.7,
            "roe": 1.71,
            "roe_4q": 5.57,
            "gross_profit": 113006,
            "gross_margin": 10.4,
            "gross_margin_4q_avg": 10.37,
            "net_income": 26563,
            "net_income_4q": null,
            "revenue": 1086872,
            "revenue_4q": null,
            "common_shares": 625680,
            "book_valuer_per_share": 25.06,
            "book_valuer_per_share_4q_avg": 25.12,
            "equity": 1531416,
            "current_ratio": 156.6,
            "debt_ratio": 48.36,
            "inventory_turnover_ratio": 1.05,
            "account_receivable_turnover_ratio": 1.16,
            "reinvestment_rate": 57.63,
            "research_to_sale_ratio": 0.38,
            "price_fair": 53.73,
            "eps_avg_yearly": 1.54,
            "eps_latest_yearly": 1.68,
            "eps_growth_yearly": 147.55
        },
        "20103": {
            "year_quarter": 20103,
            "year": 2010,
            "quarter": 3,
            "eps": 0.43,
            "eps_growth_year": 18.21,
            "eps_4q": 1.48,
            "eps_4q_growth_year": 41.03,
            "roe": 1.74,
            "roe_4q": 5.94,
            "gross_profit": 145212,
            "gross_margin": 9.73,
            "gross_margin_4q_avg": 10.24,
            "net_income": 27376,
            "net_income_4q": null,
            "revenue": 1492085,
            "revenue_4q": null,
            "common_shares": 674294,
            "book_valuer_per_share": 23.61,
            "book_valuer_per_share_4q_avg": 24.95,
            "equity": 1621799,
            "current_ratio": 153.33,
            "debt_ratio": 51.71,
            "inventory_turnover_ratio": 1.28,
            "account_receivable_turnover_ratio": 1.28,
            "reinvestment_rate": 48.78,
            "research_to_sale_ratio": 0.26,
            "price_fair": 54.34,
            "eps_avg_yearly": 1.55,
            "eps_latest_yearly": 1.72,
            "eps_growth_yearly": 148.15
        },
        "20104": {
            "year_quarter": 20104,
            "year": 2010,
            "quarter": 4,
            "eps": 0.63,
            "eps_growth_year": 104.09,
            "eps_4q": 1.81,
            "eps_4q_growth_year": 39.14,
            "roe": 2.06,
            "roe_4q": 6.84,
            "gross_profit": 86730,
            "gross_margin": 8.59,
            "gross_margin_4q_avg": 9.91,
            "net_income": 33778,
            "net_income_4q": null,
            "revenue": 1010154,
            "revenue_4q": null,
            "common_shares": 674294,
            "book_valuer_per_share": 24.15,
            "book_valuer_per_share_4q_avg": 24.65,
            "equity": 1653288,
            "current_ratio": 165,
            "debt_ratio": 47.61,
            "inventory_turnover_ratio": 0.92,
            "account_receivable_turnover_ratio": 0.77,
            "reinvestment_rate": 43.36,
            "research_to_sale_ratio": 0.36,
            "price_fair": 57.58,
            "eps_avg_yearly": 1.65,
            "eps_latest_yearly": 2.52,
            "eps_growth_yearly": 166.72
        },
        "20111": {
            "year_quarter": 20111,
            "year": 2011,
            "quarter": 1,
            "eps": 0.65,
            "eps_growth_year": 80.56,
            "eps_4q": 2.13,
            "eps_4q_growth_year": 51.89,
            "roe": 2.49,
            "roe_4q": 8,
            "gross_profit": 141277,
            "gross_margin": 10.32,
            "gross_margin_4q_avg": 9.76,
            "net_income": 41762,
            "net_income_4q": null,
            "revenue": 1369304,
            "revenue_4q": null,
            "common_shares": 674294,
            "book_valuer_per_share": 24.79,
            "book_valuer_per_share_4q_avg": 24.4,
            "equity": 1695202,
            "current_ratio": 171.43,
            "debt_ratio": 45.56,
            "inventory_turnover_ratio": 1.19,
            "account_receivable_turnover_ratio": 1.16,
            "reinvestment_rate": 41.75,
            "research_to_sale_ratio": 0.25,
            "price_fair": 59.06,
            "eps_avg_yearly": 1.69,
            "eps_latest_yearly": 2.6,
            "eps_growth_yearly": 146.36
        },
        "20112": {
            "year_quarter": 20112,
            "year": 2011,
            "quarter": 2,
            "eps": 0.61,
            "eps_growth_year": 44.72,
            "eps_4q": 2.16,
            "eps_4q_growth_year": 52.05,
            "roe": 2.59,
            "roe_4q": 8.88,
            "gross_profit": 144446,
            "gross_margin": 9.98,
            "gross_margin_4q_avg": 9.66,
            "net_income": 43058,
            "net_income_4q": null,
            "revenue": 1447468,
            "revenue_4q": null,
            "common_shares": 674294,
            "book_valuer_per_share": 23.99,
            "book_valuer_per_share_4q_avg": 24.14,
            "equity": 1633078,
            "current_ratio": 149.72,
            "debt_ratio": 53.5,
            "inventory_turnover_ratio": 0.99,
            "account_receivable_turnover_ratio": 1.29,
            "reinvestment_rate": 46.71,
            "research_to_sale_ratio": 0.21,
            "price_fair": 58.28,
            "eps_avg_yearly": 1.67,
            "eps_latest_yearly": 2.44,
            "eps_growth_yearly": 133.36
        },
        "20113": {
            "year_quarter": 20113,
            "year": 2011,
            "quarter": 3,
            "eps": 0.53,
            "eps_growth_year": 24.7,
            "eps_4q": 2.3,
            "eps_4q_growth_year": 55.32,
            "roe": 2.2,
            "roe_4q": 9.34,
            "gross_profit": 137763,
            "gross_margin": 9.51,
            "gross_margin_4q_avg": 9.6,
            "net_income": 36262,
            "net_income_4q": null,
            "revenue": 1449205,
            "revenue_4q": null,
            "common_shares": 739924,
            "book_valuer_per_share": 22.32,
            "book_valuer_per_share_4q_avg": 23.81,
            "equity": 1668036,
            "current_ratio": 159.81,
            "debt_ratio": 49.5,
            "inventory_turnover_ratio": 0.99,
            "account_receivable_turnover_ratio": 1.24,
            "reinvestment_rate": 46.11,
            "research_to_sale_ratio": 0.19,
            "price_fair": 57.05,
            "eps_avg_yearly": 1.63,
            "eps_latest_yearly": 2.12,
            "eps_growth_yearly": 131.15
        },
        "20114": {
            "year_quarter": 20114,
            "year": 2011,
            "quarter": 4,
            "eps": 0.65,
            "eps_growth_year": 2.99,
            "eps_4q": 2.38,
            "eps_4q_growth_year": 31.22,
            "roe": 2.8,
            "roe_4q": 10.08,
            "gross_profit": 133574,
            "gross_margin": 8.23,
            "gross_margin_4q_avg": 9.51,
            "net_income": 47493,
            "net_income_4q": null,
            "revenue": 1622263,
            "revenue_4q": null,
            "common_shares": 721924,
            "book_valuer_per_share": 23.02,
            "book_valuer_per_share_4q_avg": 23.53,
            "equity": 1718557,
            "current_ratio": 156.38,
            "debt_ratio": 51.21,
            "inventory_turnover_ratio": 1.21,
            "account_receivable_turnover_ratio": 1.27,
            "reinvestment_rate": 38.57,
            "research_to_sale_ratio": 0.22,
            "price_fair": 60.46,
            "eps_avg_yearly": 1.73,
            "eps_latest_yearly": 2.6,
            "eps_growth_yearly": 152.11
        },
        "20121": {
            "year_quarter": 20121,
            "year": 2012,
            "quarter": 1,
            "eps": 0.88,
            "eps_growth_year": 35.38,
            "eps_4q": 2.67,
            "eps_4q_growth_year": 25.71,
            "roe": 3.62,
            "roe_4q": 11.21,
            "gross_profit": 173265,
            "gross_margin": 10.39,
            "gross_margin_4q_avg": 9.53,
            "net_income": 63438,
            "net_income_4q": null,
            "revenue": 1667764,
            "revenue_4q": null,
            "common_shares": 721924,
            "book_valuer_per_share": 23.97,
            "book_valuer_per_share_4q_avg": 23.33,
            "equity": 1787072,
            "current_ratio": 147.78,
            "debt_ratio": 56.15,
            "inventory_turnover_ratio": 1.19,
            "account_receivable_turnover_ratio": 1.02,
            "reinvestment_rate": 34,
            "research_to_sale_ratio": 0.21,
            "price_fair": 62.83,
            "eps_avg_yearly": 1.8,
            "eps_latest_yearly": 3.52,
            "eps_growth_yearly": 127.31
        },
        "20122": {
            "year_quarter": 20122,
            "year": 2012,
            "quarter": 2,
            "eps": 0.7,
            "eps_growth_year": 15.07,
            "eps_4q": 2.58,
            "eps_4q_growth_year": 19.34,
            "roe": 3.19,
            "roe_4q": 11.809999999999999,
            "gross_profit": 171118,
            "gross_margin": 9.83,
            "gross_margin_4q_avg": 9.49,
            "net_income": 55586,
            "net_income_4q": null,
            "revenue": 1740035,
            "revenue_4q": null,
            "common_shares": 721924,
            "book_valuer_per_share": 22.72,
            "book_valuer_per_share_4q_avg": 23.01,
            "equity": 1696624,
            "current_ratio": 133.37,
            "debt_ratio": 64.25,
            "inventory_turnover_ratio": 1.1,
            "account_receivable_turnover_ratio": 0.85,
            "reinvestment_rate": 30.74,
            "research_to_sale_ratio": 0.2,
            "price_fair": 64.75,
            "eps_avg_yearly": 1.85,
            "eps_latest_yearly": 2.8,
            "eps_growth_yearly": 127.52
        },
        "20123": {
            "year_quarter": 20123,
            "year": 2012,
            "quarter": 3,
            "eps": 0.52,
            "eps_growth_year": -1.52,
            "eps_4q": 2.62,
            "eps_4q_growth_year": 13.64,
            "roe": 2.36,
            "roe_4q": 11.969999999999999,
            "gross_profit": 147667,
            "gross_margin": 9.37,
            "gross_margin_4q_avg": 9.46,
            "net_income": 40542,
            "net_income_4q": null,
            "revenue": 1576642,
            "revenue_4q": null,
            "common_shares": 794116,
            "book_valuer_per_share": 21.17,
            "book_valuer_per_share_4q_avg": 22.72,
            "equity": 1737098,
            "current_ratio": 138.28,
            "debt_ratio": 61.49,
            "inventory_turnover_ratio": 0.89,
            "account_receivable_turnover_ratio": 0.76,
            "reinvestment_rate": 29.98,
            "research_to_sale_ratio": 0.17,
            "price_fair": 66.68,
            "eps_avg_yearly": 1.91,
            "eps_latest_yearly": 2.08,
            "eps_growth_yearly": 130.47
        },
        "20124": {
            "year_quarter": 20124,
            "year": 2012,
            "quarter": 4,
            "eps": 0.55,
            "eps_growth_year": -15.13,
            "eps_4q": 2.58,
            "eps_4q_growth_year": 8.33,
            "roe": 2.57,
            "roe_4q": 11.739999999999998,
            "gross_profit": 156772,
            "gross_margin": 8.7,
            "gross_margin_4q_avg": 9.57,
            "net_income": 45347,
            "net_income_4q": null,
            "revenue": 1801116,
            "revenue_4q": null,
            "common_shares": 794116,
            "book_valuer_per_share": 21.78,
            "book_valuer_per_share_4q_avg": 22.41,
            "equity": 1786814,
            "current_ratio": 147.23,
            "debt_ratio": 56.86,
            "inventory_turnover_ratio": 1.05,
            "account_receivable_turnover_ratio": 1.06,
            "reinvestment_rate": 26.69,
            "research_to_sale_ratio": 0.22,
            "price_fair": 71.14,
            "eps_avg_yearly": 2.03,
            "eps_latest_yearly": 2.2,
            "eps_growth_yearly": 153.58
        },
        "20131": {
            "year_quarter": 20131,
            "year": 2013,
            "quarter": 1,
            "eps": 0.66,
            "eps_growth_year": -25,
            "eps_4q": 2.44,
            "eps_4q_growth_year": -8.7,
            "roe": 2.94,
            "roe_4q": 11.059999999999999,
            "gross_profit": 162092,
            "gross_margin": 8.66,
            "gross_margin_4q_avg": 9.14,
            "net_income": 53186,
            "net_income_4q": null,
            "revenue": 1871003,
            "revenue_4q": null,
            "common_shares": 794116,
            "book_valuer_per_share": 22.37,
            "book_valuer_per_share_4q_avg": 22.01,
            "equity": 1833888,
            "current_ratio": 146.79,
            "debt_ratio": 57.18,
            "inventory_turnover_ratio": 0.98,
            "account_receivable_turnover_ratio": 1.31,
            "reinvestment_rate": 25.09,
            "research_to_sale_ratio": 0.21,
            "price_fair": 74.81,
            "eps_avg_yearly": 2.14,
            "eps_latest_yearly": 2.64,
            "eps_growth_yearly": 33.58
        },
        "20132": {
            "year_quarter": 20132,
            "year": 2013,
            "quarter": 2,
            "eps": 0.68,
            "eps_growth_year": -2.92,
            "eps_4q": 2.34,
            "eps_4q_growth_year": -9.29,
            "roe": 3.23,
            "roe_4q": 11.1,
            "gross_profit": 154817,
            "gross_margin": 8.26,
            "gross_margin_4q_avg": 8.75,
            "net_income": 56913,
            "net_income_4q": null,
            "revenue": 1874986,
            "revenue_4q": null,
            "common_shares": 794116,
            "book_valuer_per_share": 20.57,
            "book_valuer_per_share_4q_avg": 21.47,
            "equity": 1692149,
            "current_ratio": 133.11,
            "debt_ratio": 64.63,
            "inventory_turnover_ratio": 0.83,
            "account_receivable_turnover_ratio": 1.28,
            "reinvestment_rate": 20.28,
            "research_to_sale_ratio": 0.16,
            "price_fair": 78.23,
            "eps_avg_yearly": 2.24,
            "eps_latest_yearly": 2.72,
            "eps_growth_yearly": 29.13
        },
        "20133": {
            "year_quarter": 20133,
            "year": 2013,
            "quarter": 3,
            "eps": 0.62,
            "eps_growth_year": 18.64,
            "eps_4q": 2.46,
            "eps_4q_growth_year": -6.03,
            "roe": 3.06,
            "roe_4q": 11.8,
            "gross_profit": 164224,
            "gross_margin": 8.88,
            "gross_margin_4q_avg": 8.63,
            "net_income": 52584,
            "net_income_4q": null,
            "revenue": 1848484,
            "revenue_4q": null,
            "common_shares": 833822,
            "book_valuer_per_share": 20.21,
            "book_valuer_per_share_4q_avg": 21.23,
            "equity": 1743375,
            "current_ratio": 141.12,
            "debt_ratio": 60.15,
            "inventory_turnover_ratio": 0.82,
            "account_receivable_turnover_ratio": 1.2,
            "reinvestment_rate": 18.61,
            "research_to_sale_ratio": 0.16,
            "price_fair": 71.03,
            "eps_avg_yearly": 2.3,
            "eps_latest_yearly": 2.48,
            "eps_growth_yearly": 20.88
        },
        "20134": {
            "year_quarter": 20134,
            "year": 2013,
            "quarter": 4,
            "eps": 0.59,
            "eps_growth_year": 6.55,
            "eps_4q": 2.52,
            "eps_4q_growth_year": -2.17,
            "roe": 2.84,
            "roe_4q": 12.07,
            "gross_profit": 165132,
            "gross_margin": 8.6,
            "gross_margin_4q_avg": 8.6,
            "net_income": 50315,
            "net_income_4q": null,
            "revenue": 1921246,
            "revenue_4q": null,
            "common_shares": 833822,
            "book_valuer_per_share": 20.8,
            "book_valuer_per_share_4q_avg": 20.99,
            "equity": 1793690,
            "current_ratio": 139.02,
            "debt_ratio": 61.52,
            "inventory_turnover_ratio": 0.87,
            "account_receivable_turnover_ratio": 1.31,
            "reinvestment_rate": -7.29,
            "research_to_sale_ratio": 0.09,
            "price_fair": 78.56,
            "eps_avg_yearly": 2.37,
            "eps_latest_yearly": 2.36,
            "eps_growth_yearly": 23.15
        },
        "20141": {
            "year_quarter": 20141,
            "year": 2014,
            "quarter": 1,
            "eps": 0.65,
            "eps_growth_year": -1.52,
            "eps_4q": 2.54,
            "eps_4q_growth_year": 4.14,
            "roe": 3.02,
            "roe_4q": 12.15,
            "gross_profit": 164745,
            "gross_margin": 8.28,
            "gross_margin_4q_avg": 8.51,
            "net_income": 54917,
            "net_income_4q": null,
            "revenue": 1990157,
            "revenue_4q": null,
            "common_shares": 833822,
            "book_valuer_per_share": 21.45,
            "book_valuer_per_share_4q_avg": 20.76,
            "equity": 1848607,
            "current_ratio": 143.41,
            "debt_ratio": 59.22,
            "inventory_turnover_ratio": 0.82,
            "account_receivable_turnover_ratio": 1.56,
            "reinvestment_rate": -6.61,
            "research_to_sale_ratio": 0.13,
            "price_fair": 77.32,
            "eps_avg_yearly": 2.44,
            "eps_latest_yearly": 2.6,
            "eps_growth_yearly": 21.66
        },
        "20142": {
            "year_quarter": 20142,
            "year": 2014,
            "quarter": 2,
            "eps": 0.69,
            "eps_growth_year": 1.47,
            "eps_4q": 2.38,
            "eps_4q_growth_year": 1.79,
            "roe": 3.6,
            "roe_4q": 12.520000000000001,
            "gross_profit": 184662,
            "gross_margin": 7.97,
            "gross_margin_4q_avg": 8.43,
            "net_income": 64706,
            "net_income_4q": null,
            "revenue": 2316922,
            "revenue_4q": null,
            "common_shares": 833822,
            "book_valuer_per_share": 20.2,
            "book_valuer_per_share_4q_avg": 20.67,
            "equity": 1743833,
            "current_ratio": 130.84,
            "debt_ratio": 66.39,
            "inventory_turnover_ratio": 0.85,
            "account_receivable_turnover_ratio": 1.8,
            "reinvestment_rate": -9.77,
            "research_to_sale_ratio": 0.12,
            "price_fair": 72.86,
            "eps_avg_yearly": 2.51,
            "eps_latest_yearly": 2.76,
            "eps_growth_yearly": 19.03
        },
        "20143": {
            "year_quarter": 20143,
            "year": 2014,
            "quarter": 3,
            "eps": 0.62,
            "eps_growth_year": 0,
            "eps_4q": 2.43,
            "eps_4q_growth_year": -1.02,
            "roe": 3.27,
            "roe_4q": 12.73,
            "gross_profit": 177471,
            "gross_margin": 8.51,
            "gross_margin_4q_avg": 8.34,
            "net_income": 57915,
            "net_income_4q": null,
            "revenue": 2084966,
            "revenue_4q": null,
            "common_shares": 917204,
            "book_valuer_per_share": 18.98,
            "book_valuer_per_share_4q_avg": 20.36,
            "equity": 1801748,
            "current_ratio": 134.22,
            "debt_ratio": 64.3,
            "inventory_turnover_ratio": 0.73,
            "account_receivable_turnover_ratio": 1.39,
            "reinvestment_rate": -4.34,
            "research_to_sale_ratio": 0.17,
            "price_fair": 66.23,
            "eps_avg_yearly": 2.56,
            "eps_latest_yearly": 2.48,
            "eps_growth_yearly": 15.9
        },
        "20144": {
            "year_quarter": 20144,
            "year": 2014,
            "quarter": 4,
            "eps": 0.61,
            "eps_growth_year": 2.94,
            "eps_4q": 2.5,
            "eps_4q_growth_year": -0.67,
            "roe": 3.07,
            "roe_4q": 12.959999999999999,
            "gross_profit": 167938,
            "gross_margin": 8.3,
            "gross_margin_4q_avg": 8.27,
            "net_income": 56226,
            "net_income_4q": null,
            "revenue": 2023094,
            "revenue_4q": null,
            "common_shares": 917204,
            "book_valuer_per_share": 19.59,
            "book_valuer_per_share_4q_avg": 20.06,
            "equity": 1857974,
            "current_ratio": 135.1,
            "debt_ratio": 64.11,
            "inventory_turnover_ratio": 0.73,
            "account_receivable_turnover_ratio": 1.39,
            "reinvestment_rate": -3.78,
            "research_to_sale_ratio": 0.14,
            "price_fair": 35.39,
            "eps_avg_yearly": 2.55,
            "eps_latest_yearly": 2.44,
            "eps_growth_yearly": 3.87
        },
        "20151": {
            "year_quarter": 20151,
            "year": 2015,
            "quarter": 1,
            "eps": 0.6,
            "eps_growth_year": -7.69,
            "eps_4q": 2.51,
            "eps_4q_growth_year": -1.05,
            "roe": 3,
            "roe_4q": 12.94,
            "gross_profit": 184075,
            "gross_margin": 8.74,
            "gross_margin_4q_avg": 8.38,
            "net_income": 56558,
            "net_income_4q": null,
            "revenue": 2105628,
            "revenue_4q": null,
            "common_shares": 917204,
            "book_valuer_per_share": 20.19,
            "book_valuer_per_share_4q_avg": 19.74,
            "equity": 1914532,
            "current_ratio": 140.58,
            "debt_ratio": 61.26,
            "inventory_turnover_ratio": 0.74,
            "account_receivable_turnover_ratio": 1.69,
            "reinvestment_rate": -3.82,
            "research_to_sale_ratio": 0.14,
            "price_fair": 32.16,
            "eps_avg_yearly": 2.54,
            "eps_latest_yearly": 2.4,
            "eps_growth_yearly": 2.66
        },
        "20152": {
            "year_quarter": 20152,
            "year": 2015,
            "quarter": 2,
            "eps": 0.7,
            "eps_growth_year": 1.45,
            "eps_4q": 2.52,
            "eps_4q_growth_year": 6.05,
            "roe": 3.56,
            "roe_4q": 12.9,
            "gross_profit": 192927,
            "gross_margin": 8.86,
            "gross_margin_4q_avg": 8.6,
            "net_income": 65956,
            "net_income_4q": null,
            "revenue": 2177072,
            "revenue_4q": null,
            "common_shares": 917204,
            "book_valuer_per_share": 18.89,
            "book_valuer_per_share_4q_avg": 19.41,
            "equity": 1792974,
            "current_ratio": 134.86,
            "debt_ratio": 63.73,
            "inventory_turnover_ratio": 0.77,
            "account_receivable_turnover_ratio": 1.69,
            "reinvestment_rate": -6.34,
            "research_to_sale_ratio": 0.24,
            "price_fair": 47.07,
            "eps_avg_yearly": 2.56,
            "eps_latest_yearly": 2.8,
            "eps_growth_yearly": 8.37
        },
        "20153": {
            "year_quarter": 20153,
            "year": 2015,
            "quarter": 3,
            "eps": 0.62,
            "eps_growth_year": 0,
            "eps_4q": 2.53,
            "eps_4q_growth_year": 3.88,
            "roe": 3.22,
            "roe_4q": 12.850000000000001,
            "gross_profit": 172984,
            "gross_margin": 8.03,
            "gross_margin_4q_avg": 8.48,
            "net_income": 59380,
            "net_income_4q": null,
            "revenue": 2154486,
            "revenue_4q": null,
            "common_shares": 917204,
            "book_valuer_per_share": 19.51,
            "book_valuer_per_share_4q_avg": 19.55,
            "equity": 1896265,
            "current_ratio": 138.96,
            "debt_ratio": 62.08,
            "inventory_turnover_ratio": 0.81,
            "account_receivable_turnover_ratio": 1.44,
            "reinvestment_rate": -6.45,
            "research_to_sale_ratio": 0.17,
            "price_fair": 48.57,
            "eps_avg_yearly": 2.59,
            "eps_latest_yearly": 2.48,
            "eps_growth_yearly": 8.79
        },
        "20154": {
            "year_quarter": 20154,
            "year": 2015,
            "quarter": 4,
            "eps": 0.53,
            "eps_growth_year": -12.25,
            "eps_4q": 2.45,
            "eps_4q_growth_year": -2.03,
            "roe": 2.66,
            "roe_4q": 12.440000000000001,
            "gross_profit": 183021,
            "gross_margin": 8.83,
            "gross_margin_4q_avg": 8.62,
            "net_income": 51142,
            "net_income_4q": null,
            "revenue": 2073568,
            "revenue_4q": null,
            "common_shares": 917204,
            "book_valuer_per_share": 20.06,
            "book_valuer_per_share_4q_avg": 19.66,
            "equity": 1948745,
            "current_ratio": 143.23,
            "debt_ratio": 59.91,
            "inventory_turnover_ratio": 0.8,
            "account_receivable_turnover_ratio": 1.47,
            "reinvestment_rate": -6.76,
            "research_to_sale_ratio": 0.19,
            "price_fair": 7.67,
            "eps_avg_yearly": 2.56,
            "eps_latest_yearly": 2.12,
            "eps_growth_yearly": -0.5
        },
        "20161": {
            "year_quarter": 20161,
            "year": 2016,
            "quarter": 1,
            "eps": 0.61,
            "eps_growth_year": 1.67,
            "eps_4q": 2.47,
            "eps_4q_growth_year": -1.9,
            "roe": 2.92,
            "roe_4q": 12.360000000000001,
            "gross_profit": 190143,
            "gross_margin": 8.83,
            "gross_margin_4q_avg": 8.64,
            "net_income": 57649,
            "net_income_4q": null,
            "revenue": 2152505,
            "revenue_4q": null,
            "common_shares": 917204,
            "book_valuer_per_share": 20.67,
            "book_valuer_per_share_4q_avg": 19.78,
            "equity": 1998328,
            "current_ratio": 134.42,
            "debt_ratio": 65.63,
            "inventory_turnover_ratio": 0.72,
            "account_receivable_turnover_ratio": 1.76,
            "reinvestment_rate": -4.94,
            "research_to_sale_ratio": 0.15,
            "price_fair": 7.46,
            "eps_avg_yearly": 2.49,
            "eps_latest_yearly": 2.44,
            "eps_growth_yearly": -5.57
        },
        "20162": {
            "year_quarter": 20162,
            "year": 2016,
            "quarter": 2,
            "eps": 0.64,
            "eps_growth_year": -8.57,
            "eps_4q": 2.32,
            "eps_4q_growth_year": -7.86,
            "roe": 3.33,
            "roe_4q": 12.13,
            "gross_profit": 207169,
            "gross_margin": 8.77,
            "gross_margin_4q_avg": 8.62,
            "net_income": 65140,
            "net_income_4q": null,
            "revenue": 2361884,
            "revenue_4q": null,
            "common_shares": 917204,
            "book_valuer_per_share": 19.84,
            "book_valuer_per_share_4q_avg": 20.02,
            "equity": 1917490,
            "current_ratio": 133.83,
            "debt_ratio": 65.6,
            "inventory_turnover_ratio": 0.7,
            "account_receivable_turnover_ratio": 1.9,
            "reinvestment_rate": -4.38,
            "research_to_sale_ratio": 0.14,
            "price_fair": 24.73,
            "eps_avg_yearly": 2.47,
            "eps_latest_yearly": 2.56,
            "eps_growth_yearly": 0.77
        },
        "20163": {
            "year_quarter": 20163,
            "year": 2016,
            "quarter": 3,
            "eps": 0.63,
            "eps_growth_year": 1.61,
            "eps_4q": 2.35,
            "eps_4q_growth_year": -6.89,
            "roe": 3.19,
            "roe_4q": 12.1,
            "gross_profit": 205687,
            "gross_margin": 9.05,
            "gross_margin_4q_avg": 8.87,
            "net_income": 62084,
            "net_income_4q": null,
            "revenue": 2273964,
            "revenue_4q": null,
            "common_shares": 963064,
            "book_valuer_per_share": 19.52,
            "book_valuer_per_share_4q_avg": 20.02,
            "equity": 1979574,
            "current_ratio": 135.71,
            "debt_ratio": 64.9,
            "inventory_turnover_ratio": 0.68,
            "account_receivable_turnover_ratio": 1.64,
            "reinvestment_rate": -4.47,
            "research_to_sale_ratio": 0.17,
            "price_fair": 42.02,
            "eps_avg_yearly": 2.5,
            "eps_latest_yearly": 2.52,
            "eps_growth_yearly": 6.81
        },
        "20164": {
            "year_quarter": 20164,
            "year": 2016,
            "quarter": 4,
            "eps": 0.63,
            "eps_growth_year": 18.97,
            "eps_4q": 2.48,
            "eps_4q_growth_year": 1.08,
            "roe": 3.22,
            "roe_4q": 12.66,
            "gross_profit": 194219,
            "gross_margin": 8.34,
            "gross_margin_4q_avg": 8.75,
            "net_income": 64821,
            "net_income_4q": null,
            "revenue": 2330050,
            "revenue_4q": null,
            "common_shares": 963064,
            "book_valuer_per_share": 20.15,
            "book_valuer_per_share_4q_avg": 20.05,
            "equity": 2044395,
            "current_ratio": 142.04,
            "debt_ratio": 61.9,
            "inventory_turnover_ratio": 0.72,
            "account_receivable_turnover_ratio": 1.55,
            "reinvestment_rate": -6.29,
            "research_to_sale_ratio": 0.15,
            "price_fair": 38.72,
            "eps_avg_yearly": 2.52,
            "eps_latest_yearly": 2.52,
            "eps_growth_yearly": 5.37
        },
        "20171": {
            "year_quarter": 20171,
            "year": 2017,
            "quarter": 1,
            "eps": 0.6,
            "eps_growth_year": -1.64,
            "eps_4q": 2.5,
            "eps_4q_growth_year": 1.31,
            "roe": 2.91,
            "roe_4q": 12.65,
            "gross_profit": 219515,
            "gross_margin": 8.61,
            "gross_margin_4q_avg": 8.69,
            "net_income": 60326,
            "net_income_4q": null,
            "revenue": 2549936,
            "revenue_4q": null,
            "common_shares": 963064,
            "book_valuer_per_share": 20.75,
            "book_valuer_per_share_4q_avg": 20.07,
            "equity": 2104721,
            "current_ratio": 139.35,
            "debt_ratio": 63.91,
            "inventory_turnover_ratio": 0.8,
            "account_receivable_turnover_ratio": 1.7,
            "reinvestment_rate": -6.61,
            "research_to_sale_ratio": 0.14,
            "price_fair": 7.52,
            "eps_avg_yearly": 2.51,
            "eps_latest_yearly": 2.4,
            "eps_growth_yearly": -0.82
        },
        "20172": {
            "year_quarter": 20172,
            "year": 2017,
            "quarter": 2,
            "eps": 0.71,
            "eps_growth_year": 10.94,
            "eps_4q": 2.45,
            "eps_4q_growth_year": 5.38,
            "roe": 3.54,
            "roe_4q": 12.86,
            "gross_profit": 232335,
            "gross_margin": 8.55,
            "gross_margin_4q_avg": 8.64,
            "net_income": 73111,
            "net_income_4q": null,
            "revenue": 2718764,
            "revenue_4q": null,
            "common_shares": 963064,
            "book_valuer_per_share": 19.97,
            "book_valuer_per_share_4q_avg": 20.1,
            "equity": 2023297,
            "current_ratio": 140.71,
            "debt_ratio": 62.87,
            "inventory_turnover_ratio": 0.89,
            "account_receivable_turnover_ratio": 1.73,
            "reinvestment_rate": 6.13,
            "research_to_sale_ratio": 0.13,
            "price_fair": 32.67,
            "eps_avg_yearly": 2.51,
            "eps_latest_yearly": 2.84,
            "eps_growth_yearly": 3
        },
        "20173": {
            "year_quarter": 20173,
            "year": 2017,
            "quarter": 3,
            "eps": 0.68,
            "eps_growth_year": 7.94,
            "eps_4q": 2.53,
            "eps_4q_growth_year": 7.7,
            "roe": 3.5,
            "roe_4q": 13.17,
            "gross_profit": 235637,
            "gross_margin": 9.22,
            "gross_margin_4q_avg": 8.68,
            "net_income": 72174,
            "net_income_4q": null,
            "revenue": 2555512,
            "revenue_4q": null,
            "common_shares": 1011217,
            "book_valuer_per_share": 19.69,
            "book_valuer_per_share_4q_avg": 20.14,
            "equity": 2095471,
            "current_ratio": 138.8,
            "debt_ratio": 62.71,
            "inventory_turnover_ratio": 0.88,
            "account_receivable_turnover_ratio": 1.45,
            "reinvestment_rate": 5.79,
            "research_to_sale_ratio": 0.12,
            "price_fair": 35.77,
            "eps_avg_yearly": 2.53,
            "eps_latest_yearly": 2.72,
            "eps_growth_yearly": 4.15
        },
        "20174": {
            "year_quarter": 20174,
            "year": 2017,
            "quarter": 4,
            "eps": 0.87,
            "eps_growth_year": 37.56,
            "eps_4q": 2.8,
            "eps_4q_growth_year": 13.02,
            "roe": 4.33,
            "roe_4q": 14.280000000000001,
            "gross_profit": 254717,
            "gross_margin": 9.8,
            "gross_margin_4q_avg": 9.05,
            "net_income": 93812,
            "net_income_4q": null,
            "revenue": 2598211,
            "revenue_4q": null,
            "common_shares": 1011217,
            "book_valuer_per_share": 20.42,
            "book_valuer_per_share_4q_avg": 20.21,
            "equity": 2239283,
            "current_ratio": 144.08,
            "debt_ratio": 61.54,
            "inventory_turnover_ratio": 0.91,
            "account_receivable_turnover_ratio": 1.44,
            "reinvestment_rate": 43.84,
            "research_to_sale_ratio": 0.11,
            "price_fair": 58.04,
            "eps_avg_yearly": 2.6,
            "eps_latest_yearly": 3.48,
            "eps_growth_yearly": 12.35
        },
        "20181": {
            "year_quarter": 20181,
            "year": 2018,
            "quarter": 1,
            "eps": 0.83,
            "eps_growth_year": 38.33,
            "eps_4q": 3.06,
            "eps_4q_growth_year": 22.58,
            "roe": 3.96,
            "roe_4q": 15.329999999999998,
            "gross_profit": 257004,
            "gross_margin": 9.48,
            "gross_margin_4q_avg": 9.26,
            "net_income": 90498,
            "net_income_4q": null,
            "revenue": 2710068,
            "revenue_4q": null,
            "common_shares": 1011217,
            "book_valuer_per_share": 21.25,
            "book_valuer_per_share_4q_avg": 20.33,
            "equity": 2329781,
            "current_ratio": 145.63,
            "debt_ratio": 60.98,
            "inventory_turnover_ratio": 0.93,
            "account_receivable_turnover_ratio": 1.59,
            "reinvestment_rate": 42.05,
            "research_to_sale_ratio": 0.15,
            "price_fair": 49.29,
            "eps_avg_yearly": 2.64,
            "eps_latest_yearly": 3.32,
            "eps_growth_yearly": 8.65
        },
        "20182": {
            "year_quarter": 20182,
            "year": 2018,
            "quarter": 2,
            "eps": 0.66,
            "eps_growth_year": -7.04,
            "eps_4q": 2.83,
            "eps_4q_growth_year": 15.49,
            "roe": 3.51,
            "roe_4q": 15.3,
            "gross_profit": 249903,
            "gross_margin": 8.86,
            "gross_margin_4q_avg": 9.34,
            "net_income": 80219,
            "net_income_4q": null,
            "revenue": 2822125,
            "revenue_4q": null,
            "common_shares": 1011217,
            "book_valuer_per_share": 20.48,
            "book_valuer_per_share_4q_avg": 20.46,
            "equity": 2235723,
            "current_ratio": 135.41,
            "debt_ratio": 65.75,
            "inventory_turnover_ratio": 0.89,
            "account_receivable_turnover_ratio": 1.61,
            "reinvestment_rate": 42.22,
            "research_to_sale_ratio": 0.1,
            "price_fair": 31.61,
            "eps_avg_yearly": 2.64,
            "eps_latest_yearly": 2.64,
            "eps_growth_yearly": 2
        },
        "20183": {
            "year_quarter": 20183,
            "year": 2018,
            "quarter": 3,
            "eps": 0.65,
            "eps_growth_year": -4.41,
            "eps_4q": 2.86,
            "eps_4q_growth_year": 12.94,
            "roe": 3.62,
            "roe_4q": 15.42,
            "gross_profit": 280545,
            "gross_margin": 9.44,
            "gross_margin_4q_avg": 9.4,
            "net_income": 82469,
            "net_income_4q": null,
            "revenue": 2972862,
            "revenue_4q": null,
            "common_shares": 1112339,
            "book_valuer_per_share": 19.27,
            "book_valuer_per_share_4q_avg": 20.36,
            "equity": 2318202,
            "current_ratio": 138.32,
            "debt_ratio": 64.16,
            "inventory_turnover_ratio": 0.94,
            "account_receivable_turnover_ratio": 1.44,
            "reinvestment_rate": 42.18,
            "research_to_sale_ratio": 0.1,
            "price_fair": 37.4,
            "eps_avg_yearly": 2.64,
            "eps_latest_yearly": 2.6,
            "eps_growth_yearly": 4.15
        },
        "20184": {
            "year_quarter": 20184,
            "year": 2018,
            "quarter": 4,
            "eps": 0.79,
            "eps_growth_year": -9.45,
            "eps_4q": 2.86,
            "eps_4q_growth_year": 2.03,
            "roe": 3.89,
            "roe_4q": 14.98,
            "gross_profit": 306962,
            "gross_margin": 11.45,
            "gross_margin_4q_avg": 9.81,
            "net_income": 93927,
            "net_income_4q": null,
            "revenue": 2681760,
            "revenue_4q": null,
            "common_shares": 1112339,
            "book_valuer_per_share": 20.32,
            "book_valuer_per_share_4q_avg": 20.33,
            "equity": 2516447,
            "current_ratio": 143.99,
            "debt_ratio": 61.65,
            "inventory_turnover_ratio": 0.87,
            "account_receivable_turnover_ratio": 1.27,
            "reinvestment_rate": 41.1,
            "research_to_sale_ratio": 0.1,
            "price_fair": 53.59,
            "eps_avg_yearly": 2.69,
            "eps_latest_yearly": 3.16,
            "eps_growth_yearly": 9.94
        },
        "20191": {
            "year_quarter": 20191,
            "year": 2019,
            "quarter": 1,
            "eps": 0.68,
            "eps_growth_year": -18.07,
            "eps_4q": 2.78,
            "eps_4q_growth_year": -9.06,
            "roe": 3.27,
            "roe_4q": 14.290000000000001,
            "gross_profit": 277840,
            "gross_margin": 9.36,
            "gross_margin_4q_avg": 9.78,
            "net_income": 83652,
            "net_income_4q": null,
            "revenue": 2967395,
            "revenue_4q": null,
            "common_shares": 1112339,
            "book_valuer_per_share": 21,
            "book_valuer_per_share_4q_avg": 20.27,
            "equity": 2600099,
            "current_ratio": 144,
            "debt_ratio": 62.29,
            "inventory_turnover_ratio": 0.94,
            "account_receivable_turnover_ratio": 1.53,
            "reinvestment_rate": 55.1,
            "research_to_sale_ratio": 0.13,
            "price_fair": 45.67,
            "eps_avg_yearly": 2.71,
            "eps_latest_yearly": 2.72,
            "eps_growth_yearly": 6.87
        },
        "20192": {
            "year_quarter": 20192,
            "year": 2019,
            "quarter": 2,
            "eps": 0.84,
            "eps_growth_year": 27.27,
            "eps_4q": 2.77,
            "eps_4q_growth_year": -2.18,
            "roe": 4.35,
            "roe_4q": 15.129999999999999,
            "gross_profit": 330708,
            "gross_margin": 10.4,
            "gross_margin_4q_avg": 10.16,
            "net_income": 111338,
            "net_income_4q": null,
            "revenue": 3178610,
            "revenue_4q": null,
            "common_shares": 1112339,
            "book_valuer_per_share": 20.42,
            "book_valuer_per_share_4q_avg": 20.25,
            "equity": 2523003,
            "current_ratio": 136,
            "debt_ratio": 65.88,
            "inventory_turnover_ratio": 0.94,
            "account_receivable_turnover_ratio": 1.51,
            "reinvestment_rate": 54.87,
            "research_to_sale_ratio": 0.09,
            "price_fair": 50.97,
            "eps_avg_yearly": 2.74,
            "eps_latest_yearly": 3.36,
            "eps_growth_yearly": 8.59
        },
        "20193": {
            "year_quarter": 20193,
            "year": 2019,
            "quarter": 3,
            "eps": 0.71,
            "eps_growth_year": 9.23,
            "eps_4q": 2,
            "eps_4q_growth_year": -30.1,
            "roe": 3.4,
            "roe_4q": 14.91,
            "gross_profit": 333203,
            "gross_margin": 10.48,
            "gross_margin_4q_avg": 10.42,
            "net_income": 119360,
            "net_income_4q": null,
            "revenue": 3178121,
            "revenue_4q": null,
            "common_shares": 1883573,
            "book_valuer_per_share": 22.28,
            "book_valuer_per_share_4q_avg": 21.01,
            "equity": 4506576,
            "current_ratio": 227.46,
            "debt_ratio": 42.11,
            "inventory_turnover_ratio": 0.98,
            "account_receivable_turnover_ratio": 1.31,
            "reinvestment_rate": 54.34,
            "research_to_sale_ratio": 0.09,
            "price_fair": 48.59,
            "eps_avg_yearly": 2.77,
            "eps_latest_yearly": 2.84,
            "eps_growth_yearly": 7.57
        },
        "20194": {
            "year_quarter": 20194,
            "year": 2019,
            "quarter": 4,
            "eps": 0.48,
            "eps_growth_year": -39.2,
            "eps_4q": 2.01,
            "eps_4q_growth_year": -29.54,
            "roe": 2.21,
            "roe_4q": 13.229999999999999,
            "gross_profit": 309138,
            "gross_margin": 10.36,
            "gross_margin_4q_avg": 10.15,
            "net_income": 100481,
            "net_income_4q": null,
            "revenue": 2982873,
            "revenue_4q": null,
            "common_shares": 1883573,
            "book_valuer_per_share": 22.76,
            "book_valuer_per_share_4q_avg": 21.62,
            "equity": 4607057,
            "current_ratio": 231.16,
            "debt_ratio": 41.48,
            "inventory_turnover_ratio": 0.93,
            "account_receivable_turnover_ratio": 1.28,
            "reinvestment_rate": 51.56,
            "research_to_sale_ratio": 0.08,
            "price_fair": 36.07,
            "eps_avg_yearly": 2.75,
            "eps_latest_yearly": 1.92,
            "eps_growth_yearly": 3.1
        },
        "20201": {
            "year_quarter": 20201,
            "year": 2020,
            "quarter": 1,
            "eps": 0.63,
            "eps_growth_year": -7.35,
            "eps_4q": 2.24,
            "eps_4q_growth_year": -19.47,
            "roe": 2.67,
            "roe_4q": 12.629999999999999,
            "gross_profit": 399912,
            "gross_margin": 12.37,
            "gross_margin_4q_avg": 10.9,
            "net_income": 124813,
            "net_income_4q": null,
            "revenue": 3233283,
            "revenue_4q": null,
            "common_shares": 1883573,
            "book_valuer_per_share": 23.39,
            "book_valuer_per_share_4q_avg": 22.21,
            "equity": 4731870,
            "current_ratio": 226.21,
            "debt_ratio": 42.3,
            "inventory_turnover_ratio": 0.86,
            "account_receivable_turnover_ratio": 1.6,
            "reinvestment_rate": 49.3,
            "research_to_sale_ratio": 0.15,
            "price_fair": 47.27,
            "eps_avg_yearly": 2.76,
            "eps_latest_yearly": 2.52,
            "eps_growth_yearly": 7.14
        },
        "20202": {
            "year_quarter": 20202,
            "year": 2020,
            "quarter": 2,
            "eps": 0.85,
            "eps_growth_year": 1.19,
            "eps_4q": 2.55,
            "eps_4q_growth_year": -7.89,
            "roe": 3.64,
            "roe_4q": 11.92,
            "gross_profit": 449830,
            "gross_margin": 11.74,
            "gross_margin_4q_avg": 11.24,
            "net_income": 164417,
            "net_income_4q": null,
            "revenue": 3830006,
            "revenue_4q": null,
            "common_shares": 1883573,
            "book_valuer_per_share": 21.24,
            "book_valuer_per_share_4q_avg": 22.42,
            "equity": 4301211,
            "current_ratio": 193.12,
            "debt_ratio": 47.8,
            "inventory_turnover_ratio": 1.02,
            "account_receivable_turnover_ratio": 1.89,
            "reinvestment_rate": 53.19,
            "research_to_sale_ratio": 0.1,
            "price_fair": 69.25,
            "eps_avg_yearly": 2.81,
            "eps_latest_yearly": 3.4,
            "eps_growth_yearly": 14.64
        },
        "20203": {
            "year_quarter": 20203,
            "year": 2020,
            "quarter": 3,
            "eps": 0.73,
            "eps_growth_year": 2.82,
            "eps_4q": 2.69,
            "eps_4q_growth_year": 34.54,
            "roe": 3.31,
            "roe_4q": 11.830000000000002,
            "gross_profit": 400995,
            "gross_margin": 11.72,
            "gross_margin_4q_avg": 11.55,
            "net_income": 144688,
            "net_income_4q": null,
            "revenue": 3422583,
            "revenue_4q": null,
            "common_shares": 1883573,
            "book_valuer_per_share": 21.97,
            "book_valuer_per_share_4q_avg": 22.34,
            "equity": 4445899,
            "current_ratio": 207.17,
            "debt_ratio": 44.71,
            "inventory_turnover_ratio": 0.97,
            "account_receivable_turnover_ratio": 1.45,
            "reinvestment_rate": 51.2,
            "research_to_sale_ratio": 0.12,
            "price_fair": 60.97,
            "eps_avg_yearly": 2.84,
            "eps_latest_yearly": 2.92,
            "eps_growth_yearly": 11.5
        },
        "20204": {
            "year_quarter": 20204,
            "year": 2020,
            "quarter": 4,
            "eps": 0.7,
            "eps_growth_year": 46.48,
            "eps_4q": 2.91,
            "eps_4q_growth_year": 44.69,
            "roe": 3.16,
            "roe_4q": 12.780000000000001,
            "gross_profit": 370645,
            "gross_margin": 12.25,
            "gross_margin_4q_avg": 12.02,
            "net_income": 142181,
            "net_income_4q": null,
            "revenue": 3026649,
            "revenue_4q": null,
            "common_shares": 1883573,
            "book_valuer_per_share": 22.68,
            "book_valuer_per_share_4q_avg": 22.32,
            "equity": 4546346,
            "current_ratio": 207.86,
            "debt_ratio": 44.2,
            "inventory_turnover_ratio": 0.88,
            "account_receivable_turnover_ratio": 1.35,
            "reinvestment_rate": 52.32,
            "research_to_sale_ratio": 0.12,
            "price_fair": 58.41,
            "eps_avg_yearly": 2.85,
            "eps_latest_yearly": 2.8,
            "eps_growth_yearly": 10.48
        },
        "20211": {
            "year_quarter": 20211,
            "year": 2021,
            "quarter": 1,
            "eps": 1.18,
            "eps_growth_year": 87.3,
            "eps_4q": 3.47,
            "eps_4q_growth_year": 54.62,
            "roe": 5.23,
            "roe_4q": 15.340000000000002,
            "gross_profit": 373836,
            "gross_margin": 12.49,
            "gross_margin_4q_avg": 12.05,
            "net_income": 227378,
            "net_income_4q": null,
            "revenue": 2993335,
            "revenue_4q": null,
            "common_shares": 1883573,
            "book_valuer_per_share": 21.13,
            "book_valuer_per_share_4q_avg": 21.76,
            "equity": 4151754,
            "current_ratio": 184.98,
            "debt_ratio": 48.4,
            "inventory_turnover_ratio": 0.9,
            "account_receivable_turnover_ratio": 1.52,
            "reinvestment_rate": 47.56,
            "research_to_sale_ratio": 0.19,
            "price_fair": 104.91,
            "eps_avg_yearly": 3,
            "eps_latest_yearly": 4.72,
            "eps_growth_yearly": 28.81
        },
        "20212": {
            "year_quarter": 20212,
            "year": 2021,
            "quarter": 2,
            "eps": 0.48,
            "eps_growth_year": -43.53,
            "eps_4q": 3.09,
            "eps_4q_growth_year": 21.39,
            "roe": 2.17,
            "roe_4q": 13.870000000000001,
            "gross_profit": 351370,
            "gross_margin": 12.78,
            "gross_margin_4q_avg": 12.31,
            "net_income": 90883,
            "net_income_4q": null,
            "revenue": 2748667,
            "revenue_4q": null,
            "common_shares": 1883573,
            "book_valuer_per_share": 21.63,
            "book_valuer_per_share_4q_avg": 21.85,
            "equity": 4242735,
            "current_ratio": 174.63,
            "debt_ratio": 50.54,
            "inventory_turnover_ratio": 0.81,
            "account_receivable_turnover_ratio": 1.31,
            "reinvestment_rate": 46.93,
            "research_to_sale_ratio": 0.3,
            "price_fair": 57.03,
            "eps_avg_yearly": 2.94,
            "eps_latest_yearly": 1.92,
            "eps_growth_yearly": 9.4
        },
        "20213": {
            "year_quarter": 20213,
            "year": 2021,
            "quarter": 3,
            "eps": 0.71,
            "eps_growth_year": -2.74,
            "eps_4q": 3.08,
            "eps_4q_growth_year": 14.28,
            "roe": 3.25,
            "roe_4q": 13.81,
            "gross_profit": 408702,
            "gross_margin": 12.91,
            "gross_margin_4q_avg": 12.61,
            "net_income": 139619,
            "net_income_4q": null,
            "revenue": 3164845,
            "revenue_4q": null,
            "common_shares": 1883573,
            "book_valuer_per_share": 22.25,
            "book_valuer_per_share_4q_avg": 21.92,
            "equity": 4358556,
            "current_ratio": 174.6,
            "debt_ratio": 50.77,
            "inventory_turnover_ratio": 0.92,
            "account_receivable_turnover_ratio": 1.32,
            "reinvestment_rate": 46.74,
            "research_to_sale_ratio": 0.24,
            "price_fair": 95.59,
            "eps_avg_yearly": 2.95,
            "eps_latest_yearly": 2.84,
            "eps_growth_yearly": 22.43
        },
        "20214": {
            "year_quarter": 20214,
            "year": 2021,
            "quarter": 4,
            "eps": 0.69,
            "eps_growth_year": -1.4,
            "eps_4q": 3.07,
            "eps_4q_growth_year": 5.2,
            "roe": 3.18,
            "roe_4q": 13.83,
            "gross_profit": 417107,
            "gross_margin": 13.69,
            "gross_margin_4q_avg": 12.97,
            "net_income": 140255,
            "net_income_4q": null,
            "revenue": 3045987,
            "revenue_4q": null,
            "common_shares": 1883573,
            "book_valuer_per_share": 22.78,
            "book_valuer_per_share_4q_avg": 21.95,
            "equity": 4458658,
            "current_ratio": 187.76,
            "debt_ratio": 47.12,
            "inventory_turnover_ratio": 0.9,
            "account_receivable_turnover_ratio": 1.11,
            "reinvestment_rate": 26.56,
            "research_to_sale_ratio": 0.26,
            "price_fair": 71.82,
            "eps_avg_yearly": 2.9,
            "eps_latest_yearly": 2.76,
            "eps_growth_yearly": 14.74
        },
        "20221": {
            "year_quarter": 20221,
            "year": 2022,
            "quarter": 1,
            "eps": 0.45,
            "eps_growth_year": -61.86,
            "eps_4q": 2.33,
            "eps_4q_growth_year": -32.66,
            "roe": 1.91,
            "roe_4q": 10.51,
            "gross_profit": 377498,
            "gross_margin": 13.43,
            "gross_margin_4q_avg": 13.2,
            "net_income": 81712,
            "net_income_4q": null,
            "revenue": 2811279,
            "revenue_4q": null,
            "common_shares": 1883573,
            "book_valuer_per_share": 20.95,
            "book_valuer_per_share_4q_avg": 21.9,
            "equity": 4110452,
            "current_ratio": 171.55,
            "debt_ratio": 50.14,
            "inventory_turnover_ratio": 0.85,
            "account_receivable_turnover_ratio": 1.05,
            "reinvestment_rate": 27.2,
            "research_to_sale_ratio": 0.34,
            "price_fair": 48.28,
            "eps_avg_yearly": 2.81,
            "eps_latest_yearly": 1.8,
            "eps_growth_yearly": 7.2
        },
        "20222": {
            "year_quarter": 20222,
            "year": 2022,
            "quarter": 2,
            "eps": 0.52,
            "eps_growth_year": 8.33,
            "eps_4q": 2.38,
            "eps_4q_growth_year": -23.21,
            "roe": 2.43,
            "roe_4q": 10.77,
            "gross_profit": 420805,
            "gross_margin": 13.91,
            "gross_margin_4q_avg": 13.49,
            "net_income": 100725,
            "net_income_4q": null,
            "revenue": 3025117,
            "revenue_4q": null,
            "common_shares": 1883573,
            "book_valuer_per_share": 21.33,
            "book_valuer_per_share_4q_avg": 21.83,
            "equity": 4168093,
            "current_ratio": 171.2,
            "debt_ratio": 50.42,
            "inventory_turnover_ratio": 0.9,
            "account_receivable_turnover_ratio": 1.2,
            "reinvestment_rate": 25.77,
            "research_to_sale_ratio": 0.3,
            "price_fair": 72.66,
            "eps_avg_yearly": 2.77,
            "eps_latest_yearly": 2.08,
            "eps_growth_yearly": 16.21
        },
        "20223": {
            "year_quarter": 20223,
            "year": 2022,
            "quarter": 3,
            "eps": 0.73,
            "eps_growth_year": 2.82,
            "eps_4q": 2.4,
            "eps_4q_growth_year": -22.13,
            "roe": 3.44,
            "roe_4q": 10.96,
            "gross_profit": 468114,
            "gross_margin": 14.59,
            "gross_margin_4q_avg": 13.91,
            "net_income": 145755,
            "net_income_4q": null,
            "revenue": 3208491,
            "revenue_4q": null,
            "common_shares": 1883573,
            "book_valuer_per_share": 22.02,
            "book_valuer_per_share_4q_avg": 21.77,
            "equity": 4305150,
            "current_ratio": 169.96,
            "debt_ratio": 51.16,
            "inventory_turnover_ratio": 0.88,
            "account_receivable_turnover_ratio": 1.19,
            "reinvestment_rate": 23.71,
            "research_to_sale_ratio": 0.29,
            "price_fair": 97.74,
            "eps_avg_yearly": 2.79,
            "eps_latest_yearly": 2.92,
            "eps_growth_yearly": 26.68
        },
        "20224": {
            "year_quarter": 20224,
            "year": 2022,
            "quarter": 4,
            "eps": 0.49,
            "eps_growth_year": -29.68,
            "eps_4q": 2.19,
            "eps_4q_growth_year": -28.58,
            "roe": 2.35,
            "roe_4q": 10.13,
            "gross_profit": 418157,
            "gross_margin": 13.63,
            "gross_margin_4q_avg": 13.89,
            "net_income": 102556,
            "net_income_4q": null,
            "revenue": 3068138,
            "revenue_4q": null,
            "common_shares": 1883573,
            "book_valuer_per_share": 22.52,
            "book_valuer_per_share_4q_avg": 21.71,
            "equity": 4404947,
            "current_ratio": 164.2,
            "debt_ratio": 51.76,
            "inventory_turnover_ratio": 0.79,
            "account_receivable_turnover_ratio": 1.11,
            "reinvestment_rate": 32.5,
            "research_to_sale_ratio": 0.4,
            "price_fair": 62.71,
            "eps_avg_yearly": 2.72,
            "eps_latest_yearly": 1.96,
            "eps_growth_yearly": 13.08
        },
        "20231": {
            "year_quarter": 20231,
            "year": 2023,
            "quarter": 1,
            "eps": 1.17,
            "eps_growth_year": 160,
            "eps_4q": 2.91,
            "eps_4q_growth_year": 24.44,
            "roe": 5.02,
            "roe_4q": 13.239999999999998,
            "gross_profit": 510286,
            "gross_margin": 15,
            "gross_margin_4q_avg": 14.28,
            "net_income": 216541,
            "net_income_4q": null,
            "revenue": 3401208,
            "revenue_4q": null,
            "common_shares": 1883573,
            "book_valuer_per_share": 21.61,
            "book_valuer_per_share_4q_avg": 21.87,
            "equity": 4230086,
            "current_ratio": 154.42,
            "debt_ratio": 54.42,
            "inventory_turnover_ratio": 0.86,
            "account_receivable_turnover_ratio": 1.22,
            "reinvestment_rate": 27.31,
            "research_to_sale_ratio": 0.43,
            "price_fair": 99.4,
            "eps_avg_yearly": 2.84,
            "eps_latest_yearly": 4.68,
            "eps_growth_yearly": 51.25
        },
        "20232": {
            "year_quarter": 20232,
            "year": 2023,
            "quarter": 2,
            "eps": 0.87,
            "eps_growth_year": 67.31,
            "eps_4q": 3.26,
            "eps_4q_growth_year": 37.04,
            "roe": 3.82,
            "roe_4q": 14.629999999999999,
            "gross_profit": 517230,
            "gross_margin": 14.48,
            "gross_margin_4q_avg": 14.43,
            "net_income": 164095,
            "net_income_4q": null,
            "revenue": 3573174,
            "revenue_4q": null,
            "common_shares": 1883573,
            "book_valuer_per_share": 22.42,
            "book_valuer_per_share_4q_avg": 22.14,
            "equity": 4370297,
            "current_ratio": 153.68,
            "debt_ratio": 53.45,
            "inventory_turnover_ratio": 0.92,
            "account_receivable_turnover_ratio": 1.29,
            "reinvestment_rate": 29.25,
            "research_to_sale_ratio": 0.35,
            "price_fair": 99.66,
            "eps_avg_yearly": 2.85,
            "eps_latest_yearly": 3.48,
            "eps_growth_yearly": 38.96
        },
        "20233": {
            "year_quarter": 20233,
            "year": 2023,
            "quarter": 3,
            "eps": 0.71,
            "eps_growth_year": -2.74,
            "eps_4q": 3.23,
            "eps_4q_growth_year": 34.98,
            "roe": 3.1,
            "roe_4q": 14.29,
            "gross_profit": 597901,
            "gross_margin": 16.54,
            "gross_margin_4q_avg": 14.91,
            "net_income": 137951,
            "net_income_4q": null,
            "revenue": 3615400,
            "revenue_4q": null,
            "common_shares": 1883573,
            "book_valuer_per_share": 23.31,
            "book_valuer_per_share_4q_avg": 22.47,
            "equity": 4540683,
            "current_ratio": 152.26,
            "debt_ratio": 54.77,
            "inventory_turnover_ratio": 0.91,
            "account_receivable_turnover_ratio": 1.23,
            "reinvestment_rate": 26.24,
            "research_to_sale_ratio": 0.32,
            "price_fair": 99.66,
            "eps_avg_yearly": 2.85,
            "eps_latest_yearly": 2.84,
            "eps_growth_yearly": 38.23
        }
    },
    "months": {
        "2001-08": {
            "month": "2001-08",
            "price": "66.56",
            "revenue": 218203
        },
        "2001-09": {
            "month": "2001-09",
            "price": "42.34",
            "revenue": 201155
        },
        "2001-10": {
            "month": "2001-10",
            "price": "43.13",
            "revenue": 176855
        },
        "2001-11": {
            "month": "2001-11",
            "price": "49.58",
            "revenue": 180064
        },
        "2001-12": {
            "month": "2001-12",
            "price": "64.79",
            "revenue": 193270
        },
        "2002-01": {
            "month": "2002-01",
            "price": "69.57",
            "revenue": 195688
        },
        "2002-02": {
            "month": "2002-02",
            "price": "67.08",
            "revenue": 175513
        },
        "2002-03": {
            "month": "2002-03",
            "price": "59.64",
            "revenue": 205984
        },
        "2002-04": {
            "month": "2002-04",
            "price": "54.20",
            "revenue": 171214
        },
        "2002-05": {
            "month": "2002-05",
            "price": "40.29",
            "revenue": 170454
        },
        "2002-06": {
            "month": "2002-06",
            "price": "35.86",
            "revenue": 198976
        },
        "2002-07": {
            "month": "2002-07",
            "price": "31.60",
            "revenue": 183534
        },
        "2002-08": {
            "month": "2002-08",
            "price": "27.07",
            "revenue": 169629
        },
        "2002-09": {
            "month": "2002-09",
            "price": "22.92",
            "revenue": 184675
        },
        "2002-10": {
            "month": "2002-10",
            "price": "19.79",
            "revenue": 161662
        },
        "2002-11": {
            "month": "2002-11",
            "price": "18.38",
            "revenue": 190251
        },
        "2002-12": {
            "month": "2002-12",
            "price": "15.90",
            "revenue": 231765
        },
        "2003-01": {
            "month": "2003-01",
            "price": "17.16",
            "revenue": 198290
        },
        "2003-02": {
            "month": "2003-02",
            "price": "16.32",
            "revenue": 145280
        },
        "2003-03": {
            "month": "2003-03",
            "price": "15.39",
            "revenue": 188552
        },
        "2003-04": {
            "month": "2003-04",
            "price": "14.60",
            "revenue": 178374
        },
        "2003-05": {
            "month": "2003-05",
            "price": "12.73",
            "revenue": 166374
        },
        "2003-06": {
            "month": "2003-06",
            "price": "15.10",
            "revenue": 199081
        },
        "2003-07": {
            "month": "2003-07",
            "price": "16.16",
            "revenue": 194417
        },
        "2003-08": {
            "month": "2003-08",
            "price": "14.87",
            "revenue": 144210
        },
        "2003-09": {
            "month": "2003-09",
            "price": "13.68",
            "revenue": 175523
        },
        "2003-10": {
            "month": "2003-10",
            "price": "13.92",
            "revenue": 155478
        },
        "2003-11": {
            "month": "2003-11",
            "price": "13.52",
            "revenue": 214813
        },
        "2003-12": {
            "month": "2003-12",
            "price": "13.32",
            "revenue": 259848
        },
        "2004-01": {
            "month": "2004-01",
            "price": "14.77",
            "revenue": 201519
        },
        "2004-02": {
            "month": "2004-02",
            "price": "15.84",
            "revenue": 141575
        },
        "2004-03": {
            "month": "2004-03",
            "price": "15.09",
            "revenue": 173589
        },
        "2004-04": {
            "month": "2004-04",
            "price": "13.60",
            "revenue": 132213
        },
        "2004-05": {
            "month": "2004-05",
            "price": "11.20",
            "revenue": 124697
        },
        "2004-06": {
            "month": "2004-06",
            "price": "10.31",
            "revenue": 200905
        },
        "2004-07": {
            "month": "2004-07",
            "price": "9.28",
            "revenue": 110946
        },
        "2004-08": {
            "month": "2004-08",
            "price": "10.13",
            "revenue": 182149
        },
        "2004-09": {
            "month": "2004-09",
            "price": "9.39",
            "revenue": 211822
        },
        "2004-10": {
            "month": "2004-10",
            "price": "9.31",
            "revenue": 153672
        },
        "2004-11": {
            "month": "2004-11",
            "price": "9.21",
            "revenue": 156126
        },
        "2004-12": {
            "month": "2004-12",
            "price": "8.69",
            "revenue": 253578
        },
        "2005-01": {
            "month": "2005-01",
            "price": "8.36",
            "revenue": 172157
        },
        "2005-02": {
            "month": "2005-02",
            "price": "8.88",
            "revenue": 124849
        },
        "2005-03": {
            "month": "2005-03",
            "price": "9.11",
            "revenue": 226198
        },
        "2005-04": {
            "month": "2005-04",
            "price": "8.49",
            "revenue": 136421
        },
        "2005-05": {
            "month": "2005-05",
            "price": "8.52",
            "revenue": 162394
        },
        "2005-06": {
            "month": "2005-06",
            "price": "10.29",
            "revenue": 251493
        },
        "2005-07": {
            "month": "2005-07",
            "price": "11.92",
            "revenue": 198539
        },
        "2005-08": {
            "month": "2005-08",
            "price": "10.61",
            "revenue": 165998
        },
        "2005-09": {
            "month": "2005-09",
            "price": "10.88",
            "revenue": 162022
        },
        "2005-10": {
            "month": "2005-10",
            "price": "9.66",
            "revenue": 134645
        },
        "2005-11": {
            "month": "2005-11",
            "price": "9.35",
            "revenue": 144149
        },
        "2005-12": {
            "month": "2005-12",
            "price": "10.04",
            "revenue": 284647
        },
        "2006-01": {
            "month": "2006-01",
            "price": "10.50",
            "revenue": 126022
        },
        "2006-02": {
            "month": "2006-02",
            "price": "9.49",
            "revenue": 128155
        },
        "2006-03": {
            "month": "2006-03",
            "price": "9.87",
            "revenue": 192357
        },
        "2006-04": {
            "month": "2006-04",
            "price": "11.27",
            "revenue": 145039
        },
        "2006-05": {
            "month": "2006-05",
            "price": "13.20",
            "revenue": 162756
        },
        "2006-06": {
            "month": "2006-06",
            "price": "12.97",
            "revenue": 221441
        },
        "2006-07": {
            "month": "2006-07",
            "price": "13.84",
            "revenue": 221741
        },
        "2006-08": {
            "month": "2006-08",
            "price": "12.88",
            "revenue": 189684
        },
        "2006-09": {
            "month": "2006-09",
            "price": "11.92",
            "revenue": 242580
        },
        "2006-10": {
            "month": "2006-10",
            "price": "12.72",
            "revenue": 189347
        },
        "2006-11": {
            "month": "2006-11",
            "price": "13.83",
            "revenue": 226620
        },
        "2006-12": {
            "month": "2006-12",
            "price": "15.90",
            "revenue": 306183
        },
        "2007-01": {
            "month": "2007-01",
            "price": "19.72",
            "revenue": 250015
        },
        "2007-02": {
            "month": "2007-02",
            "price": "18.55",
            "revenue": 191865
        },
        "2007-03": {
            "month": "2007-03",
            "price": "20.10",
            "revenue": 282941
        },
        "2007-04": {
            "month": "2007-04",
            "price": "20.26",
            "revenue": 222619
        },
        "2007-05": {
            "month": "2007-05",
            "price": "20.47",
            "revenue": 238598
        },
        "2007-06": {
            "month": "2007-06",
            "price": "24.91",
            "revenue": 341141
        },
        "2007-07": {
            "month": "2007-07",
            "price": "26.68",
            "revenue": 316354
        },
        "2007-08": {
            "month": "2007-08",
            "price": "24.76",
            "revenue": 296855
        },
        "2007-09": {
            "month": "2007-09",
            "price": "24.69",
            "revenue": 293956
        },
        "2007-10": {
            "month": "2007-10",
            "price": "24.45",
            "revenue": 283779
        },
        "2007-11": {
            "month": "2007-11",
            "price": "20.24",
            "revenue": 347857
        },
        "2007-12": {
            "month": "2007-12",
            "price": "18.36",
            "revenue": 437375
        },
        "2008-01": {
            "month": "2008-01",
            "price": "17.46",
            "revenue": 337434
        },
        "2008-02": {
            "month": "2008-02",
            "price": "17.62",
            "revenue": 333975
        },
        "2008-03": {
            "month": "2008-03",
            "price": "19.21",
            "revenue": 396009
        },
        "2008-04": {
            "month": "2008-04",
            "price": "21.98",
            "revenue": 346872
        },
        "2008-05": {
            "month": "2008-05",
            "price": "24.35",
            "revenue": 359696
        },
        "2008-06": {
            "month": "2008-06",
            "price": "22.94",
            "revenue": 327693
        },
        "2008-07": {
            "month": "2008-07",
            "price": "19.97",
            "revenue": 268251
        },
        "2008-08": {
            "month": "2008-08",
            "price": "17.27",
            "revenue": 239297
        },
        "2008-09": {
            "month": "2008-09",
            "price": "14.04",
            "revenue": 317552
        },
        "2008-10": {
            "month": "2008-10",
            "price": "13.50",
            "revenue": 266369
        },
        "2008-11": {
            "month": "2008-11",
            "price": "10.63",
            "revenue": 271777
        },
        "2008-12": {
            "month": "2008-12",
            "price": "10.05",
            "revenue": 305348
        },
        "2009-01": {
            "month": "2009-01",
            "price": "10.11",
            "revenue": 232415
        },
        "2009-02": {
            "month": "2009-02",
            "price": "10.20",
            "revenue": 177842
        },
        "2009-03": {
            "month": "2009-03",
            "price": "12.05",
            "revenue": 222543
        },
        "2009-04": {
            "month": "2009-04",
            "price": "13.85",
            "revenue": 231897
        },
        "2009-05": {
            "month": "2009-05",
            "price": "15.15",
            "revenue": 227601
        },
        "2009-06": {
            "month": "2009-06",
            "price": "15.88",
            "revenue": 287651
        },
        "2009-07": {
            "month": "2009-07",
            "price": "15.72",
            "revenue": 265414
        },
        "2009-08": {
            "month": "2009-08",
            "price": "15.16",
            "revenue": 270200
        },
        "2009-09": {
            "month": "2009-09",
            "price": "15.41",
            "revenue": 312007
        },
        "2009-10": {
            "month": "2009-10",
            "price": "16.80",
            "revenue": 307058
        },
        "2009-11": {
            "month": "2009-11",
            "price": "18.06",
            "revenue": 323277
        },
        "2009-12": {
            "month": "2009-12",
            "price": "25.80",
            "revenue": 350968
        },
        "2010-01": {
            "month": "2010-01",
            "price": "25.82",
            "revenue": 301741
        },
        "2010-02": {
            "month": "2010-02",
            "price": "22.04",
            "revenue": 285153
        },
        "2010-03": {
            "month": "2010-03",
            "price": "25.20",
            "revenue": 313833
        },
        "2010-04": {
            "month": "2010-04",
            "price": "26.72",
            "revenue": 335339
        },
        "2010-05": {
            "month": "2010-05",
            "price": "24.54",
            "revenue": 328512
        },
        "2010-06": {
            "month": "2010-06",
            "price": "24.22",
            "revenue": 402532
        },
        "2010-07": {
            "month": "2010-07",
            "price": "27.33",
            "revenue": 350109
        },
        "2010-08": {
            "month": "2010-08",
            "price": "23.55",
            "revenue": 334569
        },
        "2010-09": {
            "month": "2010-09",
            "price": "22.45",
            "revenue": 351824
        },
        "2010-10": {
            "month": "2010-10",
            "price": "22.01",
            "revenue": 326379
        },
        "2010-11": {
            "month": "2010-11",
            "price": "21.44",
            "revenue": 389957
        },
        "2010-12": {
            "month": "2010-12",
            "price": "21.90",
            "revenue": 433648
        },
        "2011-01": {
            "month": "2011-01",
            "price": "21.72",
            "revenue": 411808
        },
        "2011-02": {
            "month": "2011-02",
            "price": "21.70",
            "revenue": 365016
        },
        "2011-03": {
            "month": "2011-03",
            "price": "23.02",
            "revenue": 459002
        },
        "2011-04": {
            "month": "2011-04",
            "price": "25.69",
            "revenue": 403624
        },
        "2011-05": {
            "month": "2011-05",
            "price": "26.43",
            "revenue": 406371
        },
        "2011-06": {
            "month": "2011-06",
            "price": "27.07",
            "revenue": 474038
        },
        "2011-07": {
            "month": "2011-07",
            "price": "27.97",
            "revenue": 415236
        },
        "2011-08": {
            "month": "2011-08",
            "price": "23.18",
            "revenue": 391714
        },
        "2011-09": {
            "month": "2011-09",
            "price": "22.23",
            "revenue": 473629
        },
        "2011-10": {
            "month": "2011-10",
            "price": "22.34",
            "revenue": 370026
        },
        "2011-11": {
            "month": "2011-11",
            "price": "21.68",
            "revenue": 462766
        },
        "2011-12": {
            "month": "2011-12",
            "price": "21.25",
            "revenue": 503668
        },
        "2012-01": {
            "month": "2012-01",
            "price": "21.60",
            "revenue": 434018
        },
        "2012-02": {
            "month": "2012-02",
            "price": "24.29",
            "revenue": 487634
        },
        "2012-03": {
            "month": "2012-03",
            "price": "27.50",
            "revenue": 526951
        },
        "2012-04": {
            "month": "2012-04",
            "price": "28.70",
            "revenue": 427029
        },
        "2012-05": {
            "month": "2012-05",
            "price": "29.14",
            "revenue": 539674
        },
        "2012-06": {
            "month": "2012-06",
            "price": "29.45",
            "revenue": 573132
        },
        "2012-07": {
            "month": "2012-07",
            "price": "30.97",
            "revenue": 456405
        },
        "2012-08": {
            "month": "2012-08",
            "price": "27.68",
            "revenue": 454252
        },
        "2012-09": {
            "month": "2012-09",
            "price": "27.54",
            "revenue": 446490
        },
        "2012-10": {
            "month": "2012-10",
            "price": "26.08",
            "revenue": 444163
        },
        "2012-11": {
            "month": "2012-11",
            "price": "25.51",
            "revenue": 489993
        },
        "2012-12": {
            "month": "2012-12",
            "price": "26.86",
            "revenue": 546532
        },
        "2013-01": {
            "month": "2013-01",
            "price": "28.70",
            "revenue": 581543
        },
        "2013-02": {
            "month": "2013-02",
            "price": "29.28",
            "revenue": 590746
        },
        "2013-03": {
            "month": "2013-03",
            "price": "30.67",
            "revenue": 698714
        },
        "2013-04": {
            "month": "2013-04",
            "price": "32.65",
            "revenue": 607926
        },
        "2013-05": {
            "month": "2013-05",
            "price": "32.85",
            "revenue": 607780
        },
        "2013-06": {
            "month": "2013-06",
            "price": "32.14",
            "revenue": 659280
        },
        "2013-07": {
            "month": "2013-07",
            "price": "32.05",
            "revenue": 599189
        },
        "2013-08": {
            "month": "2013-08",
            "price": "29.45",
            "revenue": 564166
        },
        "2013-09": {
            "month": "2013-09",
            "price": "29.84",
            "revenue": 685129
        },
        "2013-10": {
            "month": "2013-10",
            "price": "30.35",
            "revenue": 581193
        },
        "2013-11": {
            "month": "2013-11",
            "price": "30.54",
            "revenue": 598009
        },
        "2013-12": {
            "month": "2013-12",
            "price": "30.70",
            "revenue": 742044
        },
        "2014-01": {
            "month": "2014-01",
            "price": "32.20",
            "revenue": 605673
        },
        "2014-02": {
            "month": "2014-02",
            "price": "32.46",
            "revenue": 623765
        },
        "2014-03": {
            "month": "2014-03",
            "price": "33.24",
            "revenue": 760719
        },
        "2014-04": {
            "month": "2014-04",
            "price": "36.38",
            "revenue": 773555
        },
        "2014-05": {
            "month": "2014-05",
            "price": "36.67",
            "revenue": 727668
        },
        "2014-06": {
            "month": "2014-06",
            "price": "38.86",
            "revenue": 815699
        },
        "2014-07": {
            "month": "2014-07",
            "price": "39.24",
            "revenue": 713963
        },
        "2014-08": {
            "month": "2014-08",
            "price": "34.66",
            "revenue": 681308
        },
        "2014-09": {
            "month": "2014-09",
            "price": "35.31",
            "revenue": 689695
        },
        "2014-10": {
            "month": "2014-10",
            "price": "34.21",
            "revenue": 647906
        },
        "2014-11": {
            "month": "2014-11",
            "price": "34.17",
            "revenue": 663717
        },
        "2014-12": {
            "month": "2014-12",
            "price": "34.89",
            "revenue": 711471
        },
        "2015-01": {
            "month": "2015-01",
            "price": "35.66",
            "revenue": 713400
        },
        "2015-02": {
            "month": "2015-02",
            "price": "35.78",
            "revenue": 650252
        },
        "2015-03": {
            "month": "2015-03",
            "price": "36.48",
            "revenue": 741976
        },
        "2015-04": {
            "month": "2015-04",
            "price": "33.01",
            "revenue": 690488
        },
        "2015-05": {
            "month": "2015-05",
            "price": "31.02",
            "revenue": 733095
        },
        "2015-06": {
            "month": "2015-06",
            "price": "29.74",
            "revenue": 753489
        },
        "2015-07": {
            "month": "2015-07",
            "price": "28.21",
            "revenue": 660214
        },
        "2015-08": {
            "month": "2015-08",
            "price": "26.02",
            "revenue": 727135
        },
        "2015-09": {
            "month": "2015-09",
            "price": "26.39",
            "revenue": 767137
        },
        "2015-10": {
            "month": "2015-10",
            "price": "27.86",
            "revenue": 669049
        },
        "2015-11": {
            "month": "2015-11",
            "price": "28.04",
            "revenue": 699846
        },
        "2015-12": {
            "month": "2015-12",
            "price": "26.57",
            "revenue": 704673
        },
        "2016-01": {
            "month": "2016-01",
            "price": "25.15",
            "revenue": 706096
        },
        "2016-02": {
            "month": "2016-02",
            "price": "26.15",
            "revenue": 702427
        },
        "2016-03": {
            "month": "2016-03",
            "price": "27.95",
            "revenue": 743982
        },
        "2016-04": {
            "month": "2016-04",
            "price": "27.46",
            "revenue": 720690
        },
        "2016-05": {
            "month": "2016-05",
            "price": "27.20",
            "revenue": 726623
        },
        "2016-06": {
            "month": "2016-06",
            "price": "27.51",
            "revenue": 914571
        },
        "2016-07": {
            "month": "2016-07",
            "price": "27.45",
            "revenue": 763689
        },
        "2016-08": {
            "month": "2016-08",
            "price": "26.64",
            "revenue": 749771
        },
        "2016-09": {
            "month": "2016-09",
            "price": "26.30",
            "revenue": 760504
        },
        "2016-10": {
            "month": "2016-10",
            "price": "26.18",
            "revenue": 822793
        },
        "2016-11": {
            "month": "2016-11",
            "price": "26.18",
            "revenue": 728444
        },
        "2016-12": {
            "month": "2016-12",
            "price": "26.67",
            "revenue": 778813
        },
        "2017-01": {
            "month": "2017-01",
            "price": "27.03",
            "revenue": 795193
        },
        "2017-02": {
            "month": "2017-02",
            "price": "28.33",
            "revenue": 855489
        },
        "2017-03": {
            "month": "2017-03",
            "price": "29.49",
            "revenue": 899254
        },
        "2017-04": {
            "month": "2017-04",
            "price": "29.51",
            "revenue": 833729
        },
        "2017-05": {
            "month": "2017-05",
            "price": "29.66",
            "revenue": 887911
        },
        "2017-06": {
            "month": "2017-06",
            "price": "30.57",
            "revenue": 997124
        },
        "2017-07": {
            "month": "2017-07",
            "price": "31.10",
            "revenue": 851518
        },
        "2017-08": {
            "month": "2017-08",
            "price": "29.87",
            "revenue": 815882
        },
        "2017-09": {
            "month": "2017-09",
            "price": "29.02",
            "revenue": 888112
        },
        "2017-10": {
            "month": "2017-10",
            "price": "29.07",
            "revenue": 792560
        },
        "2017-11": {
            "month": "2017-11",
            "price": "29.17",
            "revenue": 812151
        },
        "2017-12": {
            "month": "2017-12",
            "price": "29.25",
            "revenue": 993500
        },
        "2018-01": {
            "month": "2018-01",
            "price": "30.84",
            "revenue": 921722
        },
        "2018-02": {
            "month": "2018-02",
            "price": "31.21",
            "revenue": 815146
        },
        "2018-03": {
            "month": "2018-03",
            "price": "32.33",
            "revenue": 973200
        },
        "2018-04": {
            "month": "2018-04",
            "price": "34.02",
            "revenue": 873903
        },
        "2018-05": {
            "month": "2018-05",
            "price": "34.85",
            "revenue": 954361
        },
        "2018-06": {
            "month": "2018-06",
            "price": "36.38",
            "revenue": 993861
        },
        "2018-07": {
            "month": "2018-07",
            "price": "36.22",
            "revenue": 975787
        },
        "2018-08": {
            "month": "2018-08",
            "price": "31.78",
            "revenue": 1030579
        },
        "2018-09": {
            "month": "2018-09",
            "price": "30.61",
            "revenue": 966496
        },
        "2018-10": {
            "month": "2018-10",
            "price": "29.24",
            "revenue": 822552
        },
        "2018-11": {
            "month": "2018-11",
            "price": "29.16",
            "revenue": 840539
        },
        "2018-12": {
            "month": "2018-12",
            "price": "29.61",
            "revenue": 1018669
        },
        "2019-01": {
            "month": "2019-01",
            "price": "30.59",
            "revenue": 1025388
        },
        "2019-02": {
            "month": "2019-02",
            "price": "32.18",
            "revenue": 921744
        },
        "2019-03": {
            "month": "2019-03",
            "price": "34.94",
            "revenue": 1020263
        },
        "2019-04": {
            "month": "2019-04",
            "price": "35.70",
            "revenue": 1047522
        },
        "2019-05": {
            "month": "2019-05",
            "price": "36.15",
            "revenue": 1054038
        },
        "2019-06": {
            "month": "2019-06",
            "price": "36.21",
            "revenue": 1077050
        },
        "2019-07": {
            "month": "2019-07",
            "price": "33.28",
            "revenue": 1064585
        },
        "2019-08": {
            "month": "2019-08",
            "price": "34.05",
            "revenue": 1069848
        },
        "2019-09": {
            "month": "2019-09",
            "price": "34.34",
            "revenue": 1043688
        },
        "2019-10": {
            "month": "2019-10",
            "price": "33.27",
            "revenue": 1009899
        },
        "2019-11": {
            "month": "2019-11",
            "price": "34.13",
            "revenue": 1015129
        },
        "2019-12": {
            "month": "2019-12",
            "price": "34.47",
            "revenue": 957845
        },
        "2020-01": {
            "month": "2020-01",
            "price": "33.82",
            "revenue": 1076464
        },
        "2020-02": {
            "month": "2020-02",
            "price": "33.19",
            "revenue": 1049785
        },
        "2020-03": {
            "month": "2020-03",
            "price": "33.07",
            "revenue": 1107034
        },
        "2020-04": {
            "month": "2020-04",
            "price": "34.52",
            "revenue": 1197807
        },
        "2020-05": {
            "month": "2020-05",
            "price": "39.20",
            "revenue": 1193979
        },
        "2020-06": {
            "month": "2020-06",
            "price": "43.24",
            "revenue": 1438220
        },
        "2020-07": {
            "month": "2020-07",
            "price": "42.90",
            "revenue": 1179297
        },
        "2020-08": {
            "month": "2020-08",
            "price": "41.40",
            "revenue": 1009270
        },
        "2020-09": {
            "month": "2020-09",
            "price": "39.16",
            "revenue": 1234016
        },
        "2020-10": {
            "month": "2020-10",
            "price": "39.16",
            "revenue": 1065516
        },
        "2020-11": {
            "month": "2020-11",
            "price": "39.82",
            "revenue": 941943
        },
        "2020-12": {
            "month": "2020-12",
            "price": "42.96",
            "revenue": 1019190
        },
        "2021-01": {
            "month": "2021-01",
            "price": "43.84",
            "revenue": 1103873
        },
        "2021-02": {
            "month": "2021-02",
            "price": "43.95",
            "revenue": 875237
        },
        "2021-03": {
            "month": "2021-03",
            "price": "44.49",
            "revenue": 1014225
        },
        "2021-04": {
            "month": "2021-04",
            "price": "42.93",
            "revenue": 867210
        },
        "2021-05": {
            "month": "2021-05",
            "price": "41.19",
            "revenue": 847534
        },
        "2021-06": {
            "month": "2021-06",
            "price": "41.70",
            "revenue": 1033923
        },
        "2021-07": {
            "month": "2021-07",
            "price": "42.40",
            "revenue": 1076531
        },
        "2021-08": {
            "month": "2021-08",
            "price": "39.02",
            "revenue": 1013534
        },
        "2021-09": {
            "month": "2021-09",
            "price": "38.92",
            "revenue": 1074780
        },
        "2021-10": {
            "month": "2021-10",
            "price": "38.36",
            "revenue": 983081
        },
        "2021-11": {
            "month": "2021-11",
            "price": "38.64",
            "revenue": 1056848
        },
        "2021-12": {
            "month": "2021-12",
            "price": "39.02",
            "revenue": 1006058
        },
        "2022-01": {
            "month": "2022-01",
            "price": "38.76",
            "revenue": 934329
        },
        "2022-02": {
            "month": "2022-02",
            "price": "38.89",
            "revenue": 903654
        },
        "2022-03": {
            "month": "2022-03",
            "price": "39.12",
            "revenue": 973296
        },
        "2022-04": {
            "month": "2022-04",
            "price": "39.00",
            "revenue": 921402
        },
        "2022-05": {
            "month": "2022-05",
            "price": "35.85",
            "revenue": 966162
        },
        "2022-06": {
            "month": "2022-06",
            "price": "35.87",
            "revenue": 1137553
        },
        "2022-07": {
            "month": "2022-07",
            "price": "34.10",
            "revenue": 1099635
        },
        "2022-08": {
            "month": "2022-08",
            "price": "34.72",
            "revenue": 1030595
        },
        "2022-09": {
            "month": "2022-09",
            "price": "33.60",
            "revenue": 1078261
        },
        "2022-10": {
            "month": "2022-10",
            "price": "31.50",
            "revenue": 976386
        },
        "2022-11": {
            "month": "2022-11",
            "price": "31.90",
            "revenue": 1043755
        },
        "2022-12": {
            "month": "2022-12",
            "price": "32.55",
            "revenue": 1023715
        },
        "2023-01": {
            "month": "2023-01",
            "price": "33.34",
            "revenue": 1148552
        },
        "2023-02": {
            "month": "2023-02",
            "price": "37.33",
            "revenue": 1065540
        },
        "2023-03": {
            "month": "2023-03",
            "price": "40.16",
            "revenue": 1187116
        },
        "2023-04": {
            "month": "2023-04",
            "price": "44.69",
            "revenue": 1173792
        },
        "2023-05": {
            "month": "2023-05",
            "price": "65.05",
            "revenue": 1183190
        },
        "2023-06": {
            "month": "2023-06",
            "price": "69.12",
            "revenue": 1216192
        },
        "2023-07": {
            "month": "2023-07",
            "price": "71.46",
            "revenue": 1190657
        },
        "2023-08": {
            "month": "2023-08",
            "price": "64.27",
            "revenue": 1119189
        },
        "2023-09": {
            "month": "2023-09",
            "price": "62.34",
            "revenue": 1305554
        },
        "2023-10": {
            "month": "2023-10",
            "price": "64.09",
            "revenue": 1622462
        },
        "2023-11": {
            "month": "2023-11",
            "price": "66.25",
            "revenue": 1745775
        },
        "2023-12": {
            "month": "2023-12",
            "price": "70.82",
            "revenue": 1660456
        }
    }
}
