{
    "summary": {
        "stock_name": "久威",
        "stock_id": "6114",
        "category": "電子零組件",
        "main_business": "電腦週邊裝置及電子零件製造加工買賣業務<br>有關前各項進出口貿易業務",
        "website_url": "http://www.juic.com.tw",
        "ceo": "湯慧芳",
        "pe_ratio": 76,
        "report_year_from": 2001,
        "report_year_to": 2023,
        "age": 23,
        "eps_negative_percentage": 35,
        "eps_growth_avg": {
            "last_all": -6.34,
            "last_2y": -0.16,
            "last_4y": -26.01,
            "last_8y": -6.22,
            "last_12y": 4.4,
            "last_16y": 4.4,
            "last_20y": -6.83,
            "at_2006_last_3y": -44.27,
            "at_2007_last_3y": -72.65,
            "at_2008_last_3y": -100,
            "at_2009_last_3y": null,
            "at_2010_last_3y": null,
            "at_2011_last_3y": null,
            "at_2012_last_3y": null,
            "at_2013_last_3y": null,
            "at_2014_last_3y": 100,
            "at_2015_last_3y": 65.85,
            "at_2016_last_3y": 42.92,
            "at_2017_last_3y": 18.52,
            "at_2018_last_3y": 18.52,
            "at_2019_last_3y": 0.02,
            "at_2020_last_3y": -21.06,
            "at_2021_last_3y": -16.82,
            "at_2022_last_3y": -16.82,
            "at_2023_last_3y": -21.93,
            "at_2024_last_3y": -21.93,
            "at_2006_last_all": -33.2,
            "at_2007_last_all": -33.2,
            "at_2008_last_all": -33.2,
            "at_2009_last_all": -33.2,
            "at_2010_last_all": -33.2,
            "at_2011_last_all": -33.2,
            "at_2012_last_all": -33.2,
            "at_2013_last_all": -33.2,
            "at_2014_last_all": -6.56,
            "at_2015_last_all": -0.18,
            "at_2016_last_all": -0.58,
            "at_2017_last_all": -7.34,
            "at_2018_last_all": 4.59,
            "at_2019_last_all": -0.1,
            "at_2020_last_all": -8.03,
            "at_2021_last_all": -10.5,
            "at_2022_last_all": -2,
            "at_2023_last_all": -6.34,
            "at_2024_last_all": -6.34
        },
        "latest_eps": 0.42,
        "latest_price": 32.1,
        "latest_roe": 1.38,
        "latest_gross_margin": 8.41,
        "latest_equity": 1346334,
        "latest_revenue": 414607,
        "latest_gross_profit": 34888,
        "latest_net_income": 42839,
        "latest_debt_ratio": 42.08,
        "latest_current_ratio": 215.9,
        "latest_account_receivable_turnover_ratio": 0.99,
        "latest_inventory_turnover_ratio": 3.83,
        "latest_reinvestment_rate": -82.28,
        "latest_research_to_sale_ratio": null
    },
    "eps_dividends": {
        "2001": {
            "cash": 0.14,
            "stock": 0,
            "eps": 1.04
        },
        "2002": {
            "cash": 0.2,
            "stock": 0.6,
            "eps": 1.04
        },
        "2003": {
            "cash": 0.5,
            "stock": 0,
            "eps": 1.17
        },
        "2004": {
            "cash": 0.21,
            "stock": 0.52,
            "eps": 0.64
        },
        "2005": {
            "cash": 0,
            "stock": 0.5,
            "eps": -1.79
        },
        "2006": {
            "cash": 0,
            "stock": 0,
            "eps": -3.07
        },
        "2007": {
            "cash": 0,
            "stock": 0,
            "eps": -1.5
        },
        "2008": {
            "cash": 0,
            "stock": 0,
            "eps": -2.64
        },
        "2009": {
            "cash": 0,
            "stock": 0,
            "eps": -3.73
        },
        "2010": {
            "cash": 0,
            "stock": 0,
            "eps": -3.9
        },
        "2011": {
            "cash": 0,
            "stock": 0,
            "eps": -1.83
        },
        "2012": {
            "cash": 0,
            "stock": 0,
            "eps": -0.28
        },
        "2013": {
            "cash": 0,
            "stock": 0,
            "eps": 0.01
        },
        "2014": {
            "cash": 0,
            "stock": 0,
            "eps": 5.68
        },
        "2015": {
            "cash": 0,
            "stock": 0,
            "eps": 7.48
        },
        "2016": {
            "cash": 2.5,
            "stock": 1,
            "eps": 7.26
        },
        "2017": {
            "cash": 2.5,
            "stock": 0.5,
            "eps": 3.29
        },
        "2018": {
            "cash": 1.5,
            "stock": 0.5,
            "eps": 7.21
        },
        "2019": {
            "cash": 1.5,
            "stock": 0,
            "eps": 4.16
        },
        "2020": {
            "cash": 1.2,
            "stock": 0,
            "eps": 0.53
        },
        "2021": {
            "cash": 0.7,
            "stock": 0,
            "eps": 0.33
        },
        "2022": {
            "cash": 0.5,
            "stock": 0,
            "eps": 2.63
        },
        "2023": {
            "cash": 0.5,
            "stock": 0,
            "eps": 0.98
        }
    },
    "dividends": {
        "2001-04-24": {
            "cash": 0.14,
            "stock": 0
        },
        "2002-06-20": {
            "cash": 0.2,
            "stock": 0.6
        },
        "2003-06-06": {
            "cash": 0.5,
            "stock": 0
        },
        "2004-03-24": {
            "cash": 0.21,
            "stock": 0.52
        },
        "2005-03-07": {
            "cash": 0,
            "stock": 0.5
        },
        "2016-09-06": {
            "cash": 2.5,
            "stock": 1
        },
        "2017-08-15": {
            "cash": 2.5,
            "stock": 0.5
        },
        "2018-08-14": {
            "cash": 1.5,
            "stock": 0.5
        },
        "2019-09-27": {
            "cash": 1.5,
            "stock": 0
        },
        "2020-08-21": {
            "cash": 1.2,
            "stock": 0
        },
        "2021-09-14": {
            "cash": 0.7,
            "stock": 0
        },
        "2022-07-22": {
            "cash": 0.5,
            "stock": 0
        },
        "2023-08-18": {
            "cash": 0.5,
            "stock": 0
        }
    },
    "prices": {
        "200101": "無",
        "200102": "無",
        "200103": "無",
        "200104": "無",
        "200105": "無",
        "200106": "無",
        "200107": "無",
        "200108": "無",
        "200109": "10.82",
        "200110": "9.21",
        "200111": "10.98",
        "200112": "15.94",
        "200201": "20.69",
        "200202": "22.13",
        "200203": "25.55",
        "200204": "23.13",
        "200205": "18.87",
        "200206": "17.34",
        "200207": "14.93",
        "200208": "13.95",
        "200209": "11.68",
        "200210": "10.90",
        "200211": "11.44",
        "200212": "10.68",
        "200301": "10.96",
        "200302": "11.87",
        "200303": "11.00",
        "200304": "11.05",
        "200305": "10.97",
        "200306": "12.64",
        "200307": "14.44",
        "200308": "13.65",
        "200309": "12.88",
        "200310": "12.52",
        "200311": "13.56",
        "200312": "14.13",
        "200401": "14.18",
        "200402": "14.57",
        "200403": "14.28",
        "200404": "14.65",
        "200405": "12.83",
        "200406": "11.18",
        "200407": "9.95",
        "200408": "10.36",
        "200409": "13.57",
        "200410": "16.08",
        "200411": "15.83",
        "200412": "27.14",
        "200501": "20.96",
        "200502": "9.84",
        "200503": "10.57",
        "200504": "10.09",
        "200505": "9.80",
        "200506": "10.36",
        "200507": "11.04",
        "200508": "10.07",
        "200509": "9.71",
        "200510": "9.44",
        "200511": "9.01",
        "200512": "9.73",
        "200601": "11.16",
        "200602": "10.79",
        "200603": "10.25",
        "200604": "9.69",
        "200605": "9.69",
        "200606": "9.55",
        "200607": "10.02",
        "200608": "10.03",
        "200609": "9.65",
        "200610": "9.45",
        "200611": "9.22",
        "200612": "9.40",
        "200701": "9.32",
        "200702": "9.24",
        "200703": "9.42",
        "200704": "11.09",
        "200705": "9.83",
        "200706": "9.88",
        "200707": "11.36",
        "200708": "12.57",
        "200709": "10.29",
        "200710": "9.84",
        "200711": "7.15",
        "200712": "7.04",
        "200801": "7.10",
        "200802": "7.95",
        "200803": "6.99",
        "200804": "5.60",
        "200805": "5.37",
        "200806": "4.54",
        "200807": "4.80",
        "200808": "4.87",
        "200809": "4.93",
        "200810": "4.49",
        "200811": "3.89",
        "200812": "3.82",
        "200901": "3.51",
        "200902": "3.89",
        "200903": "9.04",
        "200904": "8.47",
        "200905": "7.90",
        "200906": "11.45",
        "200907": "10.37",
        "200908": "6.57",
        "200909": "4.87",
        "200910": "4.83",
        "200911": "5.24",
        "200912": "5.77",
        "201001": "5.36",
        "201002": "4.86",
        "201003": "4.85",
        "201004": "5.12",
        "201005": "4.64",
        "201006": "3.51",
        "201007": "3.47",
        "201008": "3.82",
        "201009": "3.72",
        "201010": "3.08",
        "201011": "4.44",
        "201012": "4.88",
        "201101": "4.98",
        "201102": "4.98",
        "201103": "4.18",
        "201104": "3.54",
        "201105": "3.08",
        "201106": "3.04",
        "201107": "2.53",
        "201108": "2.00",
        "201109": "2.25",
        "201110": "2.81",
        "201111": "3.34",
        "201112": "4.05",
        "201201": "2.82",
        "201202": "2.70",
        "201203": "3.52",
        "201204": "4.94",
        "201205": "3.33",
        "201206": "2.94",
        "201207": "2.32",
        "201208": "2.06",
        "201209": "3.33",
        "201210": "2.42",
        "201211": "2.16",
        "201212": "無",
        "201301": "5.60",
        "201302": "無",
        "201303": "5.05",
        "201304": "4.32",
        "201305": "5.19",
        "201306": "5.10",
        "201307": "4.68",
        "201308": "4.96",
        "201309": "4.70",
        "201310": "5.04",
        "201311": "5.76",
        "201312": "10.95",
        "201401": "15.08",
        "201402": "18.79",
        "201403": "23.24",
        "201404": "27.85",
        "201405": "37.13",
        "201406": "46.32",
        "201407": "54.86",
        "201408": "58.29",
        "201409": "78.14",
        "201410": "77.45",
        "201411": "84.17",
        "201412": "83.61",
        "201501": "80.59",
        "201502": "76.62",
        "201503": "67.63",
        "201504": "64.94",
        "201505": "53.74",
        "201506": "46.10",
        "201507": "45.14",
        "201508": "37.37",
        "201509": "40.20",
        "201510": "49.87",
        "201511": "56.30",
        "201512": "55.25",
        "201601": "48.97",
        "201602": "51.67",
        "201603": "58.99",
        "201604": "54.55",
        "201605": "46.17",
        "201606": "45.94",
        "201607": "50.66",
        "201608": "46.92",
        "201609": "46.99",
        "201610": "55.62",
        "201611": "52.74",
        "201612": "57.12",
        "201701": "56.11",
        "201702": "54.13",
        "201703": "60.75",
        "201704": "74.78",
        "201705": "78.48",
        "201706": "75.07",
        "201707": "71.10",
        "201708": "76.70",
        "201709": "71.80",
        "201710": "66.70",
        "201711": "61.07",
        "201712": "47.48",
        "201801": "46.82",
        "201802": "42.55",
        "201803": "40.80",
        "201804": "35.30",
        "201805": "29.95",
        "201806": "30.47",
        "201807": "29.03",
        "201808": "37.94",
        "201809": "40.62",
        "201810": "34.85",
        "201811": "42.10",
        "201812": "48.40",
        "201901": "46.87",
        "201902": "47.38",
        "201903": "50.38",
        "201904": "46.86",
        "201905": "36.92",
        "201906": "35.64",
        "201907": "39.23",
        "201908": "40.87",
        "201909": "38.52",
        "201910": "34.48",
        "201911": "36.29",
        "201912": "34.04",
        "202001": "32.76",
        "202002": "28.99",
        "202003": "22.78",
        "202004": "21.63",
        "202005": "24.35",
        "202006": "25.23",
        "202007": "26.74",
        "202008": "23.05",
        "202009": "21.92",
        "202010": "22.26",
        "202011": "22.11",
        "202012": "23.70",
        "202101": "23.97",
        "202102": "24.08",
        "202103": "26.72",
        "202104": "29.31",
        "202105": "25.08",
        "202106": "24.05",
        "202107": "25.47",
        "202108": "23.40",
        "202109": "22.11",
        "202110": "22.72",
        "202111": "22.96",
        "202112": "23.10",
        "202201": "22.91",
        "202202": "22.89",
        "202203": "22.32",
        "202204": "21.49",
        "202205": "21.58",
        "202206": "24.59",
        "202207": "21.58",
        "202208": "26.60",
        "202209": "26.55",
        "202210": "22.08",
        "202211": "24.66",
        "202212": "24.79",
        "202301": "24.17",
        "202302": "25.06",
        "202303": "24.70",
        "202304": "23.92",
        "202305": "24.23",
        "202306": "26.75",
        "202307": "27.65",
        "202308": "32.21",
        "202309": "30.88",
        "202310": "33.88",
        "202311": "34.20",
        "202312": "35.45"
    },
    "quarters": {
        "20011": {
            "year_quarter": 20011,
            "year": 2001,
            "quarter": 1,
            "eps": 0.58,
            "eps_growth_year": null,
            "eps_4q": null,
            "eps_4q_growth_year": null,
            "roe": 5.44,
            "roe_4q": 5.44,
            "gross_profit": 45973,
            "gross_margin": 16.44,
            "gross_margin_4q_avg": 16.44,
            "net_income": 20565,
            "net_income_4q": null,
            "revenue": 279674,
            "revenue_4q": null,
            "common_shares": 356613,
            "book_valuer_per_share": 10.9,
            "book_valuer_per_share_4q_avg": 10.9,
            "equity": 388640,
            "current_ratio": 111.6,
            "debt_ratio": 54.16,
            "inventory_turnover_ratio": 3.06,
            "account_receivable_turnover_ratio": null,
            "reinvestment_rate": null,
            "research_to_sale_ratio": null,
            "price_fair": 0,
            "eps_avg_yearly": 0,
            "eps_latest_yearly": 0,
            "eps_growth_yearly": 0
        },
        "20012": {
            "year_quarter": 20012,
            "year": 2001,
            "quarter": 2,
            "eps": -0.14,
            "eps_growth_year": null,
            "eps_4q": null,
            "eps_4q_growth_year": null,
            "roe": -1.33,
            "roe_4q": 4.11,
            "gross_profit": 11956,
            "gross_margin": 7.17,
            "gross_margin_4q_avg": 11.81,
            "net_income": -5090,
            "net_income_4q": null,
            "revenue": 166670,
            "revenue_4q": null,
            "common_shares": 356613,
            "book_valuer_per_share": 10.6,
            "book_valuer_per_share_4q_avg": 10.75,
            "equity": 378159,
            "current_ratio": 111.71,
            "debt_ratio": 49.81,
            "inventory_turnover_ratio": 2.37,
            "account_receivable_turnover_ratio": null,
            "reinvestment_rate": null,
            "research_to_sale_ratio": null,
            "price_fair": 0,
            "eps_avg_yearly": 0,
            "eps_latest_yearly": 0,
            "eps_growth_yearly": 0
        },
        "20013": {
            "year_quarter": 20013,
            "year": 2001,
            "quarter": 3,
            "eps": 0.18,
            "eps_growth_year": null,
            "eps_4q": 1.07,
            "eps_4q_growth_year": null,
            "roe": 1.7,
            "roe_4q": 5.8100000000000005,
            "gross_profit": 29406,
            "gross_margin": 15.22,
            "gross_margin_4q_avg": 12.94,
            "net_income": 6483,
            "net_income_4q": null,
            "revenue": 193216,
            "revenue_4q": null,
            "common_shares": 356613,
            "book_valuer_per_share": 10.79,
            "book_valuer_per_share_4q_avg": 10.76,
            "equity": 384641,
            "current_ratio": 110.63,
            "debt_ratio": 50.16,
            "inventory_turnover_ratio": 2.7,
            "account_receivable_turnover_ratio": null,
            "reinvestment_rate": null,
            "research_to_sale_ratio": null,
            "price_fair": 0,
            "eps_avg_yearly": 0,
            "eps_latest_yearly": 0,
            "eps_growth_yearly": 0
        },
        "20014": {
            "year_quarter": 20014,
            "year": 2001,
            "quarter": 4,
            "eps": 0.42,
            "eps_growth_year": -10.64,
            "eps_4q": 1.04,
            "eps_4q_growth_year": null,
            "roe": 3.78,
            "roe_4q": 9.59,
            "gross_profit": 40050,
            "gross_margin": 14.79,
            "gross_margin_4q_avg": 13.41,
            "net_income": 14827,
            "net_income_4q": null,
            "revenue": 270824,
            "revenue_4q": null,
            "common_shares": 356613,
            "book_valuer_per_share": 11.2,
            "book_valuer_per_share_4q_avg": 10.87,
            "equity": 399469,
            "current_ratio": 111.29,
            "debt_ratio": 50.91,
            "inventory_turnover_ratio": 3.59,
            "account_receivable_turnover_ratio": null,
            "reinvestment_rate": null,
            "research_to_sale_ratio": null,
            "price_fair": 0,
            "eps_avg_yearly": 0,
            "eps_latest_yearly": 0,
            "eps_growth_yearly": 0
        },
        "20021": {
            "year_quarter": 20021,
            "year": 2002,
            "quarter": 1,
            "eps": 0.53,
            "eps_growth_year": -8.62,
            "eps_4q": 0.99,
            "eps_4q_growth_year": null,
            "roe": 4.61,
            "roe_4q": 8.76,
            "gross_profit": 45134,
            "gross_margin": 16.83,
            "gross_margin_4q_avg": 13.5,
            "net_income": 18838,
            "net_income_4q": null,
            "revenue": 268230,
            "revenue_4q": null,
            "common_shares": 356613,
            "book_valuer_per_share": 11.73,
            "book_valuer_per_share_4q_avg": 11.08,
            "equity": 418307,
            "current_ratio": 113.74,
            "debt_ratio": 49.01,
            "inventory_turnover_ratio": 3.72,
            "account_receivable_turnover_ratio": null,
            "reinvestment_rate": null,
            "research_to_sale_ratio": null,
            "price_fair": 74.2,
            "eps_avg_yearly": 2.12,
            "eps_latest_yearly": 2.12,
            "eps_growth_yearly": 104.76
        },
        "20022": {
            "year_quarter": 20022,
            "year": 2002,
            "quarter": 2,
            "eps": -0.14,
            "eps_growth_year": null,
            "eps_4q": 0.99,
            "eps_4q_growth_year": null,
            "roe": -1.19,
            "roe_4q": 8.9,
            "gross_profit": 14455,
            "gross_margin": 9.98,
            "gross_margin_4q_avg": 14.21,
            "net_income": -4892,
            "net_income_4q": null,
            "revenue": 144785,
            "revenue_4q": null,
            "common_shares": 356613,
            "book_valuer_per_share": 11.35,
            "book_valuer_per_share_4q_avg": 11.27,
            "equity": 404627,
            "current_ratio": 115.27,
            "debt_ratio": 44.31,
            "inventory_turnover_ratio": 2.25,
            "account_receivable_turnover_ratio": null,
            "reinvestment_rate": null,
            "research_to_sale_ratio": null,
            "price_fair": 74.2,
            "eps_avg_yearly": 2.12,
            "eps_latest_yearly": 2.12,
            "eps_growth_yearly": 104.76
        },
        "20023": {
            "year_quarter": 20023,
            "year": 2002,
            "quarter": 3,
            "eps": 0.22,
            "eps_growth_year": 22.22,
            "eps_4q": 0.97,
            "eps_4q_growth_year": -9.62,
            "roe": 2.07,
            "roe_4q": 9.27,
            "gross_profit": 22337,
            "gross_margin": 10.47,
            "gross_margin_4q_avg": 13.02,
            "net_income": 8462,
            "net_income_4q": null,
            "revenue": 213309,
            "revenue_4q": null,
            "common_shares": 378672,
            "book_valuer_per_share": 10.91,
            "book_valuer_per_share_4q_avg": 11.3,
            "equity": 413089,
            "current_ratio": 221.33,
            "debt_ratio": 48.51,
            "inventory_turnover_ratio": 3.33,
            "account_receivable_turnover_ratio": null,
            "reinvestment_rate": null,
            "research_to_sale_ratio": null,
            "price_fair": 74.2,
            "eps_avg_yearly": 2.12,
            "eps_latest_yearly": 2.12,
            "eps_growth_yearly": 104.76
        },
        "20024": {
            "year_quarter": 20024,
            "year": 2002,
            "quarter": 4,
            "eps": 0.43,
            "eps_growth_year": 2.38,
            "eps_4q": 1.03,
            "eps_4q_growth_year": -1.47,
            "roe": 3.83,
            "roe_4q": 9.32,
            "gross_profit": 25757,
            "gross_margin": 11.09,
            "gross_margin_4q_avg": 12.09,
            "net_income": 16149,
            "net_income_4q": null,
            "revenue": 232249,
            "revenue_4q": null,
            "common_shares": 378672,
            "book_valuer_per_share": 11.34,
            "book_valuer_per_share_4q_avg": 11.33,
            "equity": 429238,
            "current_ratio": 183.45,
            "debt_ratio": 46.28,
            "inventory_turnover_ratio": 3.81,
            "account_receivable_turnover_ratio": null,
            "reinvestment_rate": null,
            "research_to_sale_ratio": null,
            "price_fair": 67.2,
            "eps_avg_yearly": 1.92,
            "eps_latest_yearly": 1.72,
            "eps_growth_yearly": 243.29
        },
        "20031": {
            "year_quarter": 20031,
            "year": 2003,
            "quarter": 1,
            "eps": 0.42,
            "eps_growth_year": -20.75,
            "eps_4q": 0.95,
            "eps_4q_growth_year": -3.4,
            "roe": 3.56,
            "roe_4q": 8.270000000000001,
            "gross_profit": 36890,
            "gross_margin": 13.05,
            "gross_margin_4q_avg": 11.15,
            "net_income": 15545,
            "net_income_4q": null,
            "revenue": 282737,
            "revenue_4q": null,
            "common_shares": 378672,
            "book_valuer_per_share": 11.75,
            "book_valuer_per_share_4q_avg": 11.34,
            "equity": 444784,
            "current_ratio": 181.98,
            "debt_ratio": 47.5,
            "inventory_turnover_ratio": 5.03,
            "account_receivable_turnover_ratio": null,
            "reinvestment_rate": null,
            "research_to_sale_ratio": null,
            "price_fair": 64.4,
            "eps_avg_yearly": 1.84,
            "eps_latest_yearly": 1.68,
            "eps_growth_yearly": 159.09
        },
        "20032": {
            "year_quarter": 20032,
            "year": 2003,
            "quarter": 2,
            "eps": 0.1,
            "eps_growth_year": null,
            "eps_4q": 1.19,
            "eps_4q_growth_year": 20.58,
            "roe": 0.84,
            "roe_4q": 10.3,
            "gross_profit": 19991,
            "gross_margin": 9.03,
            "gross_margin_4q_avg": 10.91,
            "net_income": 3677,
            "net_income_4q": null,
            "revenue": 221436,
            "revenue_4q": null,
            "common_shares": 378672,
            "book_valuer_per_share": 11.25,
            "book_valuer_per_share_4q_avg": 11.31,
            "equity": 426056,
            "current_ratio": 166.86,
            "debt_ratio": 46.81,
            "inventory_turnover_ratio": 4.7,
            "account_receivable_turnover_ratio": null,
            "reinvestment_rate": null,
            "research_to_sale_ratio": null,
            "price_fair": 51.8,
            "eps_avg_yearly": 1.48,
            "eps_latest_yearly": 0.4,
            "eps_growth_yearly": 43.13
        },
        "20033": {
            "year_quarter": 20033,
            "year": 2003,
            "quarter": 3,
            "eps": 0.35,
            "eps_growth_year": 59.09,
            "eps_4q": 1.26,
            "eps_4q_growth_year": 29.83,
            "roe": 2.99,
            "roe_4q": 11.22,
            "gross_profit": 35602,
            "gross_margin": 11.27,
            "gross_margin_4q_avg": 11.11,
            "net_income": 13652,
            "net_income_4q": null,
            "revenue": 315969,
            "revenue_4q": null,
            "common_shares": 413408,
            "book_valuer_per_share": 11.79,
            "book_valuer_per_share_4q_avg": 11.53,
            "equity": 487241,
            "current_ratio": 176.5,
            "debt_ratio": 45.21,
            "inventory_turnover_ratio": 5.81,
            "account_receivable_turnover_ratio": null,
            "reinvestment_rate": null,
            "research_to_sale_ratio": null,
            "price_fair": 51.24,
            "eps_avg_yearly": 1.46,
            "eps_latest_yearly": 1.4,
            "eps_growth_yearly": 234.5
        },
        "20034": {
            "year_quarter": 20034,
            "year": 2003,
            "quarter": 4,
            "eps": 0.3,
            "eps_growth_year": -30.23,
            "eps_4q": 1.12,
            "eps_4q_growth_year": 9.33,
            "roe": 2.43,
            "roe_4q": 9.82,
            "gross_profit": 37798,
            "gross_margin": 11.64,
            "gross_margin_4q_avg": 11.25,
            "net_income": 11991,
            "net_income_4q": null,
            "revenue": 324714,
            "revenue_4q": null,
            "common_shares": 413409,
            "book_valuer_per_share": 12.1,
            "book_valuer_per_share_4q_avg": 11.72,
            "equity": 500066,
            "current_ratio": 165.81,
            "debt_ratio": 46.94,
            "inventory_turnover_ratio": 4.62,
            "account_receivable_turnover_ratio": null,
            "reinvestment_rate": null,
            "research_to_sale_ratio": null,
            "price_fair": 49.7,
            "eps_avg_yearly": 1.42,
            "eps_latest_yearly": 1.2,
            "eps_growth_yearly": 185.9
        },
        "20041": {
            "year_quarter": 20041,
            "year": 2004,
            "quarter": 1,
            "eps": 0.21,
            "eps_growth_year": -50,
            "eps_4q": 0.9,
            "eps_4q_growth_year": -5.16,
            "roe": 1.76,
            "roe_4q": 8.020000000000001,
            "gross_profit": 35545,
            "gross_margin": 12.62,
            "gross_margin_4q_avg": 11.14,
            "net_income": 8877,
            "net_income_4q": null,
            "revenue": 281700,
            "revenue_4q": null,
            "common_shares": 414010,
            "book_valuer_per_share": 12.24,
            "book_valuer_per_share_4q_avg": 11.85,
            "equity": 506631,
            "current_ratio": 184.58,
            "debt_ratio": 42.11,
            "inventory_turnover_ratio": 3.94,
            "account_receivable_turnover_ratio": null,
            "reinvestment_rate": null,
            "research_to_sale_ratio": null,
            "price_fair": 46.8,
            "eps_avg_yearly": 1.34,
            "eps_latest_yearly": 0.84,
            "eps_growth_yearly": 142.2
        },
        "20042": {
            "year_quarter": 20042,
            "year": 2004,
            "quarter": 2,
            "eps": -0.16,
            "eps_growth_year": -260,
            "eps_4q": 0.68,
            "eps_4q_growth_year": -42.97,
            "roe": -1.29,
            "roe_4q": 5.890000000000001,
            "gross_profit": 17441,
            "gross_margin": 8.65,
            "gross_margin_4q_avg": 11.05,
            "net_income": -6294,
            "net_income_4q": null,
            "revenue": 201693,
            "revenue_4q": null,
            "common_shares": 415213,
            "book_valuer_per_share": 11.23,
            "book_valuer_per_share_4q_avg": 11.84,
            "equity": 466318,
            "current_ratio": 170.69,
            "debt_ratio": 42.56,
            "inventory_turnover_ratio": 2.76,
            "account_receivable_turnover_ratio": null,
            "reinvestment_rate": null,
            "research_to_sale_ratio": null,
            "price_fair": 46.8,
            "eps_avg_yearly": 1.34,
            "eps_latest_yearly": 0.84,
            "eps_growth_yearly": 142.2
        },
        "20043": {
            "year_quarter": 20043,
            "year": 2004,
            "quarter": 3,
            "eps": 0.4,
            "eps_growth_year": 14.29,
            "eps_4q": 0.74,
            "eps_4q_growth_year": -40.91,
            "roe": 3.58,
            "roe_4q": 6.48,
            "gross_profit": 35761,
            "gross_margin": 13.27,
            "gross_margin_4q_avg": 11.55,
            "net_income": 17015,
            "net_income_4q": null,
            "revenue": 269584,
            "revenue_4q": null,
            "common_shares": 444385,
            "book_valuer_per_share": 10.87,
            "book_valuer_per_share_4q_avg": 11.61,
            "equity": 482936,
            "current_ratio": 130.47,
            "debt_ratio": 48.49,
            "inventory_turnover_ratio": 2.13,
            "account_receivable_turnover_ratio": null,
            "reinvestment_rate": 244.4,
            "research_to_sale_ratio": null,
            "price_fair": 46.8,
            "eps_avg_yearly": 1.34,
            "eps_latest_yearly": 0.84,
            "eps_growth_yearly": 142.2
        },
        "20044": {
            "year_quarter": 20044,
            "year": 2004,
            "quarter": 4,
            "eps": 0.19,
            "eps_growth_year": -36.67,
            "eps_4q": 0.66,
            "eps_4q_growth_year": -41.38,
            "roe": 1.63,
            "roe_4q": 5.68,
            "gross_profit": 37407,
            "gross_margin": 11.6,
            "gross_margin_4q_avg": 11.54,
            "net_income": 7957,
            "net_income_4q": null,
            "revenue": 322519,
            "revenue_4q": null,
            "common_shares": 447162,
            "book_valuer_per_share": 11.06,
            "book_valuer_per_share_4q_avg": 11.35,
            "equity": 494624,
            "current_ratio": 135.08,
            "debt_ratio": 51.53,
            "inventory_turnover_ratio": 2.21,
            "account_receivable_turnover_ratio": null,
            "reinvestment_rate": -11.74,
            "research_to_sale_ratio": null,
            "price_fair": 44.28,
            "eps_avg_yearly": 1.27,
            "eps_latest_yearly": 0.76,
            "eps_growth_yearly": 98.17
        },
        "20051": {
            "year_quarter": 20051,
            "year": 2005,
            "quarter": 1,
            "eps": -0.56,
            "eps_growth_year": -366.67,
            "eps_4q": -0.12,
            "eps_4q_growth_year": -112.85,
            "roe": -4.88,
            "roe_4q": -0.96,
            "gross_profit": -4169,
            "gross_margin": -1.5,
            "gross_margin_4q_avg": 8.01,
            "net_income": -23562,
            "net_income_4q": null,
            "revenue": 278155,
            "revenue_4q": null,
            "common_shares": 447162,
            "book_valuer_per_share": 10.53,
            "book_valuer_per_share_4q_avg": 10.92,
            "equity": 471062,
            "current_ratio": 121.64,
            "debt_ratio": 51.05,
            "inventory_turnover_ratio": 2.97,
            "account_receivable_turnover_ratio": null,
            "reinvestment_rate": 6.97,
            "research_to_sale_ratio": null,
            "price_fair": 44.28,
            "eps_avg_yearly": 1.27,
            "eps_latest_yearly": 0.76,
            "eps_growth_yearly": 98.17
        },
        "20052": {
            "year_quarter": 20052,
            "year": 2005,
            "quarter": 2,
            "eps": -0.84,
            "eps_growth_year": null,
            "eps_4q": -0.8,
            "eps_4q_growth_year": -217.73,
            "roe": -8.23,
            "roe_4q": -7.9,
            "gross_profit": -21677,
            "gross_margin": -16.56,
            "gross_margin_4q_avg": 1.7,
            "net_income": -37196,
            "net_income_4q": null,
            "revenue": 130914,
            "revenue_4q": null,
            "common_shares": 447162,
            "book_valuer_per_share": 9.67,
            "book_valuer_per_share_4q_avg": 10.53,
            "equity": 432626,
            "current_ratio": 91.01,
            "debt_ratio": 55.76,
            "inventory_turnover_ratio": 2.3,
            "account_receivable_turnover_ratio": null,
            "reinvestment_rate": 180.98,
            "research_to_sale_ratio": null,
            "price_fair": 44.28,
            "eps_avg_yearly": 1.27,
            "eps_latest_yearly": 0.76,
            "eps_growth_yearly": 98.17
        },
        "20053": {
            "year_quarter": 20053,
            "year": 2005,
            "quarter": 3,
            "eps": -0.26,
            "eps_growth_year": -165,
            "eps_4q": -1.37,
            "eps_4q_growth_year": -284.62,
            "roe": -2.71,
            "roe_4q": -14.190000000000001,
            "gross_profit": 2843,
            "gross_margin": 1.39,
            "gross_margin_4q_avg": -1.27,
            "net_income": -11559,
            "net_income_4q": null,
            "revenue": 205209,
            "revenue_4q": null,
            "common_shares": 469432,
            "book_valuer_per_share": 8.97,
            "book_valuer_per_share_4q_avg": 10.06,
            "equity": 421067,
            "current_ratio": 60.51,
            "debt_ratio": 65.04,
            "inventory_turnover_ratio": 3.21,
            "account_receivable_turnover_ratio": null,
            "reinvestment_rate": 636.6,
            "research_to_sale_ratio": null,
            "price_fair": 44.28,
            "eps_avg_yearly": 1.27,
            "eps_latest_yearly": 0.76,
            "eps_growth_yearly": 98.17
        },
        "20054": {
            "year_quarter": 20054,
            "year": 2005,
            "quarter": 4,
            "eps": -0.13,
            "eps_growth_year": -168.42,
            "eps_4q": -1.76,
            "eps_4q_growth_year": -367.49,
            "roe": -1.22,
            "roe_4q": -17.04,
            "gross_profit": 17466,
            "gross_margin": 7.93,
            "gross_margin_4q_avg": -2.19,
            "net_income": -5702,
            "net_income_4q": null,
            "revenue": 220267,
            "revenue_4q": null,
            "common_shares": 600000,
            "book_valuer_per_share": 8.62,
            "book_valuer_per_share_4q_avg": 9.45,
            "equity": 517208,
            "current_ratio": 94.54,
            "debt_ratio": 65.66,
            "inventory_turnover_ratio": 2.92,
            "account_receivable_turnover_ratio": null,
            "reinvestment_rate": 1266.26,
            "research_to_sale_ratio": null,
            "price_fair": 44.28,
            "eps_avg_yearly": 1.27,
            "eps_latest_yearly": 0.76,
            "eps_growth_yearly": 98.17
        },
        "20061": {
            "year_quarter": 20061,
            "year": 2006,
            "quarter": 1,
            "eps": -0.7,
            "eps_growth_year": null,
            "eps_4q": -1.65,
            "eps_4q_growth_year": null,
            "roe": -8.09,
            "roe_4q": -20.25,
            "gross_profit": -17848,
            "gross_margin": -10.46,
            "gross_margin_4q_avg": -4.43,
            "net_income": -40221,
            "net_income_4q": null,
            "revenue": 170616,
            "revenue_4q": null,
            "common_shares": 600000,
            "book_valuer_per_share": 7.95,
            "book_valuer_per_share_4q_avg": 8.8,
            "equity": 476987,
            "current_ratio": 90.55,
            "debt_ratio": 65.11,
            "inventory_turnover_ratio": 2.77,
            "account_receivable_turnover_ratio": null,
            "reinvestment_rate": null,
            "research_to_sale_ratio": null,
            "price_fair": 40,
            "eps_avg_yearly": 1.14,
            "eps_latest_yearly": 0.76,
            "eps_growth_yearly": 97.23
        },
        "20062": {
            "year_quarter": 20062,
            "year": 2006,
            "quarter": 2,
            "eps": -0.82,
            "eps_growth_year": null,
            "eps_4q": -1.74,
            "eps_4q_growth_year": null,
            "roe": -10.37,
            "roe_4q": -22.39,
            "gross_profit": -23409,
            "gross_margin": -15.82,
            "gross_margin_4q_avg": -4.24,
            "net_income": -47026,
            "net_income_4q": null,
            "revenue": 147964,
            "revenue_4q": null,
            "common_shares": 600000,
            "book_valuer_per_share": 7.17,
            "book_valuer_per_share_4q_avg": 8.18,
            "equity": 429961,
            "current_ratio": 72.48,
            "debt_ratio": 67.79,
            "inventory_turnover_ratio": 2.47,
            "account_receivable_turnover_ratio": null,
            "reinvestment_rate": null,
            "research_to_sale_ratio": null,
            "price_fair": 40,
            "eps_avg_yearly": 1.14,
            "eps_latest_yearly": 0.76,
            "eps_growth_yearly": 97.23
        },
        "20063": {
            "year_quarter": 20063,
            "year": 2006,
            "quarter": 3,
            "eps": -0.61,
            "eps_growth_year": null,
            "eps_4q": -2.14,
            "eps_4q_growth_year": null,
            "roe": -8.54,
            "roe_4q": -28.219999999999995,
            "gross_profit": -9410,
            "gross_margin": -3.9,
            "gross_margin_4q_avg": -5.56,
            "net_income": -35216,
            "net_income_4q": null,
            "revenue": 241015,
            "revenue_4q": null,
            "common_shares": 600000,
            "book_valuer_per_share": 6.58,
            "book_valuer_per_share_4q_avg": 7.58,
            "equity": 394745,
            "current_ratio": 81.07,
            "debt_ratio": 72.45,
            "inventory_turnover_ratio": 2.4,
            "account_receivable_turnover_ratio": null,
            "reinvestment_rate": null,
            "research_to_sale_ratio": null,
            "price_fair": 40,
            "eps_avg_yearly": 1.14,
            "eps_latest_yearly": 0.76,
            "eps_growth_yearly": 97.23
        },
        "20064": {
            "year_quarter": 20064,
            "year": 2006,
            "quarter": 4,
            "eps": -0.94,
            "eps_growth_year": null,
            "eps_4q": -3.08,
            "eps_4q_growth_year": null,
            "roe": -14.73,
            "roe_4q": -41.730000000000004,
            "gross_profit": -12084,
            "gross_margin": -5.43,
            "gross_margin_4q_avg": -8.9,
            "net_income": -54151,
            "net_income_4q": null,
            "revenue": 222635,
            "revenue_4q": null,
            "common_shares": 600000,
            "book_valuer_per_share": 5.68,
            "book_valuer_per_share_4q_avg": 6.85,
            "equity": 340594,
            "current_ratio": 68.99,
            "debt_ratio": 75.83,
            "inventory_turnover_ratio": 2.03,
            "account_receivable_turnover_ratio": null,
            "reinvestment_rate": null,
            "research_to_sale_ratio": null,
            "price_fair": 36.63,
            "eps_avg_yearly": 1.05,
            "eps_latest_yearly": 0.76,
            "eps_growth_yearly": 49.8
        },
        "20071": {
            "year_quarter": 20071,
            "year": 2007,
            "quarter": 1,
            "eps": -0.18,
            "eps_growth_year": null,
            "eps_4q": -2.57,
            "eps_4q_growth_year": null,
            "roe": -3.06,
            "roe_4q": -36.699999999999996,
            "gross_profit": 6099,
            "gross_margin": 2.77,
            "gross_margin_4q_avg": -5.6,
            "net_income": -10270,
            "net_income_4q": null,
            "revenue": 220185,
            "revenue_4q": null,
            "common_shares": 600000,
            "book_valuer_per_share": 5.51,
            "book_valuer_per_share_4q_avg": 6.24,
            "equity": 330325,
            "current_ratio": 65.57,
            "debt_ratio": 74.17,
            "inventory_turnover_ratio": 2.32,
            "account_receivable_turnover_ratio": null,
            "reinvestment_rate": null,
            "research_to_sale_ratio": null,
            "price_fair": 32.2,
            "eps_avg_yearly": 0.92,
            "eps_latest_yearly": 0.76,
            "eps_growth_yearly": 61.62
        },
        "20072": {
            "year_quarter": 20072,
            "year": 2007,
            "quarter": 2,
            "eps": -0.47,
            "eps_growth_year": null,
            "eps_4q": -2.11,
            "eps_4q_growth_year": null,
            "roe": -8.49,
            "roe_4q": -34.82,
            "gross_profit": -2716,
            "gross_margin": -1.32,
            "gross_margin_4q_avg": -1.97,
            "net_income": -26905,
            "net_income_4q": null,
            "revenue": 205326,
            "revenue_4q": null,
            "common_shares": 600000,
            "book_valuer_per_share": 5.06,
            "book_valuer_per_share_4q_avg": 5.71,
            "equity": 303419,
            "current_ratio": 68.97,
            "debt_ratio": 77.05,
            "inventory_turnover_ratio": 2.05,
            "account_receivable_turnover_ratio": null,
            "reinvestment_rate": null,
            "research_to_sale_ratio": null,
            "price_fair": 36.75,
            "eps_avg_yearly": 1.05,
            "eps_latest_yearly": 0.76,
            "eps_growth_yearly": 153.21
        },
        "20073": {
            "year_quarter": 20073,
            "year": 2007,
            "quarter": 3,
            "eps": -0.43,
            "eps_growth_year": null,
            "eps_4q": -2.03,
            "eps_4q_growth_year": null,
            "roe": -8.56,
            "roe_4q": -34.84,
            "gross_profit": 634,
            "gross_margin": 0.24,
            "gross_margin_4q_avg": -0.94,
            "net_income": -24905,
            "net_income_4q": null,
            "revenue": 269383,
            "revenue_4q": null,
            "common_shares": 573440,
            "book_valuer_per_share": 4.86,
            "book_valuer_per_share_4q_avg": 5.28,
            "equity": 278514,
            "current_ratio": 67.24,
            "debt_ratio": 78.83,
            "inventory_turnover_ratio": 2.45,
            "account_receivable_turnover_ratio": null,
            "reinvestment_rate": null,
            "research_to_sale_ratio": null,
            "price_fair": 2.8,
            "eps_avg_yearly": 0.93,
            "eps_latest_yearly": 0.76,
            "eps_growth_yearly": -129.05
        },
        "20074": {
            "year_quarter": 20074,
            "year": 2007,
            "quarter": 4,
            "eps": -0.42,
            "eps_growth_year": null,
            "eps_4q": -1.47,
            "eps_4q_growth_year": null,
            "roe": -7.82,
            "roe_4q": -27.930000000000003,
            "gross_profit": 3521,
            "gross_margin": 1.28,
            "gross_margin_4q_avg": 0.74,
            "net_income": -24740,
            "net_income_4q": null,
            "revenue": 275740,
            "revenue_4q": null,
            "common_shares": 741440,
            "book_valuer_per_share": 4.78,
            "book_valuer_per_share_4q_avg": 5.05,
            "equity": 354574,
            "current_ratio": 77.36,
            "debt_ratio": 73.24,
            "inventory_turnover_ratio": 2.48,
            "account_receivable_turnover_ratio": null,
            "reinvestment_rate": null,
            "research_to_sale_ratio": null,
            "price_fair": 2.4,
            "eps_avg_yearly": 0.8,
            "eps_latest_yearly": 0.76,
            "eps_growth_yearly": -165
        },
        "20081": {
            "year_quarter": 20081,
            "year": 2008,
            "quarter": 1,
            "eps": -0.04,
            "eps_growth_year": null,
            "eps_4q": -0.98,
            "eps_4q_growth_year": null,
            "roe": -0.92,
            "roe_4q": -25.79,
            "gross_profit": 25107,
            "gross_margin": 8.71,
            "gross_margin_4q_avg": 2.23,
            "net_income": -3261,
            "net_income_4q": null,
            "revenue": 288303,
            "revenue_4q": null,
            "common_shares": 741440,
            "book_valuer_per_share": 4.74,
            "book_valuer_per_share_4q_avg": 4.86,
            "equity": 351313,
            "current_ratio": 78.41,
            "debt_ratio": 72.82,
            "inventory_turnover_ratio": 2.62,
            "account_receivable_turnover_ratio": null,
            "reinvestment_rate": null,
            "research_to_sale_ratio": null,
            "price_fair": 2.28,
            "eps_avg_yearly": 0.76,
            "eps_latest_yearly": 0.76,
            "eps_growth_yearly": -210
        },
        "20082": {
            "year_quarter": 20082,
            "year": 2008,
            "quarter": 2,
            "eps": -1.11,
            "eps_growth_year": null,
            "eps_4q": -1.82,
            "eps_4q_growth_year": null,
            "roe": -26.46,
            "roe_4q": -43.760000000000005,
            "gross_profit": -32987,
            "gross_margin": -21.64,
            "gross_margin_4q_avg": -2.85,
            "net_income": -82091,
            "net_income_4q": null,
            "revenue": 152408,
            "revenue_4q": null,
            "common_shares": 741440,
            "book_valuer_per_share": 3.63,
            "book_valuer_per_share_4q_avg": 4.5,
            "equity": 269222,
            "current_ratio": 67.42,
            "debt_ratio": 76.16,
            "inventory_turnover_ratio": 2.19,
            "account_receivable_turnover_ratio": null,
            "reinvestment_rate": null,
            "research_to_sale_ratio": null,
            "price_fair": 2.28,
            "eps_avg_yearly": 0.76,
            "eps_latest_yearly": 0.76,
            "eps_growth_yearly": -210
        },
        "20083": {
            "year_quarter": 20083,
            "year": 2008,
            "quarter": 3,
            "eps": -0.06,
            "eps_growth_year": null,
            "eps_4q": -1.54,
            "eps_4q_growth_year": null,
            "roe": -1.54,
            "roe_4q": -36.74,
            "gross_profit": 17548,
            "gross_margin": 7.22,
            "gross_margin_4q_avg": -1.11,
            "net_income": -4113,
            "net_income_4q": null,
            "revenue": 242885,
            "revenue_4q": null,
            "common_shares": 741440,
            "book_valuer_per_share": 3.58,
            "book_valuer_per_share_4q_avg": 4.18,
            "equity": 265109,
            "current_ratio": 70.37,
            "debt_ratio": 76.6,
            "inventory_turnover_ratio": 2.31,
            "account_receivable_turnover_ratio": null,
            "reinvestment_rate": null,
            "research_to_sale_ratio": null,
            "price_fair": 2.28,
            "eps_avg_yearly": 0.76,
            "eps_latest_yearly": 0.76,
            "eps_growth_yearly": -210
        },
        "20084": {
            "year_quarter": 20084,
            "year": 2008,
            "quarter": 4,
            "eps": -1.43,
            "eps_growth_year": null,
            "eps_4q": -3.96,
            "eps_4q_growth_year": null,
            "roe": -21.18,
            "roe_4q": -50.1,
            "gross_profit": -12009,
            "gross_margin": -6.16,
            "gross_margin_4q_avg": -2.97,
            "net_income": -50772,
            "net_income_4q": null,
            "revenue": 194980,
            "revenue_4q": null,
            "common_shares": 354574,
            "book_valuer_per_share": 6.04,
            "book_valuer_per_share_4q_avg": 4.5,
            "equity": 214337,
            "current_ratio": 70.33,
            "debt_ratio": 80.13,
            "inventory_turnover_ratio": 2.02,
            "account_receivable_turnover_ratio": 1.83,
            "reinvestment_rate": null,
            "research_to_sale_ratio": null,
            "price_fair": 0,
            "eps_avg_yearly": 0,
            "eps_latest_yearly": 0,
            "eps_growth_yearly": 0
        },
        "20091": {
            "year_quarter": 20091,
            "year": 2009,
            "quarter": 1,
            "eps": -0.24,
            "eps_growth_year": null,
            "eps_4q": -4.11,
            "eps_4q_growth_year": null,
            "roe": -4.12,
            "roe_4q": -53.3,
            "gross_profit": 5268,
            "gross_margin": 3.03,
            "gross_margin_4q_avg": -4.39,
            "net_income": -8649,
            "net_income_4q": null,
            "revenue": 173817,
            "revenue_4q": null,
            "common_shares": 354574,
            "book_valuer_per_share": 5.8,
            "book_valuer_per_share_4q_avg": 4.76,
            "equity": 205688,
            "current_ratio": 64.25,
            "debt_ratio": 78.69,
            "inventory_turnover_ratio": 1.92,
            "account_receivable_turnover_ratio": 0.89,
            "reinvestment_rate": null,
            "research_to_sale_ratio": null,
            "price_fair": 0,
            "eps_avg_yearly": 0,
            "eps_latest_yearly": 0,
            "eps_growth_yearly": 0
        },
        "20092": {
            "year_quarter": 20092,
            "year": 2009,
            "quarter": 2,
            "eps": -1.25,
            "eps_growth_year": null,
            "eps_4q": -3.04,
            "eps_4q_growth_year": null,
            "roe": -24.16,
            "roe_4q": -51,
            "gross_profit": -21931,
            "gross_margin": -17.64,
            "gross_margin_4q_avg": -3.39,
            "net_income": -44335,
            "net_income_4q": null,
            "revenue": 124302,
            "revenue_4q": null,
            "common_shares": 354574,
            "book_valuer_per_share": 4.55,
            "book_valuer_per_share_4q_avg": 4.99,
            "equity": 161353,
            "current_ratio": 58.13,
            "debt_ratio": 82.21,
            "inventory_turnover_ratio": 2.03,
            "account_receivable_turnover_ratio": 0.79,
            "reinvestment_rate": null,
            "research_to_sale_ratio": null,
            "price_fair": 0,
            "eps_avg_yearly": 0,
            "eps_latest_yearly": 0,
            "eps_growth_yearly": 0
        },
        "20093": {
            "year_quarter": 20093,
            "year": 2009,
            "quarter": 3,
            "eps": -0.94,
            "eps_growth_year": null,
            "eps_4q": -3.87,
            "eps_4q_growth_year": null,
            "roe": -23.03,
            "roe_4q": -72.49,
            "gross_profit": -18989,
            "gross_margin": -14.09,
            "gross_margin_4q_avg": -8.72,
            "net_income": -33319,
            "net_income_4q": null,
            "revenue": 134728,
            "revenue_4q": null,
            "common_shares": 354574,
            "book_valuer_per_share": 3.61,
            "book_valuer_per_share_4q_avg": 5,
            "equity": 128034,
            "current_ratio": 51.98,
            "debt_ratio": 85.55,
            "inventory_turnover_ratio": 2.34,
            "account_receivable_turnover_ratio": 0.94,
            "reinvestment_rate": null,
            "research_to_sale_ratio": null,
            "price_fair": 0,
            "eps_avg_yearly": 0,
            "eps_latest_yearly": 0,
            "eps_growth_yearly": 0
        },
        "20094": {
            "year_quarter": 20094,
            "year": 2009,
            "quarter": 4,
            "eps": -1.3,
            "eps_growth_year": null,
            "eps_4q": -3.74,
            "eps_4q_growth_year": null,
            "roe": -44.04,
            "roe_4q": -95.35,
            "gross_profit": -24031,
            "gross_margin": -16.69,
            "gross_margin_4q_avg": -11.35,
            "net_income": -46209,
            "net_income_4q": null,
            "revenue": 143961,
            "revenue_4q": null,
            "common_shares": 354574,
            "book_valuer_per_share": 2.31,
            "book_valuer_per_share_4q_avg": 4.07,
            "equity": 81825,
            "current_ratio": 49.25,
            "debt_ratio": 90.37,
            "inventory_turnover_ratio": 2.32,
            "account_receivable_turnover_ratio": 1.92,
            "reinvestment_rate": null,
            "research_to_sale_ratio": null,
            "price_fair": 0,
            "eps_avg_yearly": 0,
            "eps_latest_yearly": 0,
            "eps_growth_yearly": 0
        },
        "20101": {
            "year_quarter": 20101,
            "year": 2010,
            "quarter": 1,
            "eps": -0.83,
            "eps_growth_year": null,
            "eps_4q": -3.64,
            "eps_4q_growth_year": null,
            "roe": -38.86,
            "roe_4q": -130.09,
            "gross_profit": -14742,
            "gross_margin": -8.03,
            "gross_margin_4q_avg": -14.11,
            "net_income": -31455,
            "net_income_4q": null,
            "revenue": 183495,
            "revenue_4q": null,
            "common_shares": 426983,
            "book_valuer_per_share": 1.87,
            "book_valuer_per_share_4q_avg": 3.09,
            "equity": 80057,
            "current_ratio": 53.12,
            "debt_ratio": 90.82,
            "inventory_turnover_ratio": 2.69,
            "account_receivable_turnover_ratio": 1.13,
            "reinvestment_rate": null,
            "research_to_sale_ratio": 0.6,
            "price_fair": 0,
            "eps_avg_yearly": 0,
            "eps_latest_yearly": 0,
            "eps_growth_yearly": 0
        },
        "20102": {
            "year_quarter": 20102,
            "year": 2010,
            "quarter": 2,
            "eps": -0.85,
            "eps_growth_year": null,
            "eps_4q": -2.87,
            "eps_4q_growth_year": null,
            "roe": -57.12,
            "roe_4q": -163.04999999999998,
            "gross_profit": -22729,
            "gross_margin": -11.17,
            "gross_margin_4q_avg": -12.5,
            "net_income": -46676,
            "net_income_4q": null,
            "revenue": 203461,
            "revenue_4q": null,
            "common_shares": 548934,
            "book_valuer_per_share": 1.52,
            "book_valuer_per_share_4q_avg": 2.33,
            "equity": 83382,
            "current_ratio": 53.4,
            "debt_ratio": 90.24,
            "inventory_turnover_ratio": 3.31,
            "account_receivable_turnover_ratio": 1.2,
            "reinvestment_rate": null,
            "research_to_sale_ratio": 0.49,
            "price_fair": 0,
            "eps_avg_yearly": 0,
            "eps_latest_yearly": 0,
            "eps_growth_yearly": 0
        },
        "20103": {
            "year_quarter": 20103,
            "year": 2010,
            "quarter": 3,
            "eps": -1.3,
            "eps_growth_year": null,
            "eps_4q": -5.8,
            "eps_4q_growth_year": null,
            "roe": -54.71,
            "roe_4q": -194.73,
            "gross_profit": -10523,
            "gross_margin": -4.64,
            "gross_margin_4q_avg": -10.13,
            "net_income": -35819,
            "net_income_4q": null,
            "revenue": 226832,
            "revenue_4q": null,
            "common_shares": 276185,
            "book_valuer_per_share": 1.72,
            "book_valuer_per_share_4q_avg": 1.86,
            "equity": 47563,
            "current_ratio": 49.9,
            "debt_ratio": 94.29,
            "inventory_turnover_ratio": 3.27,
            "account_receivable_turnover_ratio": 1.41,
            "reinvestment_rate": null,
            "research_to_sale_ratio": 0.34,
            "price_fair": 0,
            "eps_avg_yearly": 0,
            "eps_latest_yearly": 0,
            "eps_growth_yearly": 0
        },
        "20104": {
            "year_quarter": 20104,
            "year": 2010,
            "quarter": 4,
            "eps": -0.92,
            "eps_growth_year": null,
            "eps_4q": -5.05,
            "eps_4q_growth_year": null,
            "roe": -72.93,
            "roe_4q": -223.62,
            "gross_profit": 2617,
            "gross_margin": 1.4,
            "gross_margin_4q_avg": -5.61,
            "net_income": -25419,
            "net_income_4q": null,
            "revenue": 187088,
            "revenue_4q": null,
            "common_shares": 276185,
            "book_valuer_per_share": 0.8,
            "book_valuer_per_share_4q_avg": 1.48,
            "equity": 22144,
            "current_ratio": 45.33,
            "debt_ratio": 97.14,
            "inventory_turnover_ratio": 3.14,
            "account_receivable_turnover_ratio": 1.2,
            "reinvestment_rate": null,
            "research_to_sale_ratio": 0.24,
            "price_fair": 0,
            "eps_avg_yearly": 0,
            "eps_latest_yearly": 0,
            "eps_growth_yearly": 0
        },
        "20111": {
            "year_quarter": 20111,
            "year": 2011,
            "quarter": 1,
            "eps": -1.15,
            "eps_growth_year": null,
            "eps_4q": -3.1,
            "eps_4q_growth_year": null,
            "roe": -83.68,
            "roe_4q": -268.44,
            "gross_profit": -20093,
            "gross_margin": -11.83,
            "gross_margin_4q_avg": -6.56,
            "net_income": -35187,
            "net_income_4q": null,
            "revenue": 169866,
            "revenue_4q": null,
            "common_shares": 462289,
            "book_valuer_per_share": 1.34,
            "book_valuer_per_share_4q_avg": 1.35,
            "equity": 61957,
            "current_ratio": 49.68,
            "debt_ratio": 91.93,
            "inventory_turnover_ratio": 4.57,
            "account_receivable_turnover_ratio": 1.24,
            "reinvestment_rate": null,
            "research_to_sale_ratio": 0.28,
            "price_fair": 0,
            "eps_avg_yearly": 0,
            "eps_latest_yearly": 0,
            "eps_growth_yearly": 0
        },
        "20112": {
            "year_quarter": 20112,
            "year": 2011,
            "quarter": 2,
            "eps": -1.11,
            "eps_growth_year": null,
            "eps_4q": -3.19,
            "eps_4q_growth_year": null,
            "roe": -140.79,
            "roe_4q": -352.10999999999996,
            "gross_profit": -22847,
            "gross_margin": -13.99,
            "gross_margin_4q_avg": -7.27,
            "net_income": -51192,
            "net_income_4q": null,
            "revenue": 163254,
            "revenue_4q": null,
            "common_shares": 462289,
            "book_valuer_per_share": 0.23,
            "book_valuer_per_share_4q_avg": 1.02,
            "equity": 10765,
            "current_ratio": 42.69,
            "debt_ratio": 98.48,
            "inventory_turnover_ratio": 4.35,
            "account_receivable_turnover_ratio": 1.26,
            "reinvestment_rate": null,
            "research_to_sale_ratio": 0.39,
            "price_fair": 0,
            "eps_avg_yearly": 0,
            "eps_latest_yearly": 0,
            "eps_growth_yearly": 0
        },
        "20113": {
            "year_quarter": 20113,
            "year": 2011,
            "quarter": 3,
            "eps": 1.93,
            "eps_growth_year": null,
            "eps_4q": -0.49,
            "eps_4q_growth_year": null,
            "roe": 161.16,
            "roe_4q": -136.24,
            "gross_profit": 230,
            "gross_margin": 0.12,
            "gross_margin_4q_avg": -6.08,
            "net_income": 89343,
            "net_income_4q": null,
            "revenue": 189874,
            "revenue_4q": null,
            "common_shares": 462289,
            "book_valuer_per_share": 2.17,
            "book_valuer_per_share_4q_avg": 1.14,
            "equity": 100107,
            "current_ratio": 77.42,
            "debt_ratio": 79.4,
            "inventory_turnover_ratio": 4.14,
            "account_receivable_turnover_ratio": 1.34,
            "reinvestment_rate": null,
            "research_to_sale_ratio": 0.36,
            "price_fair": 0,
            "eps_avg_yearly": 0,
            "eps_latest_yearly": 0,
            "eps_growth_yearly": 0
        },
        "20114": {
            "year_quarter": 20114,
            "year": 2011,
            "quarter": 4,
            "eps": -1.5,
            "eps_growth_year": null,
            "eps_4q": -1.44,
            "eps_4q_growth_year": null,
            "roe": -106.19,
            "roe_4q": -169.5,
            "gross_profit": -31419,
            "gross_margin": -19.67,
            "gross_margin_4q_avg": -11.34,
            "net_income": -69436,
            "net_income_4q": null,
            "revenue": 159724,
            "revenue_4q": null,
            "common_shares": 462289,
            "book_valuer_per_share": 0.66,
            "book_valuer_per_share_4q_avg": 1.1,
            "equity": 30672,
            "current_ratio": 63.67,
            "debt_ratio": 92.44,
            "inventory_turnover_ratio": 4.79,
            "account_receivable_turnover_ratio": 1.16,
            "reinvestment_rate": null,
            "research_to_sale_ratio": 0.35,
            "price_fair": 0,
            "eps_avg_yearly": 0,
            "eps_latest_yearly": 0,
            "eps_growth_yearly": 0
        },
        "20121": {
            "year_quarter": 20121,
            "year": 2012,
            "quarter": 1,
            "eps": 0,
            "eps_growth_year": null,
            "eps_4q": -0.66,
            "eps_4q_growth_year": null,
            "roe": 3.17,
            "roe_4q": -82.64999999999999,
            "gross_profit": -18904,
            "gross_margin": -26.07,
            "gross_margin_4q_avg": -14.9,
            "net_income": 987,
            "net_income_4q": null,
            "revenue": 72524,
            "revenue_4q": null,
            "common_shares": 462289,
            "book_valuer_per_share": 0.68,
            "book_valuer_per_share_4q_avg": 0.94,
            "equity": 31659,
            "current_ratio": 100.99,
            "debt_ratio": 89.62,
            "inventory_turnover_ratio": 4.18,
            "account_receivable_turnover_ratio": 0.69,
            "reinvestment_rate": null,
            "research_to_sale_ratio": 0.74,
            "price_fair": 0,
            "eps_avg_yearly": 0,
            "eps_latest_yearly": 0,
            "eps_growth_yearly": 0
        },
        "20122": {
            "year_quarter": 20122,
            "year": 2012,
            "quarter": 2,
            "eps": 0.07,
            "eps_growth_year": null,
            "eps_4q": 0.52,
            "eps_4q_growth_year": null,
            "roe": 9.15,
            "roe_4q": 67.28999999999999,
            "gross_profit": 8817,
            "gross_margin": 10.61,
            "gross_margin_4q_avg": -8.75,
            "net_income": 3035,
            "net_income_4q": null,
            "revenue": 83103,
            "revenue_4q": null,
            "common_shares": 462289,
            "book_valuer_per_share": 0.75,
            "book_valuer_per_share_4q_avg": 1.07,
            "equity": 34694,
            "current_ratio": 92.35,
            "debt_ratio": 82.97,
            "inventory_turnover_ratio": 4.46,
            "account_receivable_turnover_ratio": 0.97,
            "reinvestment_rate": null,
            "research_to_sale_ratio": 0.54,
            "price_fair": 0,
            "eps_avg_yearly": 0,
            "eps_latest_yearly": 0,
            "eps_growth_yearly": 0
        },
        "20123": {
            "year_quarter": 20123,
            "year": 2012,
            "quarter": 3,
            "eps": -0.22,
            "eps_growth_year": -111.44,
            "eps_4q": -1.64,
            "eps_4q_growth_year": null,
            "roe": -34.57,
            "roe_4q": -128.44,
            "gross_profit": 4612,
            "gross_margin": 4.96,
            "gross_margin_4q_avg": -7.54,
            "net_income": -10225,
            "net_income_4q": null,
            "revenue": 93070,
            "revenue_4q": null,
            "common_shares": 462289,
            "book_valuer_per_share": 0.53,
            "book_valuer_per_share_4q_avg": 0.66,
            "equity": 24469,
            "current_ratio": 88.06,
            "debt_ratio": 87.77,
            "inventory_turnover_ratio": 5.44,
            "account_receivable_turnover_ratio": 0.9,
            "reinvestment_rate": null,
            "research_to_sale_ratio": 0.39,
            "price_fair": 0,
            "eps_avg_yearly": 0,
            "eps_latest_yearly": 0,
            "eps_growth_yearly": 0
        },
        "20124": {
            "year_quarter": 20124,
            "year": 2012,
            "quarter": 4,
            "eps": -0.13,
            "eps_growth_year": null,
            "eps_4q": -0.35,
            "eps_4q_growth_year": null,
            "roe": -7.41,
            "roe_4q": -29.660000000000004,
            "gross_profit": 18420,
            "gross_margin": 17.05,
            "gross_margin_4q_avg": 1.64,
            "net_income": -3535,
            "net_income_4q": null,
            "revenue": 108041,
            "revenue_4q": null,
            "common_shares": 281144,
            "book_valuer_per_share": 2.52,
            "book_valuer_per_share_4q_avg": 1.12,
            "equity": 70934,
            "current_ratio": 118.41,
            "debt_ratio": 66.46,
            "inventory_turnover_ratio": 5.42,
            "account_receivable_turnover_ratio": 0.96,
            "reinvestment_rate": null,
            "research_to_sale_ratio": 0.22,
            "price_fair": 0,
            "eps_avg_yearly": 0,
            "eps_latest_yearly": 0,
            "eps_growth_yearly": 0
        },
        "20131": {
            "year_quarter": 20131,
            "year": 2013,
            "quarter": 1,
            "eps": -0.19,
            "eps_growth_year": null,
            "eps_4q": -0.58,
            "eps_4q_growth_year": null,
            "roe": -7.99,
            "roe_4q": -40.82,
            "gross_profit": 3880,
            "gross_margin": 4.58,
            "gross_margin_4q_avg": 9.3,
            "net_income": -5451,
            "net_income_4q": null,
            "revenue": 84625,
            "revenue_4q": null,
            "common_shares": 281144,
            "book_valuer_per_share": 2.33,
            "book_valuer_per_share_4q_avg": 1.53,
            "equity": 65483,
            "current_ratio": 113.76,
            "debt_ratio": 73.75,
            "inventory_turnover_ratio": 3.01,
            "account_receivable_turnover_ratio": 0.9,
            "reinvestment_rate": null,
            "research_to_sale_ratio": 0.31,
            "price_fair": 0,
            "eps_avg_yearly": 0,
            "eps_latest_yearly": 0,
            "eps_growth_yearly": 0
        },
        "20132": {
            "year_quarter": 20132,
            "year": 2013,
            "quarter": 2,
            "eps": 0.26,
            "eps_growth_year": 296.03,
            "eps_4q": -0.42,
            "eps_4q_growth_year": -181.36,
            "roe": 10.66,
            "roe_4q": -39.31,
            "gross_profit": 6164,
            "gross_margin": 7.69,
            "gross_margin_4q_avg": 8.57,
            "net_income": 7371,
            "net_income_4q": null,
            "revenue": 80198,
            "revenue_4q": null,
            "common_shares": 281144,
            "book_valuer_per_share": 2.59,
            "book_valuer_per_share_4q_avg": 1.99,
            "equity": 72854,
            "current_ratio": 172.55,
            "debt_ratio": 50.6,
            "inventory_turnover_ratio": 1.59,
            "account_receivable_turnover_ratio": 1.44,
            "reinvestment_rate": null,
            "research_to_sale_ratio": 2.65,
            "price_fair": 0,
            "eps_avg_yearly": 0,
            "eps_latest_yearly": 0,
            "eps_growth_yearly": 0
        },
        "20133": {
            "year_quarter": 20133,
            "year": 2013,
            "quarter": 3,
            "eps": -0.06,
            "eps_growth_year": null,
            "eps_4q": -0.11,
            "eps_4q_growth_year": null,
            "roe": -2.21,
            "roe_4q": -6.950000000000001,
            "gross_profit": 11126,
            "gross_margin": 8.7,
            "gross_margin_4q_avg": 9.51,
            "net_income": -1596,
            "net_income_4q": null,
            "revenue": 127945,
            "revenue_4q": null,
            "common_shares": 281144,
            "book_valuer_per_share": 2.53,
            "book_valuer_per_share_4q_avg": 2.49,
            "equity": 71258,
            "current_ratio": 265.23,
            "debt_ratio": 31.41,
            "inventory_turnover_ratio": 3.8,
            "account_receivable_turnover_ratio": 3.84,
            "reinvestment_rate": null,
            "research_to_sale_ratio": 0.57,
            "price_fair": 0,
            "eps_avg_yearly": 0,
            "eps_latest_yearly": 0,
            "eps_growth_yearly": 0
        },
        "20134": {
            "year_quarter": 20134,
            "year": 2013,
            "quarter": 4,
            "eps": 0,
            "eps_growth_year": null,
            "eps_4q": 0.01,
            "eps_4q_growth_year": null,
            "roe": 0.09,
            "roe_4q": 0.5499999999999989,
            "gross_profit": 6573,
            "gross_margin": 25.97,
            "gross_margin_4q_avg": 11.74,
            "net_income": 62,
            "net_income_4q": null,
            "revenue": 25308,
            "revenue_4q": null,
            "common_shares": 281144,
            "book_valuer_per_share": 2.54,
            "book_valuer_per_share_4q_avg": 2.5,
            "equity": 71320,
            "current_ratio": 434.7,
            "debt_ratio": 21.72,
            "inventory_turnover_ratio": 8.17,
            "account_receivable_turnover_ratio": 0.79,
            "reinvestment_rate": null,
            "research_to_sale_ratio": 1.36,
            "price_fair": 0,
            "eps_avg_yearly": 0,
            "eps_latest_yearly": 0,
            "eps_growth_yearly": 0
        },
        "20141": {
            "year_quarter": 20141,
            "year": 2014,
            "quarter": 1,
            "eps": 0.37,
            "eps_growth_year": null,
            "eps_4q": 0.57,
            "eps_4q_growth_year": null,
            "roe": 13.5,
            "roe_4q": 22.04,
            "gross_profit": 15672,
            "gross_margin": 23.73,
            "gross_margin_4q_avg": 16.52,
            "net_income": 10326,
            "net_income_4q": null,
            "revenue": 66030,
            "revenue_4q": null,
            "common_shares": 281144,
            "book_valuer_per_share": 2.9,
            "book_valuer_per_share_4q_avg": 2.64,
            "equity": 81646,
            "current_ratio": 247.34,
            "debt_ratio": 39.05,
            "inventory_turnover_ratio": 33.83,
            "account_receivable_turnover_ratio": 1.33,
            "reinvestment_rate": null,
            "research_to_sale_ratio": 0,
            "price_fair": 0,
            "eps_avg_yearly": 0,
            "eps_latest_yearly": 0,
            "eps_growth_yearly": 0
        },
        "20142": {
            "year_quarter": 20142,
            "year": 2014,
            "quarter": 2,
            "eps": 1.49,
            "eps_growth_year": 473.08,
            "eps_4q": 1.42,
            "eps_4q_growth_year": null,
            "roe": 18.64,
            "roe_4q": 30.020000000000003,
            "gross_profit": 50667,
            "gross_margin": 28.19,
            "gross_margin_4q_avg": 21.65,
            "net_income": 42476,
            "net_income_4q": null,
            "revenue": 179718,
            "revenue_4q": null,
            "common_shares": 361608,
            "book_valuer_per_share": 10.35,
            "book_valuer_per_share_4q_avg": 4.58,
            "equity": 374122,
            "current_ratio": 395.34,
            "debt_ratio": 25.1,
            "inventory_turnover_ratio": 124.21,
            "account_receivable_turnover_ratio": 1.86,
            "reinvestment_rate": null,
            "research_to_sale_ratio": 0,
            "price_fair": 208.6,
            "eps_avg_yearly": 5.96,
            "eps_latest_yearly": 5.96,
            "eps_growth_yearly": 1210.81
        },
        "20143": {
            "year_quarter": 20143,
            "year": 2014,
            "quarter": 3,
            "eps": 0.57,
            "eps_growth_year": null,
            "eps_4q": 2.03,
            "eps_4q_growth_year": null,
            "roe": 5.32,
            "roe_4q": 37.550000000000004,
            "gross_profit": 24872,
            "gross_margin": 14.2,
            "gross_margin_4q_avg": 23.02,
            "net_income": 20455,
            "net_income_4q": null,
            "revenue": 175180,
            "revenue_4q": null,
            "common_shares": 361608,
            "book_valuer_per_share": 10.91,
            "book_valuer_per_share_4q_avg": 6.68,
            "equity": 394577,
            "current_ratio": 362.91,
            "debt_ratio": 27.52,
            "inventory_turnover_ratio": 122.75,
            "account_receivable_turnover_ratio": 1.02,
            "reinvestment_rate": null,
            "research_to_sale_ratio": 0,
            "price_fair": 144.2,
            "eps_avg_yearly": 4.12,
            "eps_latest_yearly": 2.28,
            "eps_growth_yearly": 481.92
        },
        "20144": {
            "year_quarter": 20144,
            "year": 2014,
            "quarter": 4,
            "eps": 3.25,
            "eps_growth_year": 147512.29,
            "eps_4q": 5.28,
            "eps_4q_growth_year": 38361.17,
            "roe": 25.4,
            "roe_4q": 62.86,
            "gross_profit": 110273,
            "gross_margin": 28.39,
            "gross_margin_4q_avg": 23.63,
            "net_income": 117698,
            "net_income_4q": null,
            "revenue": 388366,
            "revenue_4q": null,
            "common_shares": 361608,
            "book_valuer_per_share": 14.72,
            "book_valuer_per_share_4q_avg": 9.72,
            "equity": 532256,
            "current_ratio": 143.72,
            "debt_ratio": 53.5,
            "inventory_turnover_ratio": 5.21,
            "account_receivable_turnover_ratio": 1.13,
            "reinvestment_rate": -202.63,
            "research_to_sale_ratio": 0,
            "price_fair": 247.8,
            "eps_avg_yearly": 7.08,
            "eps_latest_yearly": 13,
            "eps_growth_yearly": 948.18
        },
        "20151": {
            "year_quarter": 20151,
            "year": 2015,
            "quarter": 1,
            "eps": 1.38,
            "eps_growth_year": 272.97,
            "eps_4q": 6.38,
            "eps_4q_growth_year": 1009.37,
            "roe": 9.02,
            "roe_4q": 58.38,
            "gross_profit": 105217,
            "gross_margin": 23.51,
            "gross_margin_4q_avg": 23.57,
            "net_income": 49996,
            "net_income_4q": null,
            "revenue": 447555,
            "revenue_4q": null,
            "common_shares": 361608,
            "book_valuer_per_share": 15.94,
            "book_valuer_per_share_4q_avg": 12.98,
            "equity": 576273,
            "current_ratio": 137.03,
            "debt_ratio": 59.89,
            "inventory_turnover_ratio": 2.93,
            "account_receivable_turnover_ratio": 0.85,
            "reinvestment_rate": -2.52,
            "research_to_sale_ratio": null,
            "price_fair": 234.15,
            "eps_avg_yearly": 6.69,
            "eps_latest_yearly": 5.52,
            "eps_growth_yearly": 653.59
        },
        "20152": {
            "year_quarter": 20152,
            "year": 2015,
            "quarter": 2,
            "eps": 1.6,
            "eps_growth_year": 7.38,
            "eps_4q": 6.81,
            "eps_4q_growth_year": 380.1,
            "roe": 9.61,
            "roe_4q": 49.35,
            "gross_profit": 112403,
            "gross_margin": 24.35,
            "gross_margin_4q_avg": 22.61,
            "net_income": 57991,
            "net_income_4q": null,
            "revenue": 461541,
            "revenue_4q": null,
            "common_shares": 361608,
            "book_valuer_per_share": 17.44,
            "book_valuer_per_share_4q_avg": 14.75,
            "equity": 630799,
            "current_ratio": 145.63,
            "debt_ratio": 57.52,
            "inventory_turnover_ratio": 2.5,
            "account_receivable_turnover_ratio": 0.79,
            "reinvestment_rate": 0.4,
            "research_to_sale_ratio": 0,
            "price_fair": 232.12,
            "eps_avg_yearly": 6.63,
            "eps_latest_yearly": 6.4,
            "eps_growth_yearly": 535.63
        },
        "20153": {
            "year_quarter": 20153,
            "year": 2015,
            "quarter": 3,
            "eps": 2.29,
            "eps_growth_year": 301.75,
            "eps_4q": 8.53,
            "eps_4q_growth_year": 320.88,
            "roe": 12.25,
            "roe_4q": 56.28,
            "gross_profit": 106776,
            "gross_margin": 25.47,
            "gross_margin_4q_avg": 25.43,
            "net_income": 82898,
            "net_income_4q": null,
            "revenue": 419207,
            "revenue_4q": null,
            "common_shares": 361608,
            "book_valuer_per_share": 19.99,
            "book_valuer_per_share_4q_avg": 17.02,
            "equity": 722890,
            "current_ratio": 166,
            "debt_ratio": 51.73,
            "inventory_turnover_ratio": 2.02,
            "account_receivable_turnover_ratio": 0.72,
            "reinvestment_rate": 83.62,
            "research_to_sale_ratio": null,
            "price_fair": 246.87,
            "eps_avg_yearly": 7.05,
            "eps_latest_yearly": 9.16,
            "eps_growth_yearly": 475.11
        },
        "20154": {
            "year_quarter": 20154,
            "year": 2015,
            "quarter": 4,
            "eps": 2.21,
            "eps_growth_year": -32.23,
            "eps_4q": 7.48,
            "eps_4q_growth_year": 41.73,
            "roe": 10.55,
            "roe_4q": 41.42999999999999,
            "gross_profit": 109313,
            "gross_margin": 26.15,
            "gross_margin_4q_avg": 24.87,
            "net_income": 79762,
            "net_income_4q": null,
            "revenue": 418024,
            "revenue_4q": null,
            "common_shares": 361608,
            "book_valuer_per_share": 21.84,
            "book_valuer_per_share_4q_avg": 18.8,
            "equity": 789577,
            "current_ratio": 183.01,
            "debt_ratio": 48.55,
            "inventory_turnover_ratio": 2.02,
            "account_receivable_turnover_ratio": 0.73,
            "reinvestment_rate": 57.89,
            "research_to_sale_ratio": null,
            "price_fair": 255.8,
            "eps_avg_yearly": 7.31,
            "eps_latest_yearly": 8.84,
            "eps_growth_yearly": 405.24
        },
        "20161": {
            "year_quarter": 20161,
            "year": 2016,
            "quarter": 1,
            "eps": 0.99,
            "eps_growth_year": -28.26,
            "eps_4q": 7.09,
            "eps_4q_growth_year": 11.19,
            "roe": 4.45,
            "roe_4q": 36.86,
            "gross_profit": 80196,
            "gross_margin": 22.11,
            "gross_margin_4q_avg": 24.52,
            "net_income": 35775,
            "net_income_4q": null,
            "revenue": 362742,
            "revenue_4q": null,
            "common_shares": 361608,
            "book_valuer_per_share": 22.58,
            "book_valuer_per_share_4q_avg": 20.46,
            "equity": 816519,
            "current_ratio": 196.69,
            "debt_ratio": 45.47,
            "inventory_turnover_ratio": 2.02,
            "account_receivable_turnover_ratio": 0.69,
            "reinvestment_rate": 80.51,
            "research_to_sale_ratio": null,
            "price_fair": 241.15,
            "eps_avg_yearly": 6.89,
            "eps_latest_yearly": 3.96,
            "eps_growth_yearly": 326.98
        },
        "20162": {
            "year_quarter": 20162,
            "year": 2016,
            "quarter": 2,
            "eps": 1.36,
            "eps_growth_year": -15,
            "eps_4q": 6.22,
            "eps_4q_growth_year": -8.61,
            "roe": 6.22,
            "roe_4q": 33.47,
            "gross_profit": 90449,
            "gross_margin": 19.93,
            "gross_margin_4q_avg": 23.42,
            "net_income": 49008,
            "net_income_4q": null,
            "revenue": 453786,
            "revenue_4q": null,
            "common_shares": 361608,
            "book_valuer_per_share": 20.99,
            "book_valuer_per_share_4q_avg": 21.35,
            "equity": 758836,
            "current_ratio": 173.74,
            "debt_ratio": 50.76,
            "inventory_turnover_ratio": 2.49,
            "account_receivable_turnover_ratio": 0.84,
            "reinvestment_rate": 72.99,
            "research_to_sale_ratio": null,
            "price_fair": 235.51,
            "eps_avg_yearly": 6.73,
            "eps_latest_yearly": 5.44,
            "eps_growth_yearly": 307.26
        },
        "20163": {
            "year_quarter": 20163,
            "year": 2016,
            "quarter": 3,
            "eps": 1.32,
            "eps_growth_year": -42.36,
            "eps_4q": 5.45,
            "eps_4q_growth_year": -36.08,
            "roe": 6.78,
            "roe_4q": 28,
            "gross_profit": 111484,
            "gross_margin": 17.79,
            "gross_margin_4q_avg": 21.5,
            "net_income": 52409,
            "net_income_4q": null,
            "revenue": 626598,
            "revenue_4q": null,
            "common_shares": 397769,
            "book_valuer_per_share": 19.8,
            "book_valuer_per_share_4q_avg": 21.3,
            "equity": 787652,
            "current_ratio": 164.21,
            "debt_ratio": 53.74,
            "inventory_turnover_ratio": 2.94,
            "account_receivable_turnover_ratio": 0.92,
            "reinvestment_rate": 65.3,
            "research_to_sale_ratio": null,
            "price_fair": 230.44,
            "eps_avg_yearly": 6.58,
            "eps_latest_yearly": 5.28,
            "eps_growth_yearly": 275.36
        },
        "20164": {
            "year_quarter": 20164,
            "year": 2016,
            "quarter": 4,
            "eps": 3.59,
            "eps_growth_year": 62.54,
            "eps_4q": 7.03,
            "eps_4q_growth_year": -6.02,
            "roe": 16.72,
            "roe_4q": 34.17,
            "gross_profit": 208762,
            "gross_margin": 24.96,
            "gross_margin_4q_avg": 21.2,
            "net_income": 142612,
            "net_income_4q": null,
            "revenue": 836395,
            "revenue_4q": null,
            "common_shares": 397769,
            "book_valuer_per_share": 23.08,
            "book_valuer_per_share_4q_avg": 21.61,
            "equity": 918248,
            "current_ratio": 169.31,
            "debt_ratio": 52.72,
            "inventory_turnover_ratio": 3.25,
            "account_receivable_turnover_ratio": 0.9,
            "reinvestment_rate": 57.19,
            "research_to_sale_ratio": null,
            "price_fair": 255.18,
            "eps_avg_yearly": 7.29,
            "eps_latest_yearly": 14.36,
            "eps_growth_yearly": 312.86
        },
        "20171": {
            "year_quarter": 20171,
            "year": 2017,
            "quarter": 1,
            "eps": 1.71,
            "eps_growth_year": 72.73,
            "eps_4q": 7.84,
            "eps_4q_growth_year": 10.58,
            "roe": 7.3,
            "roe_4q": 37.02,
            "gross_profit": 160342,
            "gross_margin": 20.88,
            "gross_margin_4q_avg": 20.89,
            "net_income": 67887,
            "net_income_4q": null,
            "revenue": 767793,
            "revenue_4q": null,
            "common_shares": 397769,
            "book_valuer_per_share": 23.7,
            "book_valuer_per_share_4q_avg": 21.89,
            "equity": 942768,
            "current_ratio": 183.61,
            "debt_ratio": 49.44,
            "inventory_turnover_ratio": 3.21,
            "account_receivable_turnover_ratio": 0.74,
            "reinvestment_rate": 48.68,
            "research_to_sale_ratio": null,
            "price_fair": 253.87,
            "eps_avg_yearly": 7.25,
            "eps_latest_yearly": 6.84,
            "eps_growth_yearly": 269.33
        },
        "20172": {
            "year_quarter": 20172,
            "year": 2017,
            "quarter": 2,
            "eps": 2.11,
            "eps_growth_year": 55.15,
            "eps_4q": 8.34,
            "eps_4q_growth_year": 34.02,
            "roe": 9.3,
            "roe_4q": 40.1,
            "gross_profit": 163250,
            "gross_margin": 20.55,
            "gross_margin_4q_avg": 21.05,
            "net_income": 88268,
            "net_income_4q": null,
            "revenue": 794583,
            "revenue_4q": null,
            "common_shares": 397769,
            "book_valuer_per_share": 24,
            "book_valuer_per_share_4q_avg": 22.65,
            "equity": 954603,
            "current_ratio": 169.02,
            "debt_ratio": 53.2,
            "inventory_turnover_ratio": 3.4,
            "account_receivable_turnover_ratio": 0.81,
            "reinvestment_rate": 47.32,
            "research_to_sale_ratio": null,
            "price_fair": 257.06,
            "eps_avg_yearly": 7.34,
            "eps_latest_yearly": 8.44,
            "eps_growth_yearly": 255.81
        },
        "20173": {
            "year_quarter": 20173,
            "year": 2017,
            "quarter": 3,
            "eps": 1.93,
            "eps_growth_year": 46.21,
            "eps_4q": 9.07,
            "eps_4q_growth_year": 66.29,
            "roe": 8.01,
            "roe_4q": 41.33,
            "gross_profit": 164153,
            "gross_margin": 20.24,
            "gross_margin_4q_avg": 21.66,
            "net_income": 80542,
            "net_income_4q": null,
            "revenue": 810868,
            "revenue_4q": null,
            "common_shares": 418209,
            "book_valuer_per_share": 25.23,
            "book_valuer_per_share_4q_avg": 24,
            "equity": 1055315,
            "current_ratio": 189.59,
            "debt_ratio": 47.62,
            "inventory_turnover_ratio": 3.51,
            "account_receivable_turnover_ratio": 0.82,
            "reinvestment_rate": 43.68,
            "research_to_sale_ratio": null,
            "price_fair": 258,
            "eps_avg_yearly": 7.37,
            "eps_latest_yearly": 7.72,
            "eps_growth_yearly": 235.1
        },
        "20174": {
            "year_quarter": 20174,
            "year": 2017,
            "quarter": 4,
            "eps": -2.46,
            "eps_growth_year": -168.73,
            "eps_4q": 3.2,
            "eps_4q_growth_year": -54.57,
            "roe": -10.27,
            "roe_4q": 14.34,
            "gross_profit": 145816,
            "gross_margin": 24.8,
            "gross_margin_4q_avg": 21.62,
            "net_income": -103060,
            "net_income_4q": null,
            "revenue": 587869,
            "revenue_4q": null,
            "common_shares": 418209,
            "book_valuer_per_share": 22.76,
            "book_valuer_per_share_4q_avg": 23.92,
            "equity": 951910,
            "current_ratio": 179.47,
            "debt_ratio": 49.41,
            "inventory_turnover_ratio": 2.61,
            "account_receivable_turnover_ratio": 0.67,
            "reinvestment_rate": 50.38,
            "research_to_sale_ratio": null,
            "price_fair": 258,
            "eps_avg_yearly": 7.37,
            "eps_latest_yearly": 7.72,
            "eps_growth_yearly": 235.1
        },
        "20181": {
            "year_quarter": 20181,
            "year": 2018,
            "quarter": 1,
            "eps": 0.28,
            "eps_growth_year": -83.63,
            "eps_4q": 1.85,
            "eps_4q_growth_year": -76.44,
            "roe": 1.19,
            "roe_4q": 8.23,
            "gross_profit": 89600,
            "gross_margin": 18.89,
            "gross_margin_4q_avg": 21.12,
            "net_income": 11529,
            "net_income_4q": null,
            "revenue": 474398,
            "revenue_4q": null,
            "common_shares": 418209,
            "book_valuer_per_share": 23.4,
            "book_valuer_per_share_4q_avg": 23.85,
            "equity": 978559,
            "current_ratio": 211.25,
            "debt_ratio": 41.95,
            "inventory_turnover_ratio": 2.5,
            "account_receivable_turnover_ratio": 0.69,
            "reinvestment_rate": 53.92,
            "research_to_sale_ratio": null,
            "price_fair": 258,
            "eps_avg_yearly": 7.37,
            "eps_latest_yearly": 7.72,
            "eps_growth_yearly": 235.1
        },
        "20182": {
            "year_quarter": 20182,
            "year": 2018,
            "quarter": 2,
            "eps": 1.73,
            "eps_growth_year": -18.01,
            "eps_4q": 1.48,
            "eps_4q_growth_year": -82.28,
            "roe": 7.72,
            "roe_4q": 6.65,
            "gross_profit": 99377,
            "gross_margin": 18.68,
            "gross_margin_4q_avg": 20.65,
            "net_income": 75848,
            "net_income_4q": null,
            "revenue": 532101,
            "revenue_4q": null,
            "common_shares": 418209,
            "book_valuer_per_share": 23.56,
            "book_valuer_per_share_4q_avg": 23.74,
            "equity": 985140,
            "current_ratio": 176.73,
            "debt_ratio": 49.04,
            "inventory_turnover_ratio": 2.59,
            "account_receivable_turnover_ratio": 0.81,
            "reinvestment_rate": 51.98,
            "research_to_sale_ratio": null,
            "price_fair": 260.4,
            "eps_avg_yearly": 7.44,
            "eps_latest_yearly": 6.92,
            "eps_growth_yearly": 296.58
        },
        "20183": {
            "year_quarter": 20183,
            "year": 2018,
            "quarter": 3,
            "eps": 2.69,
            "eps_growth_year": 39.38,
            "eps_4q": 2.33,
            "eps_4q_growth_year": -74.33,
            "roe": 11.51,
            "roe_4q": 10.150000000000002,
            "gross_profit": 180740,
            "gross_margin": 26.24,
            "gross_margin_4q_avg": 22.15,
            "net_income": 117918,
            "net_income_4q": null,
            "revenue": 688815,
            "revenue_4q": null,
            "common_shares": 439119,
            "book_valuer_per_share": 24.22,
            "book_valuer_per_share_4q_avg": 23.49,
            "equity": 1063421,
            "current_ratio": 172.72,
            "debt_ratio": 50.36,
            "inventory_turnover_ratio": 2.3,
            "account_receivable_turnover_ratio": 0.9,
            "reinvestment_rate": 48.47,
            "research_to_sale_ratio": null,
            "price_fair": 281.6,
            "eps_avg_yearly": 8.05,
            "eps_latest_yearly": 10.76,
            "eps_growth_yearly": 330.07
        },
        "20184": {
            "year_quarter": 20184,
            "year": 2018,
            "quarter": 4,
            "eps": 2.51,
            "eps_growth_year": null,
            "eps_4q": 7.18,
            "eps_4q_growth_year": 124.76,
            "roe": 9.81,
            "roe_4q": 30.23,
            "gross_profit": 198211,
            "gross_margin": 26.07,
            "gross_margin_4q_avg": 22.47,
            "net_income": 110079,
            "net_income_4q": null,
            "revenue": 760232,
            "revenue_4q": null,
            "common_shares": 439119,
            "book_valuer_per_share": 26.91,
            "book_valuer_per_share_4q_avg": 24.52,
            "equity": 1181559,
            "current_ratio": 184.09,
            "debt_ratio": 46.75,
            "inventory_turnover_ratio": 2.2,
            "account_receivable_turnover_ratio": 0.87,
            "reinvestment_rate": 30.11,
            "research_to_sale_ratio": null,
            "price_fair": 274.2,
            "eps_avg_yearly": 7.83,
            "eps_latest_yearly": 10.04,
            "eps_growth_yearly": 193.82
        },
        "20191": {
            "year_quarter": 20191,
            "year": 2019,
            "quarter": 1,
            "eps": 0.61,
            "eps_growth_year": 117.86,
            "eps_4q": 7.52,
            "eps_4q_growth_year": 307.2,
            "roe": 2.2,
            "roe_4q": 31.240000000000002,
            "gross_profit": 93318,
            "gross_margin": 18.08,
            "gross_margin_4q_avg": 22.27,
            "net_income": 26569,
            "net_income_4q": null,
            "revenue": 516162,
            "revenue_4q": null,
            "common_shares": 439119,
            "book_valuer_per_share": 28.13,
            "book_valuer_per_share_4q_avg": 25.71,
            "equity": 1235206,
            "current_ratio": 217.75,
            "debt_ratio": 39.72,
            "inventory_turnover_ratio": 1.92,
            "account_receivable_turnover_ratio": 0.62,
            "reinvestment_rate": 10.06,
            "research_to_sale_ratio": null,
            "price_fair": 266.5,
            "eps_avg_yearly": 7.61,
            "eps_latest_yearly": 2.44,
            "eps_growth_yearly": 188.64
        },
        "20192": {
            "year_quarter": 20192,
            "year": 2019,
            "quarter": 2,
            "eps": 1.97,
            "eps_growth_year": 13.87,
            "eps_4q": 7.76,
            "eps_4q_growth_year": 425.64,
            "roe": 6.98,
            "roe_4q": 30.5,
            "gross_profit": 134793,
            "gross_margin": 22.42,
            "gross_margin_4q_avg": 23.2,
            "net_income": 86362,
            "net_income_4q": null,
            "revenue": 601280,
            "revenue_4q": null,
            "common_shares": 439119,
            "book_valuer_per_share": 28.23,
            "book_valuer_per_share_4q_avg": 26.87,
            "equity": 1239551,
            "current_ratio": 190.35,
            "debt_ratio": 45.25,
            "inventory_turnover_ratio": 2.51,
            "account_receivable_turnover_ratio": 0.82,
            "reinvestment_rate": 9.85,
            "research_to_sale_ratio": null,
            "price_fair": 270.2,
            "eps_avg_yearly": 7.72,
            "eps_latest_yearly": 7.88,
            "eps_growth_yearly": 247.78
        },
        "20193": {
            "year_quarter": 20193,
            "year": 2019,
            "quarter": 3,
            "eps": 1.56,
            "eps_growth_year": -42.01,
            "eps_4q": 6.64,
            "eps_4q_growth_year": 185.29,
            "roe": 5.46,
            "roe_4q": 24.450000000000003,
            "gross_profit": 122351,
            "gross_margin": 21.64,
            "gross_margin_4q_avg": 22.05,
            "net_income": 68654,
            "net_income_4q": null,
            "revenue": 565289,
            "revenue_4q": null,
            "common_shares": 439119,
            "book_valuer_per_share": 29,
            "book_valuer_per_share_4q_avg": 28.07,
            "equity": 1273358,
            "current_ratio": 197.2,
            "debt_ratio": 43.81,
            "inventory_turnover_ratio": 2.67,
            "account_receivable_turnover_ratio": 0.77,
            "reinvestment_rate": 8.26,
            "research_to_sale_ratio": null,
            "price_fair": 262.9,
            "eps_avg_yearly": 7.51,
            "eps_latest_yearly": 6.24,
            "eps_growth_yearly": 229.51
        },
        "20194": {
            "year_quarter": 20194,
            "year": 2019,
            "quarter": 4,
            "eps": 0.02,
            "eps_growth_year": -99.39,
            "eps_4q": 4.15,
            "eps_4q_growth_year": -42.21,
            "roe": 0.05,
            "roe_4q": 14.690000000000001,
            "gross_profit": 77800,
            "gross_margin": 16.61,
            "gross_margin_4q_avg": 19.69,
            "net_income": 669,
            "net_income_4q": null,
            "revenue": 468259,
            "revenue_4q": null,
            "common_shares": 439119,
            "book_valuer_per_share": 28.51,
            "book_valuer_per_share_4q_avg": 28.47,
            "equity": 1251906,
            "current_ratio": 205.8,
            "debt_ratio": 42.13,
            "inventory_turnover_ratio": 3.09,
            "account_receivable_turnover_ratio": 0.72,
            "reinvestment_rate": 9,
            "research_to_sale_ratio": null,
            "price_fair": 241,
            "eps_avg_yearly": 6.89,
            "eps_latest_yearly": 0.08,
            "eps_growth_yearly": 202.31
        },
        "20201": {
            "year_quarter": 20201,
            "year": 2020,
            "quarter": 1,
            "eps": 0.57,
            "eps_growth_year": -6.56,
            "eps_4q": 4.12,
            "eps_4q_growth_year": -45.28,
            "roe": 1.99,
            "roe_4q": 14.48,
            "gross_profit": 45077,
            "gross_margin": 13.41,
            "gross_margin_4q_avg": 18.52,
            "net_income": 25120,
            "net_income_4q": null,
            "revenue": 336253,
            "revenue_4q": null,
            "common_shares": 439119,
            "book_valuer_per_share": 28.89,
            "book_valuer_per_share_4q_avg": 28.66,
            "equity": 1268484,
            "current_ratio": 215.72,
            "debt_ratio": 40.48,
            "inventory_turnover_ratio": 2.57,
            "account_receivable_turnover_ratio": 0.68,
            "reinvestment_rate": 7.01,
            "research_to_sale_ratio": null,
            "price_fair": 236.8,
            "eps_avg_yearly": 6.77,
            "eps_latest_yearly": 2.28,
            "eps_growth_yearly": 1003.79
        },
        "20202": {
            "year_quarter": 20202,
            "year": 2020,
            "quarter": 2,
            "eps": -0.39,
            "eps_growth_year": -119.8,
            "eps_4q": 1.76,
            "eps_4q_growth_year": -77.37,
            "roe": -1.4,
            "roe_4q": 6.1,
            "gross_profit": 69500,
            "gross_margin": 14.2,
            "gross_margin_4q_avg": 16.47,
            "net_income": -17297,
            "net_income_4q": null,
            "revenue": 489278,
            "revenue_4q": null,
            "common_shares": 439119,
            "book_valuer_per_share": 27.24,
            "book_valuer_per_share_4q_avg": 28.41,
            "equity": 1195957,
            "current_ratio": 196.53,
            "debt_ratio": 44.14,
            "inventory_turnover_ratio": 3.8,
            "account_receivable_turnover_ratio": 1.03,
            "reinvestment_rate": 6.98,
            "research_to_sale_ratio": null,
            "price_fair": 240.37,
            "eps_avg_yearly": 6.87,
            "eps_latest_yearly": 2.28,
            "eps_growth_yearly": 1069.51
        },
        "20203": {
            "year_quarter": 20203,
            "year": 2020,
            "quarter": 3,
            "eps": 0.02,
            "eps_growth_year": -98.72,
            "eps_4q": 0.21,
            "eps_4q_growth_year": -96.79,
            "roe": 0.07,
            "roe_4q": 0.7100000000000002,
            "gross_profit": 77241,
            "gross_margin": 15.21,
            "gross_margin_4q_avg": 14.86,
            "net_income": 872,
            "net_income_4q": null,
            "revenue": 507689,
            "revenue_4q": null,
            "common_shares": 439119,
            "book_valuer_per_share": 27.7,
            "book_valuer_per_share_4q_avg": 28.09,
            "equity": 1216490,
            "current_ratio": 194.96,
            "debt_ratio": 45.67,
            "inventory_turnover_ratio": 4.15,
            "account_receivable_turnover_ratio": 0.96,
            "reinvestment_rate": 7.28,
            "research_to_sale_ratio": null,
            "price_fair": 245,
            "eps_avg_yearly": 7,
            "eps_latest_yearly": 2.28,
            "eps_growth_yearly": 1159.61
        },
        "20204": {
            "year_quarter": 20204,
            "year": 2020,
            "quarter": 4,
            "eps": 0.33,
            "eps_growth_year": 2060.85,
            "eps_4q": 0.53,
            "eps_4q_growth_year": -87.3,
            "roe": 1.18,
            "roe_4q": 1.84,
            "gross_profit": 74893,
            "gross_margin": 14.65,
            "gross_margin_4q_avg": 14.37,
            "net_income": 14456,
            "net_income_4q": null,
            "revenue": 511054,
            "revenue_4q": null,
            "common_shares": 439119,
            "book_valuer_per_share": 28.11,
            "book_valuer_per_share_4q_avg": 27.99,
            "equity": 1234305,
            "current_ratio": 207.19,
            "debt_ratio": 43.71,
            "inventory_turnover_ratio": 3.84,
            "account_receivable_turnover_ratio": 0.91,
            "reinvestment_rate": 3.05,
            "research_to_sale_ratio": null,
            "price_fair": 206.97,
            "eps_avg_yearly": 5.91,
            "eps_latest_yearly": 1.32,
            "eps_growth_yearly": 1618.96
        },
        "20211": {
            "year_quarter": 20211,
            "year": 2021,
            "quarter": 1,
            "eps": 0.53,
            "eps_growth_year": -7.02,
            "eps_4q": 0.48,
            "eps_4q_growth_year": -88.3,
            "roe": 1.86,
            "roe_4q": 1.71,
            "gross_profit": 67000,
            "gross_margin": 12.74,
            "gross_margin_4q_avg": 14.2,
            "net_income": 23129,
            "net_income_4q": null,
            "revenue": 526057,
            "revenue_4q": null,
            "common_shares": 439119,
            "book_valuer_per_share": 28.53,
            "book_valuer_per_share_4q_avg": 27.9,
            "equity": 1252631,
            "current_ratio": 202.75,
            "debt_ratio": 44.71,
            "inventory_turnover_ratio": 3.63,
            "account_receivable_turnover_ratio": 0.9,
            "reinvestment_rate": 3.88,
            "research_to_sale_ratio": null,
            "price_fair": 193.2,
            "eps_avg_yearly": 5.52,
            "eps_latest_yearly": 2.12,
            "eps_growth_yearly": 1656.62
        },
        "20212": {
            "year_quarter": 20212,
            "year": 2021,
            "quarter": 2,
            "eps": -0.14,
            "eps_growth_year": null,
            "eps_4q": 0.74,
            "eps_4q_growth_year": -58.01,
            "roe": -0.49,
            "roe_4q": 2.6199999999999997,
            "gross_profit": 56938,
            "gross_margin": 10.53,
            "gross_margin_4q_avg": 13.28,
            "net_income": -6065,
            "net_income_4q": null,
            "revenue": 540810,
            "revenue_4q": null,
            "common_shares": 439119,
            "book_valuer_per_share": 27.57,
            "book_valuer_per_share_4q_avg": 27.98,
            "equity": 1210653,
            "current_ratio": 191.42,
            "debt_ratio": 45.96,
            "inventory_turnover_ratio": 3.97,
            "account_receivable_turnover_ratio": 0.89,
            "reinvestment_rate": 1.08,
            "research_to_sale_ratio": null,
            "price_fair": 183.91,
            "eps_avg_yearly": 5.25,
            "eps_latest_yearly": 2.12,
            "eps_growth_yearly": 1798.71
        },
        "20213": {
            "year_quarter": 20213,
            "year": 2021,
            "quarter": 3,
            "eps": 0.46,
            "eps_growth_year": 2200,
            "eps_4q": 1.18,
            "eps_4q_growth_year": 453.4,
            "roe": 1.67,
            "roe_4q": 4.22,
            "gross_profit": 61414,
            "gross_margin": 12.45,
            "gross_margin_4q_avg": 12.59,
            "net_income": 20300,
            "net_income_4q": null,
            "revenue": 493243,
            "revenue_4q": null,
            "common_shares": 439119,
            "book_valuer_per_share": 27.95,
            "book_valuer_per_share_4q_avg": 28.04,
            "equity": 1227547,
            "current_ratio": 193.89,
            "debt_ratio": 45.54,
            "inventory_turnover_ratio": 3.67,
            "account_receivable_turnover_ratio": 0.84,
            "reinvestment_rate": -1.22,
            "research_to_sale_ratio": null,
            "price_fair": 175.28,
            "eps_avg_yearly": 5.01,
            "eps_latest_yearly": 2.12,
            "eps_growth_yearly": 1981.99
        },
        "20214": {
            "year_quarter": 20214,
            "year": 2021,
            "quarter": 4,
            "eps": -0.52,
            "eps_growth_year": -258.94,
            "eps_4q": 0.33,
            "eps_4q_growth_year": -37.85,
            "roe": -1.88,
            "roe_4q": 1.1600000000000001,
            "gross_profit": 55100,
            "gross_margin": 11.62,
            "gross_margin_4q_avg": 11.84,
            "net_income": -22976,
            "net_income_4q": null,
            "revenue": 474012,
            "revenue_4q": null,
            "common_shares": 439119,
            "book_valuer_per_share": 27.66,
            "book_valuer_per_share_4q_avg": 27.93,
            "equity": 1214526,
            "current_ratio": 197.85,
            "debt_ratio": 44.38,
            "inventory_turnover_ratio": 3.81,
            "account_receivable_turnover_ratio": 0.86,
            "reinvestment_rate": -3.06,
            "research_to_sale_ratio": null,
            "price_fair": 175.28,
            "eps_avg_yearly": 5.01,
            "eps_latest_yearly": 2.12,
            "eps_growth_yearly": 1981.99
        },
        "20221": {
            "year_quarter": 20221,
            "year": 2022,
            "quarter": 1,
            "eps": 0.98,
            "eps_growth_year": 84.91,
            "eps_4q": 0.78,
            "eps_4q_growth_year": 62.03,
            "roe": 3.45,
            "roe_4q": 2.75,
            "gross_profit": 58723,
            "gross_margin": 11.68,
            "gross_margin_4q_avg": 11.57,
            "net_income": 43026,
            "net_income_4q": null,
            "revenue": 502970,
            "revenue_4q": null,
            "common_shares": 439119,
            "book_valuer_per_share": 29.15,
            "book_valuer_per_share_4q_avg": 28.08,
            "equity": 1280140,
            "current_ratio": 202.23,
            "debt_ratio": 43.51,
            "inventory_turnover_ratio": 4.39,
            "account_receivable_turnover_ratio": 0.89,
            "reinvestment_rate": -8.48,
            "research_to_sale_ratio": null,
            "price_fair": 175.28,
            "eps_avg_yearly": 5.01,
            "eps_latest_yearly": 2.12,
            "eps_growth_yearly": 1981.99
        },
        "20222": {
            "year_quarter": 20222,
            "year": 2022,
            "quarter": 2,
            "eps": 1.21,
            "eps_growth_year": null,
            "eps_4q": 2.13,
            "eps_4q_growth_year": 188.71,
            "roe": 4.12,
            "roe_4q": 7.36,
            "gross_profit": 46556,
            "gross_margin": 9.92,
            "gross_margin_4q_avg": 11.42,
            "net_income": 53169,
            "net_income_4q": null,
            "revenue": 469200,
            "revenue_4q": null,
            "common_shares": 439119,
            "book_valuer_per_share": 29.61,
            "book_valuer_per_share_4q_avg": 28.59,
            "equity": 1300015,
            "current_ratio": 200.52,
            "debt_ratio": 44.34,
            "inventory_turnover_ratio": 3.7,
            "account_receivable_turnover_ratio": 0.81,
            "reinvestment_rate": -11.02,
            "research_to_sale_ratio": null,
            "price_fair": 168,
            "eps_avg_yearly": 4.8,
            "eps_latest_yearly": 4.84,
            "eps_growth_yearly": 1784.24
        },
        "20223": {
            "year_quarter": 20223,
            "year": 2022,
            "quarter": 3,
            "eps": 0.99,
            "eps_growth_year": 115.22,
            "eps_4q": 2.66,
            "eps_4q_growth_year": 125.37,
            "roe": 3.29,
            "roe_4q": 8.98,
            "gross_profit": 43869,
            "gross_margin": 13.2,
            "gross_margin_4q_avg": 11.61,
            "net_income": 43570,
            "net_income_4q": null,
            "revenue": 332293,
            "revenue_4q": null,
            "common_shares": 439119,
            "book_valuer_per_share": 30.72,
            "book_valuer_per_share_4q_avg": 29.29,
            "equity": 1349005,
            "current_ratio": 243.65,
            "debt_ratio": 38.59,
            "inventory_turnover_ratio": 2.38,
            "account_receivable_turnover_ratio": 0.68,
            "reinvestment_rate": -16.69,
            "research_to_sale_ratio": null,
            "price_fair": 144.2,
            "eps_avg_yearly": 4.12,
            "eps_latest_yearly": 3.96,
            "eps_growth_yearly": 1754.77
        },
        "20224": {
            "year_quarter": 20224,
            "year": 2022,
            "quarter": 4,
            "eps": -0.55,
            "eps_growth_year": null,
            "eps_4q": 2.64,
            "eps_4q_growth_year": 704.96,
            "roe": -1.8,
            "roe_4q": 9.06,
            "gross_profit": 37783,
            "gross_margin": 12.12,
            "gross_margin_4q_avg": 11.73,
            "net_income": -23947,
            "net_income_4q": null,
            "revenue": 311765,
            "revenue_4q": null,
            "common_shares": 439119,
            "book_valuer_per_share": 30.01,
            "book_valuer_per_share_4q_avg": 29.87,
            "equity": 1317900,
            "current_ratio": 230.89,
            "debt_ratio": 38.54,
            "inventory_turnover_ratio": 2.3,
            "account_receivable_turnover_ratio": 0.81,
            "reinvestment_rate": -39.6,
            "research_to_sale_ratio": null,
            "price_fair": 121.18,
            "eps_avg_yearly": 3.46,
            "eps_latest_yearly": 3.96,
            "eps_growth_yearly": 1952.72
        },
        "20231": {
            "year_quarter": 20231,
            "year": 2023,
            "quarter": 1,
            "eps": -0.35,
            "eps_growth_year": -135.71,
            "eps_4q": 1.31,
            "eps_4q_growth_year": 67.15,
            "roe": -1.18,
            "roe_4q": 4.43,
            "gross_profit": 25576,
            "gross_margin": 8.59,
            "gross_margin_4q_avg": 10.96,
            "net_income": -15484,
            "net_income_4q": null,
            "revenue": 297680,
            "revenue_4q": null,
            "common_shares": 439119,
            "book_valuer_per_share": 29.72,
            "book_valuer_per_share_4q_avg": 30.02,
            "equity": 1304849,
            "current_ratio": 232.74,
            "debt_ratio": 38.13,
            "inventory_turnover_ratio": 2.55,
            "account_receivable_turnover_ratio": 0.84,
            "reinvestment_rate": -51.38,
            "research_to_sale_ratio": null,
            "price_fair": 125.65,
            "eps_avg_yearly": 3.59,
            "eps_latest_yearly": 3.96,
            "eps_growth_yearly": 2234.66
        },
        "20232": {
            "year_quarter": 20232,
            "year": 2023,
            "quarter": 2,
            "eps": 0.35,
            "eps_growth_year": -71.07,
            "eps_4q": 0.44,
            "eps_4q_growth_year": -79.28,
            "roe": 1.18,
            "roe_4q": 1.49,
            "gross_profit": 32547,
            "gross_margin": 9.32,
            "gross_margin_4q_avg": 10.81,
            "net_income": 15235,
            "net_income_4q": null,
            "revenue": 349163,
            "revenue_4q": null,
            "common_shares": 439119,
            "book_valuer_per_share": 29.28,
            "book_valuer_per_share_4q_avg": 29.93,
            "equity": 1285684,
            "current_ratio": 213.43,
            "debt_ratio": 42.18,
            "inventory_turnover_ratio": 3,
            "account_receivable_turnover_ratio": 0.93,
            "reinvestment_rate": -76.38,
            "research_to_sale_ratio": null,
            "price_fair": 104.2,
            "eps_avg_yearly": 2.98,
            "eps_latest_yearly": 3.96,
            "eps_growth_yearly": 2426.49
        },
        "20233": {
            "year_quarter": 20233,
            "year": 2023,
            "quarter": 3,
            "eps": 0.98,
            "eps_growth_year": -1.01,
            "eps_4q": 0.42,
            "eps_4q_growth_year": -84.04,
            "roe": 3.26,
            "roe_4q": 1.4599999999999997,
            "gross_profit": 34888,
            "gross_margin": 8.41,
            "gross_margin_4q_avg": 9.61,
            "net_income": 42839,
            "net_income_4q": null,
            "revenue": 414607,
            "revenue_4q": null,
            "common_shares": 439119,
            "book_valuer_per_share": 30.66,
            "book_valuer_per_share_4q_avg": 29.92,
            "equity": 1346334,
            "current_ratio": 215.9,
            "debt_ratio": 42.08,
            "inventory_turnover_ratio": 3.83,
            "account_receivable_turnover_ratio": 0.99,
            "reinvestment_rate": -82.28,
            "research_to_sale_ratio": null,
            "price_fair": 92.6,
            "eps_avg_yearly": 2.65,
            "eps_latest_yearly": 3.92,
            "eps_growth_yearly": 2541.24
        }
    },
    "months": {
        "2001-09": {
            "month": "2001-09",
            "price": "10.82",
            "revenue": 67631
        },
        "2001-10": {
            "month": "2001-10",
            "price": "9.21",
            "revenue": 104989
        },
        "2001-11": {
            "month": "2001-11",
            "price": "10.98",
            "revenue": 109225
        },
        "2001-12": {
            "month": "2001-12",
            "price": "15.94",
            "revenue": 56609
        },
        "2002-01": {
            "month": "2002-01",
            "price": "20.69",
            "revenue": 103790
        },
        "2002-02": {
            "month": "2002-02",
            "price": "22.13",
            "revenue": 86659
        },
        "2002-03": {
            "month": "2002-03",
            "price": "25.55",
            "revenue": 77781
        },
        "2002-04": {
            "month": "2002-04",
            "price": "23.13",
            "revenue": 49336
        },
        "2002-05": {
            "month": "2002-05",
            "price": "18.87",
            "revenue": 54946
        },
        "2002-06": {
            "month": "2002-06",
            "price": "17.34",
            "revenue": 40503
        },
        "2002-07": {
            "month": "2002-07",
            "price": "14.93",
            "revenue": 70713
        },
        "2002-08": {
            "month": "2002-08",
            "price": "13.95",
            "revenue": 71736
        },
        "2002-09": {
            "month": "2002-09",
            "price": "11.68",
            "revenue": 70861
        },
        "2002-10": {
            "month": "2002-10",
            "price": "10.90",
            "revenue": 93604
        },
        "2002-11": {
            "month": "2002-11",
            "price": "11.44",
            "revenue": 88794
        },
        "2002-12": {
            "month": "2002-12",
            "price": "10.68",
            "revenue": 49850
        },
        "2003-01": {
            "month": "2003-01",
            "price": "10.96",
            "revenue": 100010
        },
        "2003-02": {
            "month": "2003-02",
            "price": "11.87",
            "revenue": 85979
        },
        "2003-03": {
            "month": "2003-03",
            "price": "11.00",
            "revenue": 96748
        },
        "2003-04": {
            "month": "2003-04",
            "price": "11.05",
            "revenue": 90558
        },
        "2003-05": {
            "month": "2003-05",
            "price": "10.97",
            "revenue": 70202
        },
        "2003-06": {
            "month": "2003-06",
            "price": "12.64",
            "revenue": 60675
        },
        "2003-07": {
            "month": "2003-07",
            "price": "14.44",
            "revenue": 91981
        },
        "2003-08": {
            "month": "2003-08",
            "price": "13.65",
            "revenue": 112318
        },
        "2003-09": {
            "month": "2003-09",
            "price": "12.88",
            "revenue": 111670
        },
        "2003-10": {
            "month": "2003-10",
            "price": "12.52",
            "revenue": 120642
        },
        "2003-11": {
            "month": "2003-11",
            "price": "13.56",
            "revenue": 98971
        },
        "2003-12": {
            "month": "2003-12",
            "price": "14.13",
            "revenue": 105102
        },
        "2004-01": {
            "month": "2004-01",
            "price": "14.18",
            "revenue": 95546
        },
        "2004-02": {
            "month": "2004-02",
            "price": "14.57",
            "revenue": 88769
        },
        "2004-03": {
            "month": "2004-03",
            "price": "14.28",
            "revenue": 97386
        },
        "2004-04": {
            "month": "2004-04",
            "price": "14.65",
            "revenue": 70788
        },
        "2004-05": {
            "month": "2004-05",
            "price": "12.83",
            "revenue": 74569
        },
        "2004-06": {
            "month": "2004-06",
            "price": "11.18",
            "revenue": 56337
        },
        "2004-07": {
            "month": "2004-07",
            "price": "9.95",
            "revenue": 70532
        },
        "2004-08": {
            "month": "2004-08",
            "price": "10.36",
            "revenue": 92965
        },
        "2004-09": {
            "month": "2004-09",
            "price": "13.57",
            "revenue": 106086
        },
        "2004-10": {
            "month": "2004-10",
            "price": "16.08",
            "revenue": 116971
        },
        "2004-11": {
            "month": "2004-11",
            "price": "15.83",
            "revenue": 123696
        },
        "2004-12": {
            "month": "2004-12",
            "price": "27.14",
            "revenue": 81853
        },
        "2005-01": {
            "month": "2005-01",
            "price": "20.96",
            "revenue": 97568
        },
        "2005-02": {
            "month": "2005-02",
            "price": "9.84",
            "revenue": 79122
        },
        "2005-03": {
            "month": "2005-03",
            "price": "10.57",
            "revenue": 101465
        },
        "2005-04": {
            "month": "2005-04",
            "price": "10.09",
            "revenue": 51717
        },
        "2005-05": {
            "month": "2005-05",
            "price": "9.80",
            "revenue": 44815
        },
        "2005-06": {
            "month": "2005-06",
            "price": "10.36",
            "revenue": 34382
        },
        "2005-07": {
            "month": "2005-07",
            "price": "11.04",
            "revenue": 51254
        },
        "2005-08": {
            "month": "2005-08",
            "price": "10.07",
            "revenue": 79635
        },
        "2005-09": {
            "month": "2005-09",
            "price": "9.71",
            "revenue": 76093
        },
        "2005-10": {
            "month": "2005-10",
            "price": "9.44",
            "revenue": 76339
        },
        "2005-11": {
            "month": "2005-11",
            "price": "9.01",
            "revenue": 89177
        },
        "2005-12": {
            "month": "2005-12",
            "price": "9.73",
            "revenue": 54786
        },
        "2006-01": {
            "month": "2006-01",
            "price": "11.16",
            "revenue": 58952
        },
        "2006-02": {
            "month": "2006-02",
            "price": "10.79",
            "revenue": 46758
        },
        "2006-03": {
            "month": "2006-03",
            "price": "10.25",
            "revenue": 64907
        },
        "2006-04": {
            "month": "2006-04",
            "price": "9.69",
            "revenue": 46341
        },
        "2006-05": {
            "month": "2006-05",
            "price": "9.69",
            "revenue": 58927
        },
        "2006-06": {
            "month": "2006-06",
            "price": "9.55",
            "revenue": 47695
        },
        "2006-07": {
            "month": "2006-07",
            "price": "10.02",
            "revenue": 64343
        },
        "2006-08": {
            "month": "2006-08",
            "price": "10.03",
            "revenue": 90453
        },
        "2006-09": {
            "month": "2006-09",
            "price": "9.65",
            "revenue": 81219
        },
        "2006-10": {
            "month": "2006-10",
            "price": "9.45",
            "revenue": 107667
        },
        "2006-11": {
            "month": "2006-11",
            "price": "9.22",
            "revenue": 81349
        },
        "2006-12": {
            "month": "2006-12",
            "price": "9.40",
            "revenue": 36297
        },
        "2007-01": {
            "month": "2007-01",
            "price": "9.32",
            "revenue": 76120
        },
        "2007-02": {
            "month": "2007-02",
            "price": "9.24",
            "revenue": 61388
        },
        "2007-03": {
            "month": "2007-03",
            "price": "9.42",
            "revenue": 81036
        },
        "2007-04": {
            "month": "2007-04",
            "price": "11.09",
            "revenue": 81057
        },
        "2007-05": {
            "month": "2007-05",
            "price": "9.83",
            "revenue": 75610
        },
        "2007-06": {
            "month": "2007-06",
            "price": "9.88",
            "revenue": 70011
        },
        "2007-07": {
            "month": "2007-07",
            "price": "11.36",
            "revenue": 81930
        },
        "2007-08": {
            "month": "2007-08",
            "price": "12.57",
            "revenue": 83618
        },
        "2007-09": {
            "month": "2007-09",
            "price": "10.29",
            "revenue": 82483
        },
        "2007-10": {
            "month": "2007-10",
            "price": "9.84",
            "revenue": 77550
        },
        "2007-11": {
            "month": "2007-11",
            "price": "7.15",
            "revenue": 107323
        },
        "2007-12": {
            "month": "2007-12",
            "price": "7.04",
            "revenue": 90867
        },
        "2008-01": {
            "month": "2008-01",
            "price": "7.10",
            "revenue": 120639
        },
        "2008-02": {
            "month": "2008-02",
            "price": "7.95",
            "revenue": 86769
        },
        "2008-03": {
            "month": "2008-03",
            "price": "6.99",
            "revenue": 80895
        },
        "2008-04": {
            "month": "2008-04",
            "price": "5.60",
            "revenue": 46098
        },
        "2008-05": {
            "month": "2008-05",
            "price": "5.37",
            "revenue": 56846
        },
        "2008-06": {
            "month": "2008-06",
            "price": "4.54",
            "revenue": 52305
        },
        "2008-07": {
            "month": "2008-07",
            "price": "4.80",
            "revenue": 72672
        },
        "2008-08": {
            "month": "2008-08",
            "price": "4.87",
            "revenue": 94096
        },
        "2008-09": {
            "month": "2008-09",
            "price": "4.93",
            "revenue": 73849
        },
        "2008-10": {
            "month": "2008-10",
            "price": "4.49",
            "revenue": 92698
        },
        "2008-11": {
            "month": "2008-11",
            "price": "3.89",
            "revenue": 72054
        },
        "2008-12": {
            "month": "2008-12",
            "price": "3.82",
            "revenue": 30148
        },
        "2009-01": {
            "month": "2009-01",
            "price": "3.51",
            "revenue": 33835
        },
        "2009-02": {
            "month": "2009-02",
            "price": "3.89",
            "revenue": 65804
        },
        "2009-03": {
            "month": "2009-03",
            "price": "9.04",
            "revenue": 74178
        },
        "2009-04": {
            "month": "2009-04",
            "price": "8.47",
            "revenue": 46324
        },
        "2009-05": {
            "month": "2009-05",
            "price": "7.90",
            "revenue": 45780
        },
        "2009-06": {
            "month": "2009-06",
            "price": "11.45",
            "revenue": 32198
        },
        "2009-07": {
            "month": "2009-07",
            "price": "10.37",
            "revenue": 45185
        },
        "2009-08": {
            "month": "2009-08",
            "price": "6.57",
            "revenue": 54180
        },
        "2009-09": {
            "month": "2009-09",
            "price": "4.87",
            "revenue": 35364
        },
        "2009-10": {
            "month": "2009-10",
            "price": "4.83",
            "revenue": 52217
        },
        "2009-11": {
            "month": "2009-11",
            "price": "5.24",
            "revenue": 43689
        },
        "2009-12": {
            "month": "2009-12",
            "price": "5.77",
            "revenue": 48054
        },
        "2010-01": {
            "month": "2010-01",
            "price": "5.36",
            "revenue": 72169
        },
        "2010-02": {
            "month": "2010-02",
            "price": "4.86",
            "revenue": 45372
        },
        "2010-03": {
            "month": "2010-03",
            "price": "4.85",
            "revenue": 65953
        },
        "2010-04": {
            "month": "2010-04",
            "price": "5.12",
            "revenue": 74851
        },
        "2010-05": {
            "month": "2010-05",
            "price": "4.64",
            "revenue": 76899
        },
        "2010-06": {
            "month": "2010-06",
            "price": "3.51",
            "revenue": 52180
        },
        "2010-07": {
            "month": "2010-07",
            "price": "3.47",
            "revenue": 63733
        },
        "2010-08": {
            "month": "2010-08",
            "price": "3.82",
            "revenue": 84763
        },
        "2010-09": {
            "month": "2010-09",
            "price": "3.72",
            "revenue": 78335
        },
        "2010-10": {
            "month": "2010-10",
            "price": "3.08",
            "revenue": 56310
        },
        "2010-11": {
            "month": "2010-11",
            "price": "4.44",
            "revenue": 74446
        },
        "2010-12": {
            "month": "2010-12",
            "price": "4.88",
            "revenue": 56207
        },
        "2011-01": {
            "month": "2011-01",
            "price": "4.98",
            "revenue": 57794
        },
        "2011-02": {
            "month": "2011-02",
            "price": "4.98",
            "revenue": 40373
        },
        "2011-03": {
            "month": "2011-03",
            "price": "4.18",
            "revenue": 71699
        },
        "2011-04": {
            "month": "2011-04",
            "price": "3.54",
            "revenue": 50084
        },
        "2011-05": {
            "month": "2011-05",
            "price": "3.08",
            "revenue": 66203
        },
        "2011-06": {
            "month": "2011-06",
            "price": "3.04",
            "revenue": 46967
        },
        "2011-07": {
            "month": "2011-07",
            "price": "2.53",
            "revenue": 57878
        },
        "2011-08": {
            "month": "2011-08",
            "price": "2.00",
            "revenue": 66986
        },
        "2011-09": {
            "month": "2011-09",
            "price": "2.25",
            "revenue": 65009
        },
        "2011-10": {
            "month": "2011-10",
            "price": "2.81",
            "revenue": 60426
        },
        "2011-11": {
            "month": "2011-11",
            "price": "3.34",
            "revenue": 54839
        },
        "2011-12": {
            "month": "2011-12",
            "price": "4.05",
            "revenue": 44459
        },
        "2012-01": {
            "month": "2012-01",
            "price": "2.82",
            "revenue": 31501
        },
        "2012-02": {
            "month": "2012-02",
            "price": "2.70",
            "revenue": 12811
        },
        "2012-03": {
            "month": "2012-03",
            "price": "3.52",
            "revenue": 28212
        },
        "2012-04": {
            "month": "2012-04",
            "price": "4.94",
            "revenue": 27179
        },
        "2012-05": {
            "month": "2012-05",
            "price": "3.33",
            "revenue": 27257
        },
        "2012-06": {
            "month": "2012-06",
            "price": "2.94",
            "revenue": 28668
        },
        "2012-07": {
            "month": "2012-07",
            "price": "2.32",
            "revenue": 30038
        },
        "2012-08": {
            "month": "2012-08",
            "price": "2.06",
            "revenue": 40663
        },
        "2012-09": {
            "month": "2012-09",
            "price": "3.33",
            "revenue": 22369
        },
        "2012-10": {
            "month": "2012-10",
            "price": "2.42",
            "revenue": 33745
        },
        "2012-11": {
            "month": "2012-11",
            "price": "2.16",
            "revenue": 57566
        },
        "2013-01": {
            "month": "2013-01",
            "price": "5.60",
            "revenue": 24582
        },
        "2013-03": {
            "month": "2013-03",
            "price": "5.05",
            "revenue": 39252
        },
        "2013-04": {
            "month": "2013-04",
            "price": "4.32",
            "revenue": 60638
        },
        "2013-05": {
            "month": "2013-05",
            "price": "5.19",
            "revenue": 10031
        },
        "2013-06": {
            "month": "2013-06",
            "price": "5.10",
            "revenue": 9529
        },
        "2013-07": {
            "month": "2013-07",
            "price": "4.68",
            "revenue": 107697
        },
        "2013-08": {
            "month": "2013-08",
            "price": "4.96",
            "revenue": 10097
        },
        "2013-09": {
            "month": "2013-09",
            "price": "4.70",
            "revenue": 10150
        },
        "2013-10": {
            "month": "2013-10",
            "price": "5.04",
            "revenue": 8368
        },
        "2013-11": {
            "month": "2013-11",
            "price": "5.76",
            "revenue": 9764
        },
        "2013-12": {
            "month": "2013-12",
            "price": "10.95",
            "revenue": 4307
        },
        "2014-01": {
            "month": "2014-01",
            "price": "15.08",
            "revenue": 7681
        },
        "2014-02": {
            "month": "2014-02",
            "price": "18.79",
            "revenue": 6300
        },
        "2014-03": {
            "month": "2014-03",
            "price": "23.24",
            "revenue": 52049
        },
        "2014-04": {
            "month": "2014-04",
            "price": "27.85",
            "revenue": 65036
        },
        "2014-05": {
            "month": "2014-05",
            "price": "37.13",
            "revenue": 55090
        },
        "2014-06": {
            "month": "2014-06",
            "price": "46.32",
            "revenue": 59592
        },
        "2014-07": {
            "month": "2014-07",
            "price": "54.86",
            "revenue": 45725
        },
        "2014-08": {
            "month": "2014-08",
            "price": "58.29",
            "revenue": 79841
        },
        "2014-09": {
            "month": "2014-09",
            "price": "78.14",
            "revenue": 49613
        },
        "2014-10": {
            "month": "2014-10",
            "price": "77.45",
            "revenue": 146267
        },
        "2014-11": {
            "month": "2014-11",
            "price": "84.17",
            "revenue": 102143
        },
        "2014-12": {
            "month": "2014-12",
            "price": "83.61",
            "revenue": 139952
        },
        "2015-01": {
            "month": "2015-01",
            "price": "80.59",
            "revenue": 166015
        },
        "2015-02": {
            "month": "2015-02",
            "price": "76.62",
            "revenue": 136243
        },
        "2015-03": {
            "month": "2015-03",
            "price": "67.63",
            "revenue": 145297
        },
        "2015-04": {
            "month": "2015-04",
            "price": "64.94",
            "revenue": 142808
        },
        "2015-05": {
            "month": "2015-05",
            "price": "53.74",
            "revenue": 169218
        },
        "2015-06": {
            "month": "2015-06",
            "price": "46.10",
            "revenue": 149515
        },
        "2015-07": {
            "month": "2015-07",
            "price": "45.14",
            "revenue": 122490
        },
        "2015-08": {
            "month": "2015-08",
            "price": "37.37",
            "revenue": 137858
        },
        "2015-09": {
            "month": "2015-09",
            "price": "40.20",
            "revenue": 158860
        },
        "2015-10": {
            "month": "2015-10",
            "price": "49.87",
            "revenue": 151182
        },
        "2015-11": {
            "month": "2015-11",
            "price": "56.30",
            "revenue": 134586
        },
        "2015-12": {
            "month": "2015-12",
            "price": "55.25",
            "revenue": 132256
        },
        "2016-01": {
            "month": "2016-01",
            "price": "48.97",
            "revenue": 157520
        },
        "2016-02": {
            "month": "2016-02",
            "price": "51.67",
            "revenue": 99907
        },
        "2016-03": {
            "month": "2016-03",
            "price": "58.99",
            "revenue": 105315
        },
        "2016-04": {
            "month": "2016-04",
            "price": "54.55",
            "revenue": 125971
        },
        "2016-05": {
            "month": "2016-05",
            "price": "46.17",
            "revenue": 143361
        },
        "2016-06": {
            "month": "2016-06",
            "price": "45.94",
            "revenue": 184454
        },
        "2016-07": {
            "month": "2016-07",
            "price": "50.66",
            "revenue": 174143
        },
        "2016-08": {
            "month": "2016-08",
            "price": "46.92",
            "revenue": 202044
        },
        "2016-09": {
            "month": "2016-09",
            "price": "46.99",
            "revenue": 250411
        },
        "2016-10": {
            "month": "2016-10",
            "price": "55.62",
            "revenue": 265482
        },
        "2016-11": {
            "month": "2016-11",
            "price": "52.74",
            "revenue": 313591
        },
        "2016-12": {
            "month": "2016-12",
            "price": "57.12",
            "revenue": 257323
        },
        "2017-01": {
            "month": "2017-01",
            "price": "56.11",
            "revenue": 215649
        },
        "2017-02": {
            "month": "2017-02",
            "price": "54.13",
            "revenue": 255913
        },
        "2017-03": {
            "month": "2017-03",
            "price": "60.75",
            "revenue": 296231
        },
        "2017-04": {
            "month": "2017-04",
            "price": "74.78",
            "revenue": 256099
        },
        "2017-05": {
            "month": "2017-05",
            "price": "78.48",
            "revenue": 264606
        },
        "2017-06": {
            "month": "2017-06",
            "price": "75.07",
            "revenue": 273877
        },
        "2017-07": {
            "month": "2017-07",
            "price": "71.10",
            "revenue": 290581
        },
        "2017-08": {
            "month": "2017-08",
            "price": "76.70",
            "revenue": 267668
        },
        "2017-09": {
            "month": "2017-09",
            "price": "71.80",
            "revenue": 252620
        },
        "2017-10": {
            "month": "2017-10",
            "price": "66.70",
            "revenue": 173583
        },
        "2017-11": {
            "month": "2017-11",
            "price": "61.07",
            "revenue": 211728
        },
        "2017-12": {
            "month": "2017-12",
            "price": "47.48",
            "revenue": 202558
        },
        "2018-01": {
            "month": "2018-01",
            "price": "46.82",
            "revenue": 188925
        },
        "2018-02": {
            "month": "2018-02",
            "price": "42.55",
            "revenue": 147505
        },
        "2018-03": {
            "month": "2018-03",
            "price": "40.80",
            "revenue": 137968
        },
        "2018-04": {
            "month": "2018-04",
            "price": "35.30",
            "revenue": 147359
        },
        "2018-05": {
            "month": "2018-05",
            "price": "29.95",
            "revenue": 189826
        },
        "2018-06": {
            "month": "2018-06",
            "price": "30.47",
            "revenue": 194916
        },
        "2018-07": {
            "month": "2018-07",
            "price": "29.03",
            "revenue": 237752
        },
        "2018-08": {
            "month": "2018-08",
            "price": "37.94",
            "revenue": 238595
        },
        "2018-09": {
            "month": "2018-09",
            "price": "40.62",
            "revenue": 212468
        },
        "2018-10": {
            "month": "2018-10",
            "price": "34.85",
            "revenue": 259375
        },
        "2018-11": {
            "month": "2018-11",
            "price": "42.10",
            "revenue": 280575
        },
        "2018-12": {
            "month": "2018-12",
            "price": "48.40",
            "revenue": 220282
        },
        "2019-01": {
            "month": "2019-01",
            "price": "46.87",
            "revenue": 238762
        },
        "2019-02": {
            "month": "2019-02",
            "price": "47.38",
            "revenue": 129291
        },
        "2019-03": {
            "month": "2019-03",
            "price": "50.38",
            "revenue": 148109
        },
        "2019-04": {
            "month": "2019-04",
            "price": "46.86",
            "revenue": 173544
        },
        "2019-05": {
            "month": "2019-05",
            "price": "36.92",
            "revenue": 204691
        },
        "2019-06": {
            "month": "2019-06",
            "price": "35.64",
            "revenue": 223045
        },
        "2019-07": {
            "month": "2019-07",
            "price": "39.23",
            "revenue": 219563
        },
        "2019-08": {
            "month": "2019-08",
            "price": "40.87",
            "revenue": 197868
        },
        "2019-09": {
            "month": "2019-09",
            "price": "38.52",
            "revenue": 147858
        },
        "2019-10": {
            "month": "2019-10",
            "price": "34.48",
            "revenue": 165265
        },
        "2019-11": {
            "month": "2019-11",
            "price": "36.29",
            "revenue": 157103
        },
        "2019-12": {
            "month": "2019-12",
            "price": "34.04",
            "revenue": 145891
        },
        "2020-01": {
            "month": "2020-01",
            "price": "32.76",
            "revenue": 121582
        },
        "2020-02": {
            "month": "2020-02",
            "price": "28.99",
            "revenue": 82119
        },
        "2020-03": {
            "month": "2020-03",
            "price": "22.78",
            "revenue": 132552
        },
        "2020-04": {
            "month": "2020-04",
            "price": "21.63",
            "revenue": 157596
        },
        "2020-05": {
            "month": "2020-05",
            "price": "24.35",
            "revenue": 170833
        },
        "2020-06": {
            "month": "2020-06",
            "price": "25.23",
            "revenue": 160849
        },
        "2020-07": {
            "month": "2020-07",
            "price": "26.74",
            "revenue": 149644
        },
        "2020-08": {
            "month": "2020-08",
            "price": "23.05",
            "revenue": 168793
        },
        "2020-09": {
            "month": "2020-09",
            "price": "21.92",
            "revenue": 189252
        },
        "2020-10": {
            "month": "2020-10",
            "price": "22.26",
            "revenue": 156909
        },
        "2020-11": {
            "month": "2020-11",
            "price": "22.11",
            "revenue": 158929
        },
        "2020-12": {
            "month": "2020-12",
            "price": "23.70",
            "revenue": 195216
        },
        "2021-01": {
            "month": "2021-01",
            "price": "23.97",
            "revenue": 184036
        },
        "2021-02": {
            "month": "2021-02",
            "price": "24.08",
            "revenue": 147840
        },
        "2021-03": {
            "month": "2021-03",
            "price": "26.72",
            "revenue": 194180
        },
        "2021-04": {
            "month": "2021-04",
            "price": "29.31",
            "revenue": 179140
        },
        "2021-05": {
            "month": "2021-05",
            "price": "25.08",
            "revenue": 160546
        },
        "2021-06": {
            "month": "2021-06",
            "price": "24.05",
            "revenue": 201124
        },
        "2021-07": {
            "month": "2021-07",
            "price": "25.47",
            "revenue": 167864
        },
        "2021-08": {
            "month": "2021-08",
            "price": "23.40",
            "revenue": 171138
        },
        "2021-09": {
            "month": "2021-09",
            "price": "22.11",
            "revenue": 154241
        },
        "2021-10": {
            "month": "2021-10",
            "price": "22.72",
            "revenue": 157503
        },
        "2021-11": {
            "month": "2021-11",
            "price": "22.96",
            "revenue": 155186
        },
        "2021-12": {
            "month": "2021-12",
            "price": "23.10",
            "revenue": 161323
        },
        "2022-01": {
            "month": "2022-01",
            "price": "22.91",
            "revenue": 181722
        },
        "2022-02": {
            "month": "2022-02",
            "price": "22.89",
            "revenue": 137681
        },
        "2022-03": {
            "month": "2022-03",
            "price": "22.32",
            "revenue": 183567
        },
        "2022-04": {
            "month": "2022-04",
            "price": "21.49",
            "revenue": 111761
        },
        "2022-05": {
            "month": "2022-05",
            "price": "21.58",
            "revenue": 222275
        },
        "2022-06": {
            "month": "2022-06",
            "price": "24.59",
            "revenue": 135164
        },
        "2022-07": {
            "month": "2022-07",
            "price": "21.58",
            "revenue": 136748
        },
        "2022-08": {
            "month": "2022-08",
            "price": "26.60",
            "revenue": 109897
        },
        "2022-09": {
            "month": "2022-09",
            "price": "26.55",
            "revenue": 85648
        },
        "2022-10": {
            "month": "2022-10",
            "price": "22.08",
            "revenue": 107156
        },
        "2022-11": {
            "month": "2022-11",
            "price": "24.66",
            "revenue": 108369
        },
        "2022-12": {
            "month": "2022-12",
            "price": "24.79",
            "revenue": 96240
        },
        "2023-01": {
            "month": "2023-01",
            "price": "24.17",
            "revenue": 87481
        },
        "2023-02": {
            "month": "2023-02",
            "price": "25.06",
            "revenue": 98691
        },
        "2023-03": {
            "month": "2023-03",
            "price": "24.70",
            "revenue": 111508
        },
        "2023-04": {
            "month": "2023-04",
            "price": "23.92",
            "revenue": 105300
        },
        "2023-05": {
            "month": "2023-05",
            "price": "24.23",
            "revenue": 122413
        },
        "2023-06": {
            "month": "2023-06",
            "price": "26.75",
            "revenue": 121450
        },
        "2023-07": {
            "month": "2023-07",
            "price": "27.65",
            "revenue": 181082
        },
        "2023-08": {
            "month": "2023-08",
            "price": "32.21",
            "revenue": 125553
        },
        "2023-09": {
            "month": "2023-09",
            "price": "30.88",
            "revenue": 107972
        },
        "2023-10": {
            "month": "2023-10",
            "price": "33.88",
            "revenue": 120542
        },
        "2023-11": {
            "month": "2023-11",
            "price": "34.20",
            "revenue": 115315
        },
        "2023-12": {
            "month": "2023-12",
            "price": "35.45",
            "revenue": 116497
        }
    }
}
