{
    "summary": {
        "stock_name": "鎰勝",
        "stock_id": "6115",
        "category": "電子零組件",
        "main_business": "資訊、通訊及消費性電子產品之電源線連接器、電源傳輸線、網路線<br>電子訊號線、延長線",
        "website_url": "http://www.isheng.com.tw",
        "ceo": "方義雄",
        "pe_ratio": 14,
        "report_year_from": 2001,
        "report_year_to": 2023,
        "age": 23,
        "eps_negative_percentage": 0,
        "eps_growth_avg": {
            "last_all": 4.17,
            "last_2y": 6.98,
            "last_4y": 2.97,
            "last_8y": 0.64,
            "last_12y": 2.96,
            "last_16y": -0.04,
            "last_20y": 3.49,
            "at_2006_last_3y": 18.5,
            "at_2007_last_3y": 6.16,
            "at_2008_last_3y": 13.72,
            "at_2009_last_3y": 24.68,
            "at_2010_last_3y": -9.78,
            "at_2011_last_3y": 7.79,
            "at_2012_last_3y": 7.39,
            "at_2013_last_3y": -3.9,
            "at_2014_last_3y": 8.19,
            "at_2015_last_3y": -6.64,
            "at_2016_last_3y": 0.47,
            "at_2017_last_3y": -7.98,
            "at_2018_last_3y": -2.29,
            "at_2019_last_3y": 1.23,
            "at_2020_last_3y": -7.86,
            "at_2021_last_3y": 3.35,
            "at_2022_last_3y": 13.99,
            "at_2023_last_3y": 1.4,
            "at_2024_last_3y": 1.4,
            "at_2006_last_all": 18.48,
            "at_2007_last_all": 12.77,
            "at_2008_last_all": 10.12,
            "at_2009_last_all": 13.65,
            "at_2010_last_all": 5.92,
            "at_2011_last_all": 10.78,
            "at_2012_last_all": 9.13,
            "at_2013_last_all": 7.8,
            "at_2014_last_all": 6.62,
            "at_2015_last_all": 5.8,
            "at_2016_last_all": 6.82,
            "at_2017_last_all": 3.85,
            "at_2018_last_all": 4.52,
            "at_2019_last_all": 4.79,
            "at_2020_last_all": 3.73,
            "at_2021_last_all": 3.75,
            "at_2022_last_all": 6.33,
            "at_2023_last_all": 4.17,
            "at_2024_last_all": 4.17
        },
        "latest_eps": 3.21,
        "latest_price": 46.35,
        "latest_roe": 11.65,
        "latest_gross_margin": 17.9,
        "latest_equity": 5171318,
        "latest_revenue": 1749448,
        "latest_gross_profit": 313194,
        "latest_net_income": 220955,
        "latest_debt_ratio": 40.9,
        "latest_current_ratio": 241.97,
        "latest_account_receivable_turnover_ratio": 0.89,
        "latest_inventory_turnover_ratio": 2.47,
        "latest_reinvestment_rate": 18.25,
        "latest_research_to_sale_ratio": 1.11
    },
    "eps_dividends": {
        "1999": {
            "cash": 0.5,
            "stock": 3,
            "eps": 0
        },
        "2000": {
            "cash": 0.5,
            "stock": 3,
            "eps": 0
        },
        "2001": {
            "cash": 0.6,
            "stock": 2.4,
            "eps": 3.42
        },
        "2002": {
            "cash": 1,
            "stock": 2,
            "eps": 4.05
        },
        "2003": {
            "cash": 1.5,
            "stock": 1.5,
            "eps": 5.41
        },
        "2004": {
            "cash": 1,
            "stock": 2,
            "eps": 3.46
        },
        "2005": {
            "cash": 1.2,
            "stock": 1,
            "eps": 3.27
        },
        "2006": {
            "cash": 1,
            "stock": 1.2,
            "eps": 5.95
        },
        "2007": {
            "cash": 2.5,
            "stock": 1,
            "eps": 5.01
        },
        "2008": {
            "cash": 3,
            "stock": 1,
            "eps": 4.72
        },
        "2009": {
            "cash": 2.46,
            "stock": 0.49,
            "eps": 6.53
        },
        "2010": {
            "cash": 4.5,
            "stock": 0,
            "eps": 2.88
        },
        "2011": {
            "cash": 7,
            "stock": 0,
            "eps": 4.45
        },
        "2012": {
            "cash": 0,
            "stock": 0,
            "eps": 4.12
        },
        "2013": {
            "cash": 3.2,
            "stock": 0,
            "eps": 3.84
        },
        "2014": {
            "cash": 3.5,
            "stock": 0,
            "eps": 3.55
        },
        "2015": {
            "cash": 3.5,
            "stock": 0,
            "eps": 3.38
        },
        "2016": {
            "cash": 3.5,
            "stock": 0,
            "eps": 4.09
        },
        "2017": {
            "cash": 4,
            "stock": 0,
            "eps": 2.43
        },
        "2018": {
            "cash": 3,
            "stock": 0,
            "eps": 2.8
        },
        "2019": {
            "cash": 3,
            "stock": 0,
            "eps": 3.06
        },
        "2020": {
            "cash": 3,
            "stock": 0,
            "eps": 2.59
        },
        "2021": {
            "cash": 2.8,
            "stock": 0,
            "eps": 2.7
        },
        "2022": {
            "cash": 2.8,
            "stock": 0,
            "eps": 4.26
        },
        "2023": {
            "cash": 3.2,
            "stock": 0,
            "eps": 2.51
        }
    },
    "dividends": {
        "1999-05-24": {
            "cash": 0.5,
            "stock": 3
        },
        "2000-05-26": {
            "cash": 0.5,
            "stock": 3
        },
        "2001-04-25": {
            "cash": 0.6,
            "stock": 2.4
        },
        "2002-05-21": {
            "cash": 1,
            "stock": 2
        },
        "2003-03-04": {
            "cash": 1.5,
            "stock": 1.5
        },
        "2004-04-13": {
            "cash": 1,
            "stock": 2
        },
        "2005-04-27": {
            "cash": 1.2,
            "stock": 1
        },
        "2006-06-14": {
            "cash": 1,
            "stock": 1.2
        },
        "2007-04-19": {
            "cash": 2.5,
            "stock": 1
        },
        "2008-04-19": {
            "cash": 3,
            "stock": 1
        },
        "2009-03-27": {
            "cash": 2.46,
            "stock": 0.49
        },
        "2010-03-24": {
            "cash": 4.5,
            "stock": 0
        },
        "2011-01-01": {
            "cash": 3.5,
            "stock": 0
        },
        "2011-03-28": {
            "cash": 3.5,
            "stock": 0
        },
        "2013-03-20": {
            "cash": 3.2,
            "stock": 0
        },
        "2014-08-15": {
            "cash": 3.5,
            "stock": 0
        },
        "2015-08-05": {
            "cash": 3.5,
            "stock": 0
        },
        "2016-08-12": {
            "cash": 3.5,
            "stock": 0
        },
        "2017-08-02": {
            "cash": 4,
            "stock": 0
        },
        "2018-08-09": {
            "cash": 3,
            "stock": 0
        },
        "2019-08-08": {
            "cash": 3,
            "stock": 0
        },
        "2020-08-06": {
            "cash": 3,
            "stock": 0
        },
        "2021-08-27": {
            "cash": 2.8,
            "stock": 0
        },
        "2022-08-04": {
            "cash": 2.8,
            "stock": 0
        },
        "2023-08-03": {
            "cash": 3.2,
            "stock": 0
        }
    },
    "prices": {
        "200101": "無",
        "200102": "無",
        "200103": "無",
        "200104": "無",
        "200105": "無",
        "200106": "無",
        "200107": "無",
        "200108": "無",
        "200109": "無",
        "200110": "無",
        "200111": "無",
        "200112": "50.64",
        "200201": "68.16",
        "200202": "80.58",
        "200203": "78.29",
        "200204": "73.79",
        "200205": "66.68",
        "200206": "69.95",
        "200207": "61.80",
        "200208": "54.89",
        "200209": "54.52",
        "200210": "52.95",
        "200211": "54.62",
        "200212": "57.73",
        "200301": "53.05",
        "200302": "51.11",
        "200303": "50.82",
        "200304": "50.90",
        "200305": "54.74",
        "200306": "61.08",
        "200307": "63.26",
        "200308": "60.71",
        "200309": "57.67",
        "200310": "54.66",
        "200311": "53.70",
        "200312": "53.85",
        "200401": "53.17",
        "200402": "54.52",
        "200403": "51.97",
        "200404": "48.95",
        "200405": "39.58",
        "200406": "36.55",
        "200407": "28.90",
        "200408": "23.25",
        "200409": "24.84",
        "200410": "23.58",
        "200411": "23.60",
        "200412": "25.60",
        "200501": "23.91",
        "200502": "26.99",
        "200503": "34.98",
        "200504": "31.85",
        "200505": "31.20",
        "200506": "33.74",
        "200507": "34.16",
        "200508": "28.53",
        "200509": "28.60",
        "200510": "26.66",
        "200511": "26.08",
        "200512": "28.78",
        "200601": "30.35",
        "200602": "30.38",
        "200603": "30.80",
        "200604": "31.89",
        "200605": "37.81",
        "200606": "34.20",
        "200607": "35.86",
        "200608": "36.51",
        "200609": "36.80",
        "200610": "39.21",
        "200611": "47.56",
        "200612": "48.22",
        "200701": "51.72",
        "200702": "50.49",
        "200703": "48.61",
        "200704": "49.00",
        "200705": "48.39",
        "200706": "52.14",
        "200707": "61.71",
        "200708": "58.10",
        "200709": "57.66",
        "200710": "56.03",
        "200711": "46.84",
        "200712": "43.99",
        "200801": "39.33",
        "200802": "37.69",
        "200803": "40.90",
        "200804": "43.87",
        "200805": "45.29",
        "200806": "41.91",
        "200807": "39.81",
        "200808": "39.36",
        "200809": "32.59",
        "200810": "26.31",
        "200811": "23.20",
        "200812": "22.52",
        "200901": "22.53",
        "200902": "24.14",
        "200903": "28.88",
        "200904": "36.72",
        "200905": "39.65",
        "200906": "37.06",
        "200907": "43.83",
        "200908": "54.66",
        "200909": "63.70",
        "200910": "60.41",
        "200911": "57.52",
        "200912": "61.51",
        "201001": "60.78",
        "201002": "55.69",
        "201003": "58.30",
        "201004": "60.79",
        "201005": "56.95",
        "201006": "57.23",
        "201007": "55.05",
        "201008": "51.99",
        "201009": "50.18",
        "201010": "52.09",
        "201011": "49.73",
        "201012": "50.66",
        "201101": "48.69",
        "201102": "47.16",
        "201103": "44.41",
        "201104": "44.73",
        "201105": "43.01",
        "201106": "41.53",
        "201107": "39.54",
        "201108": "32.95",
        "201109": "34.41",
        "201110": "34.79",
        "201111": "36.06",
        "201112": "35.67",
        "201201": "35.79",
        "201202": "41.55",
        "201203": "46.46",
        "201204": "46.51",
        "201205": "45.22",
        "201206": "42.28",
        "201207": "41.65",
        "201208": "39.78",
        "201209": "40.94",
        "201210": "39.78",
        "201211": "38.95",
        "201212": "39.76",
        "201301": "41.82",
        "201302": "43.12",
        "201303": "43.45",
        "201304": "44.39",
        "201305": "44.68",
        "201306": "44.07",
        "201307": "44.26",
        "201308": "41.76",
        "201309": "42.40",
        "201310": "42.93",
        "201311": "41.27",
        "201312": "41.66",
        "201401": "42.83",
        "201402": "42.32",
        "201403": "44.09",
        "201404": "46.51",
        "201405": "45.32",
        "201406": "46.38",
        "201407": "45.92",
        "201408": "42.36",
        "201409": "42.74",
        "201410": "41.43",
        "201411": "41.20",
        "201412": "42.51",
        "201501": "43.00",
        "201502": "43.36",
        "201503": "45.20",
        "201504": "45.50",
        "201505": "42.95",
        "201506": "41.13",
        "201507": "38.53",
        "201508": "30.52",
        "201509": "31.19",
        "201510": "31.78",
        "201511": "33.10",
        "201512": "33.11",
        "201601": "33.05",
        "201602": "33.82",
        "201603": "37.04",
        "201604": "38.60",
        "201605": "37.43",
        "201606": "39.40",
        "201607": "40.69",
        "201608": "40.07",
        "201609": "42.31",
        "201610": "43.50",
        "201611": "44.06",
        "201612": "44.57",
        "201701": "44.36",
        "201702": "45.11",
        "201703": "46.86",
        "201704": "48.86",
        "201705": "48.40",
        "201706": "48.45",
        "201707": "44.72",
        "201708": "43.87",
        "201709": "44.03",
        "201710": "43.88",
        "201711": "43.55",
        "201712": "43.56",
        "201801": "45.03",
        "201802": "44.51",
        "201803": "45.64",
        "201804": "45.00",
        "201805": "44.85",
        "201806": "44.73",
        "201807": "43.45",
        "201808": "42.42",
        "201809": "42.64",
        "201810": "41.00",
        "201811": "39.96",
        "201812": "40.58",
        "201901": "40.09",
        "201902": "41.52",
        "201903": "41.92",
        "201904": "42.88",
        "201905": "42.99",
        "201906": "43.39",
        "201907": "42.28",
        "201908": "41.32",
        "201909": "41.63",
        "201910": "41.75",
        "201911": "42.73",
        "201912": "43.49",
        "202001": "43.77",
        "202002": "44.80",
        "202003": "41.05",
        "202004": "41.86",
        "202005": "43.52",
        "202006": "44.09",
        "202007": "42.88",
        "202008": "41.84",
        "202009": "41.20",
        "202010": "41.25",
        "202011": "41.33",
        "202012": "41.83",
        "202101": "41.94",
        "202102": "42.65",
        "202103": "43.86",
        "202104": "45.38",
        "202105": "43.55",
        "202106": "44.00",
        "202107": "44.91",
        "202108": "42.45",
        "202109": "41.84",
        "202110": "42.10",
        "202111": "42.64",
        "202112": "42.67",
        "202201": "42.65",
        "202202": "42.85",
        "202203": "42.97",
        "202204": "42.93",
        "202205": "42.68",
        "202206": "42.90",
        "202207": "41.26",
        "202208": "41.63",
        "202209": "41.85",
        "202210": "40.68",
        "202211": "41.49",
        "202212": "42.38",
        "202301": "42.57",
        "202302": "43.17",
        "202303": "44.62",
        "202304": "45.36",
        "202305": "45.71",
        "202306": "46.50",
        "202307": "45.44",
        "202308": "45.20",
        "202309": "44.97",
        "202310": "45.00",
        "202311": "45.47",
        "202312": "45.98"
    },
    "quarters": {
        "20011": {
            "year_quarter": 20011,
            "year": 2001,
            "quarter": 1,
            "eps": 0.84,
            "eps_growth_year": null,
            "eps_4q": null,
            "eps_4q_growth_year": null,
            "roe": 3.84,
            "roe_4q": 3.84,
            "gross_profit": 55634,
            "gross_margin": 19.9,
            "gross_margin_4q_avg": 19.9,
            "net_income": 30664,
            "net_income_4q": null,
            "revenue": 279601,
            "revenue_4q": null,
            "common_shares": 366120,
            "book_valuer_per_share": 21.25,
            "book_valuer_per_share_4q_avg": 21.25,
            "equity": 777866,
            "current_ratio": 163.25,
            "debt_ratio": 31.65,
            "inventory_turnover_ratio": 3.59,
            "account_receivable_turnover_ratio": null,
            "reinvestment_rate": null,
            "research_to_sale_ratio": null,
            "price_fair": 0,
            "eps_avg_yearly": 0,
            "eps_latest_yearly": 0,
            "eps_growth_yearly": 0
        },
        "20012": {
            "year_quarter": 20012,
            "year": 2001,
            "quarter": 2,
            "eps": 0.93,
            "eps_growth_year": null,
            "eps_4q": 3.48,
            "eps_4q_growth_year": null,
            "roe": 4.32,
            "roe_4q": 8.16,
            "gross_profit": 41480,
            "gross_margin": 14.33,
            "gross_margin_4q_avg": 17.12,
            "net_income": 33951,
            "net_income_4q": null,
            "revenue": 289451,
            "revenue_4q": null,
            "common_shares": 366120,
            "book_valuer_per_share": 21.72,
            "book_valuer_per_share_4q_avg": 21.49,
            "equity": 795136,
            "current_ratio": 160.16,
            "debt_ratio": 33.21,
            "inventory_turnover_ratio": 4.96,
            "account_receivable_turnover_ratio": null,
            "reinvestment_rate": null,
            "research_to_sale_ratio": null,
            "price_fair": 0,
            "eps_avg_yearly": 0,
            "eps_latest_yearly": 0,
            "eps_growth_yearly": 0
        },
        "20013": {
            "year_quarter": 20013,
            "year": 2001,
            "quarter": 3,
            "eps": 0.66,
            "eps_growth_year": -46.77,
            "eps_4q": 2.52,
            "eps_4q_growth_year": null,
            "roe": 3.71,
            "roe_4q": 11.870000000000001,
            "gross_profit": 51644,
            "gross_margin": 16.45,
            "gross_margin_4q_avg": 16.89,
            "net_income": 30061,
            "net_income_4q": null,
            "revenue": 313974,
            "revenue_4q": null,
            "common_shares": 457457,
            "book_valuer_per_share": 18.05,
            "book_valuer_per_share_4q_avg": 20.34,
            "equity": 825527,
            "current_ratio": 162.94,
            "debt_ratio": 34.07,
            "inventory_turnover_ratio": 4.95,
            "account_receivable_turnover_ratio": null,
            "reinvestment_rate": null,
            "research_to_sale_ratio": null,
            "price_fair": 0,
            "eps_avg_yearly": 0,
            "eps_latest_yearly": 0,
            "eps_growth_yearly": 0
        },
        "20014": {
            "year_quarter": 20014,
            "year": 2001,
            "quarter": 4,
            "eps": 0.99,
            "eps_growth_year": 70.69,
            "eps_4q": 3.06,
            "eps_4q_growth_year": null,
            "roe": 5.1,
            "roe_4q": 16.97,
            "gross_profit": 68088,
            "gross_margin": 18.35,
            "gross_margin_4q_avg": 17.26,
            "net_income": 45288,
            "net_income_4q": null,
            "revenue": 371059,
            "revenue_4q": null,
            "common_shares": 457457,
            "book_valuer_per_share": 19.09,
            "book_valuer_per_share_4q_avg": 20.03,
            "equity": 951227,
            "current_ratio": 198.47,
            "debt_ratio": 31.33,
            "inventory_turnover_ratio": 4.66,
            "account_receivable_turnover_ratio": null,
            "reinvestment_rate": null,
            "research_to_sale_ratio": null,
            "price_fair": 0,
            "eps_avg_yearly": 0,
            "eps_latest_yearly": 0,
            "eps_growth_yearly": 0
        },
        "20021": {
            "year_quarter": 20021,
            "year": 2002,
            "quarter": 1,
            "eps": 0.85,
            "eps_growth_year": 1.19,
            "eps_4q": 3.24,
            "eps_4q_growth_year": null,
            "roe": 4.17,
            "roe_4q": 17.3,
            "gross_profit": 59027,
            "gross_margin": 16.02,
            "gross_margin_4q_avg": 16.29,
            "net_income": 38871,
            "net_income_4q": null,
            "revenue": 368497,
            "revenue_4q": null,
            "common_shares": 457457,
            "book_valuer_per_share": 20,
            "book_valuer_per_share_4q_avg": 19.72,
            "equity": 915038,
            "current_ratio": 173.47,
            "debt_ratio": 34.35,
            "inventory_turnover_ratio": 4.73,
            "account_receivable_turnover_ratio": null,
            "reinvestment_rate": null,
            "research_to_sale_ratio": null,
            "price_fair": 10.2,
            "eps_avg_yearly": 3.4,
            "eps_latest_yearly": 3.4,
            "eps_growth_yearly": -56.57
        },
        "20022": {
            "year_quarter": 20022,
            "year": 2002,
            "quarter": 2,
            "eps": 0.84,
            "eps_growth_year": -9.68,
            "eps_4q": 3.35,
            "eps_4q_growth_year": -3.85,
            "roe": 4.23,
            "roe_4q": 17.21,
            "gross_profit": 36429,
            "gross_margin": 9.41,
            "gross_margin_4q_avg": 15.06,
            "net_income": 38218,
            "net_income_4q": null,
            "revenue": 387132,
            "revenue_4q": null,
            "common_shares": 457457,
            "book_valuer_per_share": 19.5,
            "book_valuer_per_share_4q_avg": 19.16,
            "equity": 892268,
            "current_ratio": 121.03,
            "debt_ratio": 41.26,
            "inventory_turnover_ratio": 6.86,
            "account_receivable_turnover_ratio": null,
            "reinvestment_rate": null,
            "research_to_sale_ratio": null,
            "price_fair": 10.14,
            "eps_avg_yearly": 3.38,
            "eps_latest_yearly": 3.36,
            "eps_growth_yearly": -30.64
        },
        "20023": {
            "year_quarter": 20023,
            "year": 2002,
            "quarter": 3,
            "eps": 1.13,
            "eps_growth_year": 71.21,
            "eps_4q": 3.34,
            "eps_4q_growth_year": 32.81,
            "roe": 6.7,
            "roe_4q": 20.2,
            "gross_profit": 45822,
            "gross_margin": 10.6,
            "gross_margin_4q_avg": 13.6,
            "net_income": 62489,
            "net_income_4q": null,
            "revenue": 432328,
            "revenue_4q": null,
            "common_shares": 553283,
            "book_valuer_per_share": 17.57,
            "book_valuer_per_share_4q_avg": 19.04,
            "equity": 971940,
            "current_ratio": 121.94,
            "debt_ratio": 42.6,
            "inventory_turnover_ratio": 6.86,
            "account_receivable_turnover_ratio": null,
            "reinvestment_rate": null,
            "research_to_sale_ratio": null,
            "price_fair": 131.6,
            "eps_avg_yearly": 3.76,
            "eps_latest_yearly": 4.52,
            "eps_growth_yearly": 25.61
        },
        "20024": {
            "year_quarter": 20024,
            "year": 2002,
            "quarter": 4,
            "eps": 1.23,
            "eps_growth_year": 24.24,
            "eps_4q": 3.76,
            "eps_4q_growth_year": 22.98,
            "roe": 6.47,
            "roe_4q": 21.57,
            "gross_profit": 61448,
            "gross_margin": 11.84,
            "gross_margin_4q_avg": 11.97,
            "net_income": 67788,
            "net_income_4q": null,
            "revenue": 518883,
            "revenue_4q": null,
            "common_shares": 553283,
            "book_valuer_per_share": 18.78,
            "book_valuer_per_share_4q_avg": 18.96,
            "equity": 1124003,
            "current_ratio": 203.57,
            "debt_ratio": 46.18,
            "inventory_turnover_ratio": 5.09,
            "account_receivable_turnover_ratio": null,
            "reinvestment_rate": null,
            "research_to_sale_ratio": null,
            "price_fair": 141.75,
            "eps_avg_yearly": 4.05,
            "eps_latest_yearly": 4.92,
            "eps_growth_yearly": 28.06
        },
        "20031": {
            "year_quarter": 20031,
            "year": 2003,
            "quarter": 1,
            "eps": 1.69,
            "eps_growth_year": 98.82,
            "eps_4q": 4.74,
            "eps_4q_growth_year": 46.39,
            "roe": 8.26,
            "roe_4q": 25.66,
            "gross_profit": 50862,
            "gross_margin": 11.37,
            "gross_margin_4q_avg": 10.81,
            "net_income": 93267,
            "net_income_4q": null,
            "revenue": 447438,
            "revenue_4q": null,
            "common_shares": 553283,
            "book_valuer_per_share": 20.48,
            "book_valuer_per_share_4q_avg": 19.08,
            "equity": 1133317,
            "current_ratio": 158.77,
            "debt_ratio": 47.36,
            "inventory_turnover_ratio": 4.94,
            "account_receivable_turnover_ratio": null,
            "reinvestment_rate": null,
            "research_to_sale_ratio": null,
            "price_fair": 160.72,
            "eps_avg_yearly": 4.59,
            "eps_latest_yearly": 6.76,
            "eps_growth_yearly": 52.36
        },
        "20032": {
            "year_quarter": 20032,
            "year": 2003,
            "quarter": 2,
            "eps": 1.31,
            "eps_growth_year": 55.95,
            "eps_4q": 5.34,
            "eps_4q_growth_year": 59.48,
            "roe": 6.43,
            "roe_4q": 27.86,
            "gross_profit": 41191,
            "gross_margin": 9.05,
            "gross_margin_4q_avg": 10.72,
            "net_income": 72604,
            "net_income_4q": null,
            "revenue": 454975,
            "revenue_4q": null,
            "common_shares": 556965,
            "book_valuer_per_share": 20.2,
            "book_valuer_per_share_4q_avg": 19.26,
            "equity": 1125119,
            "current_ratio": 151.32,
            "debt_ratio": 45.44,
            "inventory_turnover_ratio": 10.41,
            "account_receivable_turnover_ratio": null,
            "reinvestment_rate": null,
            "research_to_sale_ratio": null,
            "price_fair": 164.5,
            "eps_avg_yearly": 4.7,
            "eps_latest_yearly": 5.24,
            "eps_growth_yearly": 28.65
        },
        "20033": {
            "year_quarter": 20033,
            "year": 2003,
            "quarter": 3,
            "eps": 1.3,
            "eps_growth_year": 15.04,
            "eps_4q": 4.95,
            "eps_4q_growth_year": 47.97,
            "roe": 7.12,
            "roe_4q": 28.28,
            "gross_profit": 46274,
            "gross_margin": 8.7,
            "gross_margin_4q_avg": 10.24,
            "net_income": 83298,
            "net_income_4q": null,
            "revenue": 531975,
            "revenue_4q": null,
            "common_shares": 651764,
            "book_valuer_per_share": 18.62,
            "book_valuer_per_share_4q_avg": 19.52,
            "equity": 1213333,
            "current_ratio": 144.45,
            "debt_ratio": 43.78,
            "inventory_turnover_ratio": 12.93,
            "account_receivable_turnover_ratio": null,
            "reinvestment_rate": null,
            "research_to_sale_ratio": null,
            "price_fair": 162.79,
            "eps_avg_yearly": 4.77,
            "eps_latest_yearly": 5.2,
            "eps_growth_yearly": 24.12
        },
        "20034": {
            "year_quarter": 20034,
            "year": 2003,
            "quarter": 4,
            "eps": 1.11,
            "eps_growth_year": -9.76,
            "eps_4q": 4.98,
            "eps_4q_growth_year": 32.47,
            "roe": 5.69,
            "roe_4q": 27.5,
            "gross_profit": 41038,
            "gross_margin": 6.97,
            "gross_margin_4q_avg": 9.02,
            "net_income": 71389,
            "net_income_4q": null,
            "revenue": 588943,
            "revenue_4q": null,
            "common_shares": 652267,
            "book_valuer_per_share": 19.89,
            "book_valuer_per_share_4q_avg": 19.8,
            "equity": 1297116,
            "current_ratio": 195.16,
            "debt_ratio": 45.53,
            "inventory_turnover_ratio": 6.16,
            "account_receivable_turnover_ratio": null,
            "reinvestment_rate": null,
            "research_to_sale_ratio": null,
            "price_fair": 112.55,
            "eps_avg_yearly": 4.73,
            "eps_latest_yearly": 4.44,
            "eps_growth_yearly": 13.79
        },
        "20041": {
            "year_quarter": 20041,
            "year": 2004,
            "quarter": 1,
            "eps": 0.79,
            "eps_growth_year": -53.25,
            "eps_4q": 4.28,
            "eps_4q_growth_year": -9.74,
            "roe": 3.88,
            "roe_4q": 23.12,
            "gross_profit": 37606,
            "gross_margin": 7.07,
            "gross_margin_4q_avg": 7.95,
            "net_income": 51430,
            "net_income_4q": null,
            "revenue": 532177,
            "revenue_4q": null,
            "common_shares": 658832,
            "book_valuer_per_share": 20.53,
            "book_valuer_per_share_4q_avg": 19.81,
            "equity": 1352624,
            "current_ratio": 126.52,
            "debt_ratio": 43.79,
            "inventory_turnover_ratio": 5.16,
            "account_receivable_turnover_ratio": null,
            "reinvestment_rate": null,
            "research_to_sale_ratio": null,
            "price_fair": 13.67,
            "eps_avg_yearly": 4.56,
            "eps_latest_yearly": 3.16,
            "eps_growth_yearly": -0.55
        },
        "20042": {
            "year_quarter": 20042,
            "year": 2004,
            "quarter": 2,
            "eps": 1.01,
            "eps_growth_year": -22.9,
            "eps_4q": 4.17,
            "eps_4q_growth_year": -22.03,
            "roe": 4.86,
            "roe_4q": 21.55,
            "gross_profit": 32429,
            "gross_margin": 5.56,
            "gross_margin_4q_avg": 7.08,
            "net_income": 65952,
            "net_income_4q": null,
            "revenue": 582878,
            "revenue_4q": null,
            "common_shares": 658832,
            "book_valuer_per_share": 20.67,
            "book_valuer_per_share_4q_avg": 19.93,
            "equity": 1361697,
            "current_ratio": 119.03,
            "debt_ratio": 44.35,
            "inventory_turnover_ratio": 10.73,
            "account_receivable_turnover_ratio": null,
            "reinvestment_rate": 34.41,
            "research_to_sale_ratio": null,
            "price_fair": 92.98,
            "eps_avg_yearly": 4.5,
            "eps_latest_yearly": 4.04,
            "eps_growth_yearly": 10.64
        },
        "20043": {
            "year_quarter": 20043,
            "year": 2004,
            "quarter": 3,
            "eps": 1.01,
            "eps_growth_year": -22.31,
            "eps_4q": 3.39,
            "eps_4q_growth_year": -31.43,
            "roe": 5.7,
            "roe_4q": 20.130000000000003,
            "gross_profit": 59614,
            "gross_margin": 8.23,
            "gross_margin_4q_avg": 6.96,
            "net_income": 80050,
            "net_income_4q": null,
            "revenue": 724664,
            "revenue_4q": null,
            "common_shares": 796839,
            "book_valuer_per_share": 18.17,
            "book_valuer_per_share_4q_avg": 19.82,
            "equity": 1447789,
            "current_ratio": 113.94,
            "debt_ratio": 44.75,
            "inventory_turnover_ratio": 13.53,
            "account_receivable_turnover_ratio": null,
            "reinvestment_rate": -13.08,
            "research_to_sale_ratio": null,
            "price_fair": 87.79,
            "eps_avg_yearly": 4.46,
            "eps_latest_yearly": 4.04,
            "eps_growth_yearly": 9.68
        },
        "20044": {
            "year_quarter": 20044,
            "year": 2004,
            "quarter": 4,
            "eps": 0.65,
            "eps_growth_year": -41.44,
            "eps_4q": 3.15,
            "eps_4q_growth_year": -36.8,
            "roe": 3.58,
            "roe_4q": 18.02,
            "gross_profit": 34211,
            "gross_margin": 5.4,
            "gross_margin_4q_avg": 6.57,
            "net_income": 51336,
            "net_income_4q": null,
            "revenue": 633442,
            "revenue_4q": null,
            "common_shares": 796839,
            "book_valuer_per_share": 17.81,
            "book_valuer_per_share_4q_avg": 19.3,
            "equity": 1419293,
            "current_ratio": 155.9,
            "debt_ratio": 47.52,
            "inventory_turnover_ratio": 5.23,
            "account_receivable_turnover_ratio": null,
            "reinvestment_rate": 32.62,
            "research_to_sale_ratio": null,
            "price_fair": 12.92,
            "eps_avg_yearly": 4.31,
            "eps_latest_yearly": 2.6,
            "eps_growth_yearly": -3.01
        },
        "20051": {
            "year_quarter": 20051,
            "year": 2005,
            "quarter": 1,
            "eps": 0.71,
            "eps_growth_year": -10.13,
            "eps_4q": 3.19,
            "eps_4q_growth_year": -25.44,
            "roe": 3.87,
            "roe_4q": 18.01,
            "gross_profit": 47243,
            "gross_margin": 6.8,
            "gross_margin_4q_avg": 6.5,
            "net_income": 56451,
            "net_income_4q": null,
            "revenue": 694884,
            "revenue_4q": null,
            "common_shares": 809985,
            "book_valuer_per_share": 18.52,
            "book_valuer_per_share_4q_avg": 18.79,
            "equity": 1500216,
            "current_ratio": 110.8,
            "debt_ratio": 44.82,
            "inventory_turnover_ratio": 5.74,
            "account_receivable_turnover_ratio": null,
            "reinvestment_rate": -12.64,
            "research_to_sale_ratio": null,
            "price_fair": 41.94,
            "eps_avg_yearly": 4.19,
            "eps_latest_yearly": 2.84,
            "eps_growth_yearly": 0.06
        },
        "20052": {
            "year_quarter": 20052,
            "year": 2005,
            "quarter": 2,
            "eps": 0.64,
            "eps_growth_year": -36.63,
            "eps_4q": 2.99,
            "eps_4q_growth_year": -28.23,
            "roe": 3.44,
            "roe_4q": 16.59,
            "gross_profit": 55352,
            "gross_margin": 7.49,
            "gross_margin_4q_avg": 6.98,
            "net_income": 51148,
            "net_income_4q": null,
            "revenue": 738567,
            "revenue_4q": null,
            "common_shares": 809985,
            "book_valuer_per_share": 18.21,
            "book_valuer_per_share_4q_avg": 18.18,
            "equity": 1475063,
            "current_ratio": 82.43,
            "debt_ratio": 48.47,
            "inventory_turnover_ratio": 15.17,
            "account_receivable_turnover_ratio": null,
            "reinvestment_rate": -11.77,
            "research_to_sale_ratio": null,
            "price_fair": 12.23,
            "eps_avg_yearly": 4.08,
            "eps_latest_yearly": 2.56,
            "eps_growth_yearly": -2.76
        },
        "20053": {
            "year_quarter": 20053,
            "year": 2005,
            "quarter": 3,
            "eps": 1.08,
            "eps_growth_year": 6.93,
            "eps_4q": 2.85,
            "eps_4q_growth_year": -16,
            "roe": 6.16,
            "roe_4q": 17.049999999999997,
            "gross_profit": 101379,
            "gross_margin": 11.78,
            "gross_margin_4q_avg": 7.87,
            "net_income": 97025,
            "net_income_4q": null,
            "revenue": 860511,
            "revenue_4q": null,
            "common_shares": 915854,
            "book_valuer_per_share": 18.28,
            "book_valuer_per_share_4q_avg": 18.21,
            "equity": 1674135,
            "current_ratio": 91.63,
            "debt_ratio": 47.3,
            "inventory_turnover_ratio": 17.14,
            "account_receivable_turnover_ratio": null,
            "reinvestment_rate": -10.23,
            "research_to_sale_ratio": null,
            "price_fair": 105.43,
            "eps_avg_yearly": 4.09,
            "eps_latest_yearly": 4.32,
            "eps_growth_yearly": 15.76
        },
        "20054": {
            "year_quarter": 20054,
            "year": 2005,
            "quarter": 4,
            "eps": 0.84,
            "eps_growth_year": 29.23,
            "eps_4q": 3.11,
            "eps_4q_growth_year": -1.33,
            "roe": 4.42,
            "roe_4q": 17.89,
            "gross_profit": 91363,
            "gross_margin": 10.56,
            "gross_margin_4q_avg": 9.16,
            "net_income": 75787,
            "net_income_4q": null,
            "revenue": 865371,
            "revenue_4q": null,
            "common_shares": 915854,
            "book_valuer_per_share": 19.19,
            "book_valuer_per_share_4q_avg": 18.55,
            "equity": 1757624,
            "current_ratio": 147.66,
            "debt_ratio": 50.62,
            "inventory_turnover_ratio": 3.46,
            "account_receivable_turnover_ratio": null,
            "reinvestment_rate": 35.89,
            "research_to_sale_ratio": null,
            "price_fair": 77.78,
            "eps_avg_yearly": 4.05,
            "eps_latest_yearly": 3.36,
            "eps_growth_yearly": 9.22
        },
        "20061": {
            "year_quarter": 20061,
            "year": 2006,
            "quarter": 1,
            "eps": 1.83,
            "eps_growth_year": 157.75,
            "eps_4q": 4.27,
            "eps_4q_growth_year": 33.88,
            "roe": 9.17,
            "roe_4q": 23.19,
            "gross_profit": 84580,
            "gross_margin": 10.71,
            "gross_margin_4q_avg": 10.14,
            "net_income": 167736,
            "net_income_4q": null,
            "revenue": 789935,
            "revenue_4q": null,
            "common_shares": 915854,
            "book_valuer_per_share": 20.77,
            "book_valuer_per_share_4q_avg": 19.11,
            "equity": 1901850,
            "current_ratio": 134.74,
            "debt_ratio": 41.31,
            "inventory_turnover_ratio": 3.06,
            "account_receivable_turnover_ratio": null,
            "reinvestment_rate": -8.22,
            "research_to_sale_ratio": null,
            "price_fair": 150.24,
            "eps_avg_yearly": 4.29,
            "eps_latest_yearly": 7.32,
            "eps_growth_yearly": 42.22
        },
        "20062": {
            "year_quarter": 20062,
            "year": 2006,
            "quarter": 2,
            "eps": 1.18,
            "eps_growth_year": 84.38,
            "eps_4q": 4.91,
            "eps_4q_growth_year": 64.26,
            "roe": 5.53,
            "roe_4q": 25.279999999999998,
            "gross_profit": 120663,
            "gross_margin": 11.95,
            "gross_margin_4q_avg": 11.25,
            "net_income": 107681,
            "net_income_4q": null,
            "revenue": 1009911,
            "revenue_4q": null,
            "common_shares": 939999,
            "book_valuer_per_share": 21.2,
            "book_valuer_per_share_4q_avg": 19.86,
            "equity": 1992519,
            "current_ratio": 136.3,
            "debt_ratio": 38.93,
            "inventory_turnover_ratio": 14.44,
            "account_receivable_turnover_ratio": null,
            "reinvestment_rate": -6.05,
            "research_to_sale_ratio": null,
            "price_fair": 153.21,
            "eps_avg_yearly": 4.38,
            "eps_latest_yearly": 4.72,
            "eps_growth_yearly": 33.63
        },
        "20063": {
            "year_quarter": 20063,
            "year": 2006,
            "quarter": 3,
            "eps": 1.83,
            "eps_growth_year": 69.44,
            "eps_4q": 5.18,
            "eps_4q_growth_year": 81.89,
            "roe": 8.89,
            "roe_4q": 28.010000000000005,
            "gross_profit": 138293,
            "gross_margin": 10.19,
            "gross_margin_4q_avg": 10.85,
            "net_income": 191722,
            "net_income_4q": null,
            "revenue": 1357786,
            "revenue_4q": null,
            "common_shares": 1097919,
            "book_valuer_per_share": 21.15,
            "book_valuer_per_share_4q_avg": 20.58,
            "equity": 2322549,
            "current_ratio": 144.33,
            "debt_ratio": 41.9,
            "inventory_turnover_ratio": 18.07,
            "account_receivable_turnover_ratio": null,
            "reinvestment_rate": -6.03,
            "research_to_sale_ratio": null,
            "price_fair": 159.34,
            "eps_avg_yearly": 4.55,
            "eps_latest_yearly": 7.32,
            "eps_growth_yearly": 38.77
        },
        "20064": {
            "year_quarter": 20064,
            "year": 2006,
            "quarter": 4,
            "eps": 1.11,
            "eps_growth_year": 32.14,
            "eps_4q": 5.51,
            "eps_4q_growth_year": 77.32,
            "roe": 4.87,
            "roe_4q": 28.46,
            "gross_profit": 143405,
            "gross_margin": 10.93,
            "gross_margin_4q_avg": 10.95,
            "net_income": 117816,
            "net_income_4q": null,
            "revenue": 1311627,
            "revenue_4q": null,
            "common_shares": 1108415,
            "book_valuer_per_share": 22.73,
            "book_valuer_per_share_4q_avg": 21.46,
            "equity": 2519617,
            "current_ratio": 234.31,
            "debt_ratio": 45.24,
            "inventory_turnover_ratio": 4.6,
            "account_receivable_turnover_ratio": null,
            "reinvestment_rate": 26.5,
            "research_to_sale_ratio": null,
            "price_fair": 158.29,
            "eps_avg_yearly": 4.52,
            "eps_latest_yearly": 4.44,
            "eps_growth_yearly": 26.72
        },
        "20071": {
            "year_quarter": 20071,
            "year": 2007,
            "quarter": 1,
            "eps": 1.33,
            "eps_growth_year": -27.32,
            "eps_4q": 5.1,
            "eps_4q_growth_year": 19.28,
            "roe": 5.66,
            "roe_4q": 24.950000000000003,
            "gross_profit": 162890,
            "gross_margin": 14.67,
            "gross_margin_4q_avg": 11.94,
            "net_income": 147300,
            "net_income_4q": null,
            "revenue": 1110041,
            "revenue_4q": null,
            "common_shares": 1108415,
            "book_valuer_per_share": 24.23,
            "book_valuer_per_share_4q_avg": 22.33,
            "equity": 2685797,
            "current_ratio": 272.93,
            "debt_ratio": 34.88,
            "inventory_turnover_ratio": 3.86,
            "account_receivable_turnover_ratio": null,
            "reinvestment_rate": -5.04,
            "research_to_sale_ratio": null,
            "price_fair": 143.29,
            "eps_avg_yearly": 4.43,
            "eps_latest_yearly": 5.32,
            "eps_growth_yearly": 22.33
        },
        "20072": {
            "year_quarter": 20072,
            "year": 2007,
            "quarter": 2,
            "eps": 1.52,
            "eps_growth_year": 28.81,
            "eps_4q": 5.63,
            "eps_4q_growth_year": 14.61,
            "roe": 6.44,
            "roe_4q": 25.860000000000003,
            "gross_profit": 117994,
            "gross_margin": 8.73,
            "gross_margin_4q_avg": 11.13,
            "net_income": 168985,
            "net_income_4q": null,
            "revenue": 1351221,
            "revenue_4q": null,
            "common_shares": 1108415,
            "book_valuer_per_share": 23.14,
            "book_valuer_per_share_4q_avg": 22.81,
            "equity": 2564917,
            "current_ratio": 192.86,
            "debt_ratio": 41.73,
            "inventory_turnover_ratio": 23.23,
            "account_receivable_turnover_ratio": null,
            "reinvestment_rate": -4.31,
            "research_to_sale_ratio": null,
            "price_fair": 156.98,
            "eps_avg_yearly": 4.49,
            "eps_latest_yearly": 6.08,
            "eps_growth_yearly": 31.52
        },
        "20073": {
            "year_quarter": 20073,
            "year": 2007,
            "quarter": 3,
            "eps": 1.29,
            "eps_growth_year": -29.51,
            "eps_4q": 4.79,
            "eps_4q_growth_year": -7.6,
            "roe": 6.01,
            "roe_4q": 22.98,
            "gross_profit": 152670,
            "gross_margin": 9.14,
            "gross_margin_4q_avg": 10.87,
            "net_income": 160073,
            "net_income_4q": null,
            "revenue": 1670844,
            "revenue_4q": null,
            "common_shares": 1250258,
            "book_valuer_per_share": 22.12,
            "book_valuer_per_share_4q_avg": 23.06,
            "equity": 2765912,
            "current_ratio": 193.12,
            "debt_ratio": 38.86,
            "inventory_turnover_ratio": 27.96,
            "account_receivable_turnover_ratio": null,
            "reinvestment_rate": -3.97,
            "research_to_sale_ratio": null,
            "price_fair": 156.89,
            "eps_avg_yearly": 4.48,
            "eps_latest_yearly": 5.16,
            "eps_growth_yearly": 27.93
        },
        "20074": {
            "year_quarter": 20074,
            "year": 2007,
            "quarter": 4,
            "eps": 0.87,
            "eps_growth_year": -21.62,
            "eps_4q": 4.69,
            "eps_4q_growth_year": -14.84,
            "roe": 3.78,
            "roe_4q": 21.89,
            "gross_profit": 121260,
            "gross_margin": 8.74,
            "gross_margin_4q_avg": 10.32,
            "net_income": 108397,
            "net_income_4q": null,
            "revenue": 1387037,
            "revenue_4q": null,
            "common_shares": 1262187,
            "book_valuer_per_share": 23.47,
            "book_valuer_per_share_4q_avg": 23.24,
            "equity": 2962149,
            "current_ratio": 209.49,
            "debt_ratio": 45.14,
            "inventory_turnover_ratio": 4.47,
            "account_receivable_turnover_ratio": null,
            "reinvestment_rate": 29.31,
            "research_to_sale_ratio": null,
            "price_fair": 147.9,
            "eps_avg_yearly": 4.42,
            "eps_latest_yearly": 3.48,
            "eps_growth_yearly": 23.44
        },
        "20081": {
            "year_quarter": 20081,
            "year": 2008,
            "quarter": 1,
            "eps": 0.94,
            "eps_growth_year": -29.32,
            "eps_4q": 4.42,
            "eps_4q_growth_year": -13.21,
            "roe": 3.99,
            "roe_4q": 20.22,
            "gross_profit": 263025,
            "gross_margin": 12.82,
            "gross_margin_4q_avg": 9.86,
            "net_income": 118041,
            "net_income_4q": null,
            "revenue": 2051786,
            "revenue_4q": null,
            "common_shares": 1262187,
            "book_valuer_per_share": 23.37,
            "book_valuer_per_share_4q_avg": 23.03,
            "equity": 2950088,
            "current_ratio": 160.32,
            "debt_ratio": 53.03,
            "inventory_turnover_ratio": 3.21,
            "account_receivable_turnover_ratio": null,
            "reinvestment_rate": 45.6,
            "research_to_sale_ratio": null,
            "price_fair": 156.1,
            "eps_avg_yearly": 4.46,
            "eps_latest_yearly": 3.76,
            "eps_growth_yearly": 32.66
        },
        "20082": {
            "year_quarter": 20082,
            "year": 2008,
            "quarter": 2,
            "eps": 1.18,
            "eps_growth_year": -22.37,
            "eps_4q": 4.25,
            "eps_4q_growth_year": -24.42,
            "roe": 5.19,
            "roe_4q": 18.97,
            "gross_profit": 297277,
            "gross_margin": 12.67,
            "gross_margin_4q_avg": 10.84,
            "net_income": 148340,
            "net_income_4q": null,
            "revenue": 2345723,
            "revenue_4q": null,
            "common_shares": 1262187,
            "book_valuer_per_share": 21.89,
            "book_valuer_per_share_4q_avg": 22.71,
            "equity": 2762353,
            "current_ratio": 144.51,
            "debt_ratio": 57.36,
            "inventory_turnover_ratio": 3.16,
            "account_receivable_turnover_ratio": null,
            "reinvestment_rate": 46.19,
            "research_to_sale_ratio": null,
            "price_fair": 157.59,
            "eps_avg_yearly": 4.5,
            "eps_latest_yearly": 4.72,
            "eps_growth_yearly": 32.08
        },
        "20083": {
            "year_quarter": 20083,
            "year": 2008,
            "quarter": 3,
            "eps": 1.44,
            "eps_growth_year": 11.63,
            "eps_4q": 4.1,
            "eps_4q_growth_year": -14.44,
            "roe": 6.94,
            "roe_4q": 19.900000000000002,
            "gross_profit": 298201,
            "gross_margin": 12.38,
            "gross_margin_4q_avg": 11.65,
            "net_income": 203140,
            "net_income_4q": null,
            "revenue": 2408082,
            "revenue_4q": null,
            "common_shares": 1409181,
            "book_valuer_per_share": 21.95,
            "book_valuer_per_share_4q_avg": 22.67,
            "equity": 3093725,
            "current_ratio": 156.57,
            "debt_ratio": 54.33,
            "inventory_turnover_ratio": 2.87,
            "account_receivable_turnover_ratio": null,
            "reinvestment_rate": 40.5,
            "research_to_sale_ratio": null,
            "price_fair": 161.35,
            "eps_avg_yearly": 4.61,
            "eps_latest_yearly": 5.76,
            "eps_growth_yearly": 37.59
        },
        "20084": {
            "year_quarter": 20084,
            "year": 2008,
            "quarter": 4,
            "eps": 1.16,
            "eps_growth_year": 33.33,
            "eps_4q": 4.49,
            "eps_4q_growth_year": -4.3,
            "roe": 5.12,
            "roe_4q": 21.240000000000002,
            "gross_profit": 243624,
            "gross_margin": 10.88,
            "gross_margin_4q_avg": 12.19,
            "net_income": 163490,
            "net_income_4q": null,
            "revenue": 2240057,
            "revenue_4q": null,
            "common_shares": 1409181,
            "book_valuer_per_share": 23.35,
            "book_valuer_per_share_4q_avg": 22.64,
            "equity": 3290021,
            "current_ratio": 172.71,
            "debt_ratio": 43.55,
            "inventory_turnover_ratio": 3.88,
            "account_receivable_turnover_ratio": 1.93,
            "reinvestment_rate": 19.21,
            "research_to_sale_ratio": null,
            "price_fair": 165.81,
            "eps_avg_yearly": 4.74,
            "eps_latest_yearly": 4.64,
            "eps_growth_yearly": 41.64
        },
        "20091": {
            "year_quarter": 20091,
            "year": 2009,
            "quarter": 1,
            "eps": 1.28,
            "eps_growth_year": 36.17,
            "eps_4q": 4.95,
            "eps_4q_growth_year": 11.8,
            "roe": 5.25,
            "roe_4q": 22.500000000000004,
            "gross_profit": 263790,
            "gross_margin": 17.57,
            "gross_margin_4q_avg": 13.38,
            "net_income": 179815,
            "net_income_4q": null,
            "revenue": 1501575,
            "revenue_4q": null,
            "common_shares": 1409181,
            "book_valuer_per_share": 25.28,
            "book_valuer_per_share_4q_avg": 23.12,
            "equity": 3562916,
            "current_ratio": 206.14,
            "debt_ratio": 37.74,
            "inventory_turnover_ratio": 5.1,
            "account_receivable_turnover_ratio": 1.29,
            "reinvestment_rate": 44.4,
            "research_to_sale_ratio": null,
            "price_fair": 170.8,
            "eps_avg_yearly": 4.88,
            "eps_latest_yearly": 5.12,
            "eps_growth_yearly": 41.92
        },
        "20092": {
            "year_quarter": 20092,
            "year": 2009,
            "quarter": 2,
            "eps": 1.9,
            "eps_growth_year": 61.02,
            "eps_4q": 5.58,
            "eps_4q_growth_year": 31.18,
            "roe": 8.07,
            "roe_4q": 25.380000000000003,
            "gross_profit": 511896,
            "gross_margin": 29.36,
            "gross_margin_4q_avg": 17.55,
            "net_income": 282051,
            "net_income_4q": null,
            "revenue": 1743744,
            "revenue_4q": null,
            "common_shares": 1411079,
            "book_valuer_per_share": 24.32,
            "book_valuer_per_share_4q_avg": 23.73,
            "equity": 3431143,
            "current_ratio": 178.82,
            "debt_ratio": 44,
            "inventory_turnover_ratio": 4.91,
            "account_receivable_turnover_ratio": 1.74,
            "reinvestment_rate": 39.54,
            "research_to_sale_ratio": null,
            "price_fair": 181.83,
            "eps_avg_yearly": 5.2,
            "eps_latest_yearly": 7.6,
            "eps_growth_yearly": 56.49
        },
        "20093": {
            "year_quarter": 20093,
            "year": 2009,
            "quarter": 3,
            "eps": 1.68,
            "eps_growth_year": 16.67,
            "eps_4q": 5.86,
            "eps_4q_growth_year": 43.08,
            "roe": 6.82,
            "roe_4q": 25.26,
            "gross_profit": 445873,
            "gross_margin": 20.43,
            "gross_margin_4q_avg": 19.56,
            "net_income": 251249,
            "net_income_4q": null,
            "revenue": 2182698,
            "revenue_4q": null,
            "common_shares": 1586467,
            "book_valuer_per_share": 24.8,
            "book_valuer_per_share_4q_avg": 24.44,
            "equity": 3934137,
            "current_ratio": 210.65,
            "debt_ratio": 37.91,
            "inventory_turnover_ratio": 4.86,
            "account_receivable_turnover_ratio": 1.05,
            "reinvestment_rate": 37.13,
            "research_to_sale_ratio": null,
            "price_fair": 187.08,
            "eps_avg_yearly": 5.35,
            "eps_latest_yearly": 6.72,
            "eps_growth_yearly": 36.41
        },
        "20094": {
            "year_quarter": 20094,
            "year": 2009,
            "quarter": 4,
            "eps": 1.67,
            "eps_growth_year": 43.97,
            "eps_4q": 6.07,
            "eps_4q_growth_year": 35.19,
            "roe": 6.26,
            "roe_4q": 26.4,
            "gross_profit": 363080,
            "gross_margin": 17.13,
            "gross_margin_4q_avg": 21.12,
            "net_income": 253859,
            "net_income_4q": null,
            "revenue": 2119896,
            "revenue_4q": null,
            "common_shares": 1592492,
            "book_valuer_per_share": 26.25,
            "book_valuer_per_share_4q_avg": 25.16,
            "equity": 4180782,
            "current_ratio": 204.56,
            "debt_ratio": 39,
            "inventory_turnover_ratio": 3.87,
            "account_receivable_turnover_ratio": 1.78,
            "reinvestment_rate": 123.66,
            "research_to_sale_ratio": null,
            "price_fair": 194.34,
            "eps_avg_yearly": 5.55,
            "eps_latest_yearly": 6.68,
            "eps_growth_yearly": 41.82
        },
        "20101": {
            "year_quarter": 20101,
            "year": 2010,
            "quarter": 1,
            "eps": null,
            "eps_growth_year": null,
            "eps_4q": null,
            "eps_4q_growth_year": null,
            "roe": null,
            "roe_4q": 21.15,
            "gross_profit": 378036,
            "gross_margin": null,
            "gross_margin_4q_avg": 16.73,
            "net_income": 200542,
            "net_income_4q": null,
            "revenue": 2284575,
            "revenue_4q": null,
            "common_shares": 1592587,
            "book_valuer_per_share": 27.42,
            "book_valuer_per_share_4q_avg": 25.7,
            "equity": 4367541,
            "current_ratio": 211.69,
            "debt_ratio": 38.79,
            "inventory_turnover_ratio": null,
            "account_receivable_turnover_ratio": null,
            "reinvestment_rate": null,
            "research_to_sale_ratio": null,
            "price_fair": 125.96,
            "eps_avg_yearly": 5.43,
            "eps_latest_yearly": 6.68,
            "eps_growth_yearly": 13.18
        },
        "20102": {
            "year_quarter": 20102,
            "year": 2010,
            "quarter": 2,
            "eps": 1.24,
            "eps_growth_year": -34.73,
            "eps_4q": 4.41,
            "eps_4q_growth_year": -20.96,
            "roe": 4.79,
            "roe_4q": 17.87,
            "gross_profit": 278770,
            "gross_margin": 12.57,
            "gross_margin_4q_avg": 12.53,
            "net_income": 197524,
            "net_income_4q": null,
            "revenue": 2218422,
            "revenue_4q": null,
            "common_shares": 1592776,
            "book_valuer_per_share": 24.31,
            "book_valuer_per_share_4q_avg": 25.7,
            "equity": 3872605,
            "current_ratio": 168.2,
            "debt_ratio": 49.39,
            "inventory_turnover_ratio": 2.9,
            "account_receivable_turnover_ratio": 1.53,
            "reinvestment_rate": 157.86,
            "research_to_sale_ratio": null,
            "price_fair": 187.97,
            "eps_avg_yearly": 5.49,
            "eps_latest_yearly": 6.68,
            "eps_growth_yearly": 24.27
        },
        "20103": {
            "year_quarter": 20103,
            "year": 2010,
            "quarter": 3,
            "eps": 0.96,
            "eps_growth_year": -42.67,
            "eps_4q": 3.8,
            "eps_4q_growth_year": -35.22,
            "roe": 3.93,
            "roe_4q": 14.98,
            "gross_profit": 338019,
            "gross_margin": 14.96,
            "gross_margin_4q_avg": 11.17,
            "net_income": 153406,
            "net_income_4q": null,
            "revenue": 2259048,
            "revenue_4q": null,
            "common_shares": 1592776,
            "book_valuer_per_share": 24.66,
            "book_valuer_per_share_4q_avg": 25.66,
            "equity": 3927263,
            "current_ratio": 179.19,
            "debt_ratio": 46.13,
            "inventory_turnover_ratio": 2.68,
            "account_receivable_turnover_ratio": 0.81,
            "reinvestment_rate": 158.51,
            "research_to_sale_ratio": 0.51,
            "price_fair": 63.24,
            "eps_avg_yearly": 5.24,
            "eps_latest_yearly": 3.84,
            "eps_growth_yearly": 2.08
        },
        "20104": {
            "year_quarter": 20104,
            "year": 2010,
            "quarter": 4,
            "eps": 0.68,
            "eps_growth_year": -59.46,
            "eps_4q": 2.88,
            "eps_4q_growth_year": -52.58,
            "roe": 2.76,
            "roe_4q": 11.48,
            "gross_profit": 278928,
            "gross_margin": 12.01,
            "gross_margin_4q_avg": 9.89,
            "net_income": 107878,
            "net_income_4q": null,
            "revenue": 2322048,
            "revenue_4q": null,
            "common_shares": 1593496,
            "book_valuer_per_share": 24.4,
            "book_valuer_per_share_4q_avg": 25.2,
            "equity": 3887606,
            "current_ratio": 185.05,
            "debt_ratio": 44.64,
            "inventory_turnover_ratio": 2.95,
            "account_receivable_turnover_ratio": 0.85,
            "reinvestment_rate": 130.7,
            "research_to_sale_ratio": 0.65,
            "price_fair": 76.63,
            "eps_avg_yearly": 5.11,
            "eps_latest_yearly": 2.72,
            "eps_growth_yearly": 4.98
        },
        "20111": {
            "year_quarter": 20111,
            "year": 2011,
            "quarter": 1,
            "eps": 0.73,
            "eps_growth_year": null,
            "eps_4q": 3.61,
            "eps_4q_growth_year": null,
            "roe": 2.93,
            "roe_4q": 14.41,
            "gross_profit": 237573,
            "gross_margin": 10.51,
            "gross_margin_4q_avg": 12.51,
            "net_income": 116097,
            "net_income_4q": null,
            "revenue": 2260201,
            "revenue_4q": null,
            "common_shares": 1593496,
            "book_valuer_per_share": 25.32,
            "book_valuer_per_share_4q_avg": 24.67,
            "equity": 4034604,
            "current_ratio": 182.17,
            "debt_ratio": 46.19,
            "inventory_turnover_ratio": 2.77,
            "account_receivable_turnover_ratio": 0.81,
            "reinvestment_rate": 161.74,
            "research_to_sale_ratio": 0.27,
            "price_fair": 56.46,
            "eps_avg_yearly": 4.94,
            "eps_latest_yearly": 2.92,
            "eps_growth_yearly": 1.42
        },
        "20112": {
            "year_quarter": 20112,
            "year": 2011,
            "quarter": 2,
            "eps": 1.21,
            "eps_growth_year": -2.79,
            "eps_4q": 3.57,
            "eps_4q_growth_year": -19,
            "roe": 5,
            "roe_4q": 14.62,
            "gross_profit": 277228,
            "gross_margin": 11.64,
            "gross_margin_4q_avg": 12.28,
            "net_income": 192162,
            "net_income_4q": null,
            "revenue": 2381643,
            "revenue_4q": null,
            "common_shares": 1594009,
            "book_valuer_per_share": 22.87,
            "book_valuer_per_share_4q_avg": 24.31,
            "equity": 3645583,
            "current_ratio": 153.62,
            "debt_ratio": 54.7,
            "inventory_turnover_ratio": 2.6,
            "account_receivable_turnover_ratio": 0.83,
            "reinvestment_rate": 163.9,
            "research_to_sale_ratio": 0.91,
            "price_fair": 126.83,
            "eps_avg_yearly": 4.85,
            "eps_latest_yearly": 4.84,
            "eps_growth_yearly": 16.13
        },
        "20113": {
            "year_quarter": 20113,
            "year": 2011,
            "quarter": 3,
            "eps": 1.5,
            "eps_growth_year": 56.14,
            "eps_4q": 4.04,
            "eps_4q_growth_year": 6.45,
            "roe": 6.31,
            "roe_4q": 17,
            "gross_profit": 387650,
            "gross_margin": 14.67,
            "gross_margin_4q_avg": 12.21,
            "net_income": 246551,
            "net_income_4q": null,
            "revenue": 2641866,
            "revenue_4q": null,
            "common_shares": 1639477,
            "book_valuer_per_share": 25.4,
            "book_valuer_per_share_4q_avg": 24.5,
            "equity": 4164973,
            "current_ratio": 176.38,
            "debt_ratio": 47.31,
            "inventory_turnover_ratio": 2.91,
            "account_receivable_turnover_ratio": 0.88,
            "reinvestment_rate": 169.9,
            "research_to_sale_ratio": 0.64,
            "price_fair": 172,
            "eps_avg_yearly": 4.91,
            "eps_latest_yearly": 6,
            "eps_growth_yearly": 27.3
        },
        "20114": {
            "year_quarter": 20114,
            "year": 2011,
            "quarter": 4,
            "eps": 1.01,
            "eps_growth_year": 48.48,
            "eps_4q": 4.39,
            "eps_4q_growth_year": 52.38,
            "roe": 3.83,
            "roe_4q": 18.07,
            "gross_profit": 263929,
            "gross_margin": 9.99,
            "gross_margin_4q_avg": 11.7,
            "net_income": 164884,
            "net_income_4q": null,
            "revenue": 2641923,
            "revenue_4q": null,
            "common_shares": 1640376,
            "book_valuer_per_share": 27.11,
            "book_valuer_per_share_4q_avg": 25.18,
            "equity": 4447010,
            "current_ratio": 189.52,
            "debt_ratio": 43.94,
            "inventory_turnover_ratio": 3.4,
            "account_receivable_turnover_ratio": 0.86,
            "reinvestment_rate": 144.07,
            "research_to_sale_ratio": 0.63,
            "price_fair": 173.4,
            "eps_avg_yearly": 4.95,
            "eps_latest_yearly": 4.04,
            "eps_growth_yearly": 27.27
        },
        "20121": {
            "year_quarter": 20121,
            "year": 2012,
            "quarter": 1,
            "eps": 0.89,
            "eps_growth_year": 21.92,
            "eps_4q": 4.57,
            "eps_4q_growth_year": 26.73,
            "roe": 3.28,
            "roe_4q": 18.419999999999998,
            "gross_profit": 320661,
            "gross_margin": 14.49,
            "gross_margin_4q_avg": 12.7,
            "net_income": 146400,
            "net_income_4q": null,
            "revenue": 2213088,
            "revenue_4q": null,
            "common_shares": 1640376,
            "book_valuer_per_share": 27.32,
            "book_valuer_per_share_4q_avg": 25.68,
            "equity": 4480917,
            "current_ratio": 190.18,
            "debt_ratio": 44.11,
            "inventory_turnover_ratio": 2.96,
            "account_receivable_turnover_ratio": 0.74,
            "reinvestment_rate": 142.18,
            "research_to_sale_ratio": 0.88,
            "price_fair": 155.97,
            "eps_avg_yearly": 4.94,
            "eps_latest_yearly": 3.56,
            "eps_growth_yearly": 21.57
        },
        "20122": {
            "year_quarter": 20122,
            "year": 2012,
            "quarter": 2,
            "eps": 1.15,
            "eps_growth_year": -4.94,
            "eps_4q": 4.55,
            "eps_4q_growth_year": 27.25,
            "roe": 4.33,
            "roe_4q": 17.75,
            "gross_profit": 324342,
            "gross_margin": 14.93,
            "gross_margin_4q_avg": 13.52,
            "net_income": 187975,
            "net_income_4q": null,
            "revenue": 2171760,
            "revenue_4q": null,
            "common_shares": 1640376,
            "book_valuer_per_share": 25.62,
            "book_valuer_per_share_4q_avg": 26.36,
            "equity": 4202265,
            "current_ratio": 232.85,
            "debt_ratio": 45.34,
            "inventory_turnover_ratio": 2.78,
            "account_receivable_turnover_ratio": 0.75,
            "reinvestment_rate": 143.99,
            "research_to_sale_ratio": 0.91,
            "price_fair": 160.89,
            "eps_avg_yearly": 4.93,
            "eps_latest_yearly": 4.6,
            "eps_growth_yearly": 22.63
        },
        "20123": {
            "year_quarter": 20123,
            "year": 2012,
            "quarter": 3,
            "eps": 1.16,
            "eps_growth_year": -22.63,
            "eps_4q": 4.21,
            "eps_4q_growth_year": 4.08,
            "roe": 4.49,
            "roe_4q": 15.93,
            "gross_profit": 360742,
            "gross_margin": 15.48,
            "gross_margin_4q_avg": 13.72,
            "net_income": 190870,
            "net_income_4q": null,
            "revenue": 2330203,
            "revenue_4q": null,
            "common_shares": 1640376,
            "book_valuer_per_share": 26.22,
            "book_valuer_per_share_4q_avg": 26.57,
            "equity": 4300808,
            "current_ratio": 244.93,
            "debt_ratio": 43.75,
            "inventory_turnover_ratio": 3.18,
            "account_receivable_turnover_ratio": 0.81,
            "reinvestment_rate": 146.66,
            "research_to_sale_ratio": 1.11,
            "price_fair": 128.94,
            "eps_avg_yearly": 4.85,
            "eps_latest_yearly": 4.64,
            "eps_growth_yearly": 16.58
        },
        "20124": {
            "year_quarter": 20124,
            "year": 2012,
            "quarter": 4,
            "eps": 0.92,
            "eps_growth_year": -8.55,
            "eps_4q": 4.12,
            "eps_4q_growth_year": -6.07,
            "roe": 3.46,
            "roe_4q": 15.56,
            "gross_profit": 288233,
            "gross_margin": 14.57,
            "gross_margin_4q_avg": 14.87,
            "net_income": 150782,
            "net_income_4q": null,
            "revenue": 1978390,
            "revenue_4q": null,
            "common_shares": 1640376,
            "book_valuer_per_share": 26.98,
            "book_valuer_per_share_4q_avg": 26.54,
            "equity": 4426317,
            "current_ratio": 276.42,
            "debt_ratio": 40.21,
            "inventory_turnover_ratio": 3.01,
            "account_receivable_turnover_ratio": 0.73,
            "reinvestment_rate": 144.68,
            "research_to_sale_ratio": 0.78,
            "price_fair": 125.42,
            "eps_avg_yearly": 4.78,
            "eps_latest_yearly": 3.68,
            "eps_growth_yearly": 16.22
        },
        "20131": {
            "year_quarter": 20131,
            "year": 2013,
            "quarter": 1,
            "eps": 1.19,
            "eps_growth_year": 33.71,
            "eps_4q": 4.34,
            "eps_4q_growth_year": -5.01,
            "roe": 4.21,
            "roe_4q": 16.490000000000002,
            "gross_profit": 313199,
            "gross_margin": 15.69,
            "gross_margin_4q_avg": 15.17,
            "net_income": 196016,
            "net_income_4q": null,
            "revenue": 1996646,
            "revenue_4q": null,
            "common_shares": 1670890,
            "book_valuer_per_share": 29.2,
            "book_valuer_per_share_4q_avg": 27.01,
            "equity": 4879028,
            "current_ratio": 272.63,
            "debt_ratio": 38.81,
            "inventory_turnover_ratio": 2.66,
            "account_receivable_turnover_ratio": 0.81,
            "reinvestment_rate": -2.36,
            "research_to_sale_ratio": 0.78,
            "price_fair": 150.57,
            "eps_avg_yearly": 4.76,
            "eps_latest_yearly": 4.76,
            "eps_growth_yearly": 21.65
        },
        "20132": {
            "year_quarter": 20132,
            "year": 2013,
            "quarter": 2,
            "eps": 0.94,
            "eps_growth_year": -17.97,
            "eps_4q": 4.14,
            "eps_4q_growth_year": -9.03,
            "roe": 3.33,
            "roe_4q": 15.49,
            "gross_profit": 299263,
            "gross_margin": 14.98,
            "gross_margin_4q_avg": 15.18,
            "net_income": 157903,
            "net_income_4q": null,
            "revenue": 1998288,
            "revenue_4q": null,
            "common_shares": 1681667,
            "book_valuer_per_share": 27.46,
            "book_valuer_per_share_4q_avg": 27.47,
            "equity": 4618431,
            "current_ratio": 217.74,
            "debt_ratio": 45.89,
            "inventory_turnover_ratio": 2.77,
            "account_receivable_turnover_ratio": 0.83,
            "reinvestment_rate": -1.03,
            "research_to_sale_ratio": 1.04,
            "price_fair": 52.94,
            "eps_avg_yearly": 4.48,
            "eps_latest_yearly": 3.76,
            "eps_growth_yearly": 1.81
        },
        "20133": {
            "year_quarter": 20133,
            "year": 2013,
            "quarter": 3,
            "eps": 0.76,
            "eps_growth_year": -34.68,
            "eps_4q": 3.72,
            "eps_4q_growth_year": -11.58,
            "roe": 2.73,
            "roe_4q": 13.73,
            "gross_profit": 347286,
            "gross_margin": 17.93,
            "gross_margin_4q_avg": 15.79,
            "net_income": 128205,
            "net_income_4q": null,
            "revenue": 1936568,
            "revenue_4q": null,
            "common_shares": 1701337,
            "book_valuer_per_share": 28.01,
            "book_valuer_per_share_4q_avg": 27.91,
            "equity": 4765982,
            "current_ratio": 268.97,
            "debt_ratio": 38.39,
            "inventory_turnover_ratio": 2.87,
            "account_receivable_turnover_ratio": 0.82,
            "reinvestment_rate": -1.76,
            "research_to_sale_ratio": 0.98,
            "price_fair": 12.66,
            "eps_avg_yearly": 4.22,
            "eps_latest_yearly": 3.04,
            "eps_growth_yearly": -0.35
        },
        "20134": {
            "year_quarter": 20134,
            "year": 2013,
            "quarter": 4,
            "eps": 0.95,
            "eps_growth_year": 3.57,
            "eps_4q": 3.76,
            "eps_4q_growth_year": -8.74,
            "roe": 3.35,
            "roe_4q": 13.620000000000001,
            "gross_profit": 270068,
            "gross_margin": 13.88,
            "gross_margin_4q_avg": 15.62,
            "net_income": 163402,
            "net_income_4q": null,
            "revenue": 1945096,
            "revenue_4q": null,
            "common_shares": 1716364,
            "book_valuer_per_share": 29.06,
            "book_valuer_per_share_4q_avg": 28.43,
            "equity": 4988020,
            "current_ratio": 271.65,
            "debt_ratio": 37.86,
            "inventory_turnover_ratio": 2.82,
            "account_receivable_turnover_ratio": 0.83,
            "reinvestment_rate": -119.06,
            "research_to_sale_ratio": 2.37,
            "price_fair": 68.08,
            "eps_avg_yearly": 4.01,
            "eps_latest_yearly": 3.8,
            "eps_growth_yearly": 6.96
        },
        "20141": {
            "year_quarter": 20141,
            "year": 2014,
            "quarter": 1,
            "eps": 1,
            "eps_growth_year": -15.97,
            "eps_4q": 3.59,
            "eps_4q_growth_year": -17.44,
            "roe": 3.36,
            "roe_4q": 12.77,
            "gross_profit": 279512,
            "gross_margin": 15.73,
            "gross_margin_4q_avg": 15.63,
            "net_income": 171069,
            "net_income_4q": null,
            "revenue": 1777259,
            "revenue_4q": null,
            "common_shares": 1730738,
            "book_valuer_per_share": 30.05,
            "book_valuer_per_share_4q_avg": 28.65,
            "equity": 5201006,
            "current_ratio": 303.6,
            "debt_ratio": 34.73,
            "inventory_turnover_ratio": 2.45,
            "account_receivable_turnover_ratio": 0.78,
            "reinvestment_rate": 0.77,
            "research_to_sale_ratio": 1.55,
            "price_fair": 71.84,
            "eps_avg_yearly": 4.01,
            "eps_latest_yearly": 4,
            "eps_growth_yearly": 7.9
        },
        "20142": {
            "year_quarter": 20142,
            "year": 2014,
            "quarter": 2,
            "eps": 0.75,
            "eps_growth_year": -20.21,
            "eps_4q": 3.39,
            "eps_4q_growth_year": -18.04,
            "roe": 2.61,
            "roe_4q": 12.05,
            "gross_profit": 312682,
            "gross_margin": 15.92,
            "gross_margin_4q_avg": 15.87,
            "net_income": 130396,
            "net_income_4q": null,
            "revenue": 1964141,
            "revenue_4q": null,
            "common_shares": 1749542,
            "book_valuer_per_share": 27.31,
            "book_valuer_per_share_4q_avg": 28.61,
            "equity": 4778353,
            "current_ratio": 245.95,
            "debt_ratio": 40.71,
            "inventory_turnover_ratio": 2.77,
            "account_receivable_turnover_ratio": 0.88,
            "reinvestment_rate": -141.89,
            "research_to_sale_ratio": 1.32,
            "price_fair": 44.07,
            "eps_avg_yearly": 3.95,
            "eps_latest_yearly": 3,
            "eps_growth_yearly": 1.16
        },
        "20143": {
            "year_quarter": 20143,
            "year": 2014,
            "quarter": 3,
            "eps": 1.3,
            "eps_growth_year": 71.05,
            "eps_4q": 3.92,
            "eps_4q_growth_year": 5.48,
            "roe": 4.63,
            "roe_4q": 13.95,
            "gross_profit": 316522,
            "gross_margin": 15.3,
            "gross_margin_4q_avg": 15.21,
            "net_income": 228247,
            "net_income_4q": null,
            "revenue": 2069242,
            "revenue_4q": null,
            "common_shares": 1766359,
            "book_valuer_per_share": 28.78,
            "book_valuer_per_share_4q_avg": 28.8,
            "equity": 5083578,
            "current_ratio": 257.43,
            "debt_ratio": 38.39,
            "inventory_turnover_ratio": 2.97,
            "account_receivable_turnover_ratio": 0.89,
            "reinvestment_rate": -136.92,
            "research_to_sale_ratio": 1.3,
            "price_fair": 141.23,
            "eps_avg_yearly": 4.04,
            "eps_latest_yearly": 5.2,
            "eps_growth_yearly": 25.13
        },
        "20144": {
            "year_quarter": 20144,
            "year": 2014,
            "quarter": 4,
            "eps": 0.5,
            "eps_growth_year": -47.48,
            "eps_4q": 3.48,
            "eps_4q_growth_year": -7.46,
            "roe": 1.71,
            "roe_4q": 12.309999999999999,
            "gross_profit": 244072,
            "gross_margin": 13.85,
            "gross_margin_4q_avg": 15.2,
            "net_income": 88857,
            "net_income_4q": null,
            "revenue": 1761935,
            "revenue_4q": null,
            "common_shares": 1777291,
            "book_valuer_per_share": 29.83,
            "book_valuer_per_share_4q_avg": 28.99,
            "equity": 5301376,
            "current_ratio": 256.41,
            "debt_ratio": 35,
            "inventory_turnover_ratio": 2.6,
            "account_receivable_turnover_ratio": 0.75,
            "reinvestment_rate": -133.33,
            "research_to_sale_ratio": 3.02,
            "price_fair": 107.9,
            "eps_avg_yearly": 3.99,
            "eps_latest_yearly": 2,
            "eps_growth_yearly": 17.04
        },
        "20151": {
            "year_quarter": 20151,
            "year": 2015,
            "quarter": 1,
            "eps": 0.45,
            "eps_growth_year": -55,
            "eps_4q": 2.96,
            "eps_4q_growth_year": -17.4,
            "roe": 1.52,
            "roe_4q": 10.469999999999999,
            "gross_profit": 245116,
            "gross_margin": 15.01,
            "gross_margin_4q_avg": 15.02,
            "net_income": 80840,
            "net_income_4q": null,
            "revenue": 1632741,
            "revenue_4q": null,
            "common_shares": 1783885,
            "book_valuer_per_share": 30.1,
            "book_valuer_per_share_4q_avg": 29.01,
            "equity": 5369921,
            "current_ratio": 264.28,
            "debt_ratio": 33.22,
            "inventory_turnover_ratio": 2.48,
            "account_receivable_turnover_ratio": 0.75,
            "reinvestment_rate": -137.59,
            "research_to_sale_ratio": 1.49,
            "price_fair": 89,
            "eps_avg_yearly": 3.92,
            "eps_latest_yearly": 1.8,
            "eps_growth_yearly": 12.7
        },
        "20152": {
            "year_quarter": 20152,
            "year": 2015,
            "quarter": 2,
            "eps": 0.55,
            "eps_growth_year": -26.67,
            "eps_4q": 2.77,
            "eps_4q_growth_year": -18.17,
            "roe": 1.92,
            "roe_4q": 9.780000000000001,
            "gross_profit": 271064,
            "gross_margin": 15.33,
            "gross_margin_4q_avg": 14.87,
            "net_income": 98143,
            "net_income_4q": null,
            "revenue": 1768538,
            "revenue_4q": null,
            "common_shares": 1788428,
            "book_valuer_per_share": 27.02,
            "book_valuer_per_share_4q_avg": 28.93,
            "equity": 4832904,
            "current_ratio": 215.16,
            "debt_ratio": 40.29,
            "inventory_turnover_ratio": 2.7,
            "account_receivable_turnover_ratio": 0.87,
            "reinvestment_rate": -146.72,
            "research_to_sale_ratio": 1.26,
            "price_fair": 44.39,
            "eps_avg_yearly": 3.76,
            "eps_latest_yearly": 2.2,
            "eps_growth_yearly": 1.82
        },
        "20153": {
            "year_quarter": 20153,
            "year": 2015,
            "quarter": 3,
            "eps": 1.55,
            "eps_growth_year": 19.23,
            "eps_4q": 3.05,
            "eps_4q_growth_year": -22.25,
            "roe": 5.54,
            "roe_4q": 10.690000000000001,
            "gross_profit": 308111,
            "gross_margin": 15.93,
            "gross_margin_4q_avg": 15.03,
            "net_income": 277778,
            "net_income_4q": null,
            "revenue": 1934255,
            "revenue_4q": null,
            "common_shares": 1788876,
            "book_valuer_per_share": 28.91,
            "book_valuer_per_share_4q_avg": 28.97,
            "equity": 5198312,
            "current_ratio": 242.77,
            "debt_ratio": 36.87,
            "inventory_turnover_ratio": 3.04,
            "account_receivable_turnover_ratio": 0.89,
            "reinvestment_rate": -159.88,
            "research_to_sale_ratio": 1.72,
            "price_fair": 131.86,
            "eps_avg_yearly": 3.77,
            "eps_latest_yearly": 6.2,
            "eps_growth_yearly": 41.28
        },
        "20154": {
            "year_quarter": 20154,
            "year": 2015,
            "quarter": 4,
            "eps": 0.83,
            "eps_growth_year": 66.33,
            "eps_4q": 3.39,
            "eps_4q_growth_year": -2.72,
            "roe": 2.87,
            "roe_4q": 11.85,
            "gross_profit": 376434,
            "gross_margin": 21.64,
            "gross_margin_4q_avg": 16.98,
            "net_income": 150008,
            "net_income_4q": null,
            "revenue": 1739448,
            "revenue_4q": null,
            "common_shares": 1788876,
            "book_valuer_per_share": 29.22,
            "book_valuer_per_share_4q_avg": 28.81,
            "equity": 5256088,
            "current_ratio": 249.3,
            "debt_ratio": 35.68,
            "inventory_turnover_ratio": 2.86,
            "account_receivable_turnover_ratio": 0.77,
            "reinvestment_rate": -170.09,
            "research_to_sale_ratio": 1.77,
            "price_fair": 130.29,
            "eps_avg_yearly": 3.72,
            "eps_latest_yearly": 3.32,
            "eps_growth_yearly": 37.84
        },
        "20161": {
            "year_quarter": 20161,
            "year": 2016,
            "quarter": 1,
            "eps": 0.48,
            "eps_growth_year": 6.67,
            "eps_4q": 3.41,
            "eps_4q_growth_year": 15.08,
            "roe": 1.61,
            "roe_4q": 11.94,
            "gross_profit": 351359,
            "gross_margin": 22.06,
            "gross_margin_4q_avg": 18.74,
            "net_income": 84840,
            "net_income_4q": null,
            "revenue": 1592473,
            "revenue_4q": null,
            "common_shares": 1789164,
            "book_valuer_per_share": 29.54,
            "book_valuer_per_share_4q_avg": 28.67,
            "equity": 5311016,
            "current_ratio": 251.97,
            "debt_ratio": 35.29,
            "inventory_turnover_ratio": 2.79,
            "account_receivable_turnover_ratio": 0.76,
            "reinvestment_rate": -173.64,
            "research_to_sale_ratio": 1.79,
            "price_fair": 126.7,
            "eps_avg_yearly": 3.62,
            "eps_latest_yearly": 1.92,
            "eps_growth_yearly": 30.27
        },
        "20162": {
            "year_quarter": 20162,
            "year": 2016,
            "quarter": 2,
            "eps": 1.25,
            "eps_growth_year": 127.27,
            "eps_4q": 4.1,
            "eps_4q_growth_year": 47.66,
            "roe": 4.39,
            "roe_4q": 14.41,
            "gross_profit": 401249,
            "gross_margin": 23.77,
            "gross_margin_4q_avg": 20.85,
            "net_income": 223056,
            "net_income_4q": null,
            "revenue": 1688215,
            "revenue_4q": null,
            "common_shares": 1793452,
            "book_valuer_per_share": 27.03,
            "book_valuer_per_share_4q_avg": 28.68,
            "equity": 4848456,
            "current_ratio": 213.8,
            "debt_ratio": 41.66,
            "inventory_turnover_ratio": 3.06,
            "account_receivable_turnover_ratio": 0.82,
            "reinvestment_rate": -176.66,
            "research_to_sale_ratio": 2.21,
            "price_fair": 127.58,
            "eps_avg_yearly": 3.65,
            "eps_latest_yearly": 5,
            "eps_growth_yearly": 63.07
        },
        "20163": {
            "year_quarter": 20163,
            "year": 2016,
            "quarter": 3,
            "eps": 1.11,
            "eps_growth_year": -28.39,
            "eps_4q": 3.65,
            "eps_4q_growth_year": 19.52,
            "roe": 4.04,
            "roe_4q": 12.91,
            "gross_profit": 533563,
            "gross_margin": 28.88,
            "gross_margin_4q_avg": 24.09,
            "net_income": 198701,
            "net_income_4q": null,
            "revenue": 1847653,
            "revenue_4q": null,
            "common_shares": 1797286,
            "book_valuer_per_share": 27.7,
            "book_valuer_per_share_4q_avg": 28.37,
            "equity": 4978065,
            "current_ratio": 229.51,
            "debt_ratio": 39.15,
            "inventory_turnover_ratio": 3.14,
            "account_receivable_turnover_ratio": 0.84,
            "reinvestment_rate": -176.79,
            "research_to_sale_ratio": 3.43,
            "price_fair": 127.14,
            "eps_avg_yearly": 3.63,
            "eps_latest_yearly": 4.44,
            "eps_growth_yearly": 60.05
        },
        "20164": {
            "year_quarter": 20164,
            "year": 2016,
            "quarter": 4,
            "eps": 1.25,
            "eps_growth_year": 50.37,
            "eps_4q": 4.06,
            "eps_4q_growth_year": 19.95,
            "roe": 4.45,
            "roe_4q": 14.489999999999998,
            "gross_profit": 392167,
            "gross_margin": 21.24,
            "gross_margin_4q_avg": 23.99,
            "net_income": 225379,
            "net_income_4q": null,
            "revenue": 1846233,
            "revenue_4q": null,
            "common_shares": 1802426,
            "book_valuer_per_share": 28.6,
            "book_valuer_per_share_4q_avg": 28.22,
            "equity": 5155005,
            "current_ratio": 236.68,
            "debt_ratio": 38.84,
            "inventory_turnover_ratio": 3.13,
            "account_receivable_turnover_ratio": 0.81,
            "reinvestment_rate": -177.51,
            "research_to_sale_ratio": 2.99,
            "price_fair": 130.03,
            "eps_avg_yearly": 3.72,
            "eps_latest_yearly": 5,
            "eps_growth_yearly": 68.37
        },
        "20171": {
            "year_quarter": 20171,
            "year": 2017,
            "quarter": 1,
            "eps": 0.14,
            "eps_growth_year": -70.83,
            "eps_4q": 3.59,
            "eps_4q_growth_year": 5.21,
            "roe": 0.49,
            "roe_4q": 13.370000000000001,
            "gross_profit": 311642,
            "gross_margin": 19.75,
            "gross_margin_4q_avg": 23.41,
            "net_income": 25843,
            "net_income_4q": null,
            "revenue": 1578028,
            "revenue_4q": null,
            "common_shares": 1876237,
            "book_valuer_per_share": 28.25,
            "book_valuer_per_share_4q_avg": 27.9,
            "equity": 5300365,
            "current_ratio": 262.86,
            "debt_ratio": 34.88,
            "inventory_turnover_ratio": 2.61,
            "account_receivable_turnover_ratio": 0.73,
            "reinvestment_rate": -5.73,
            "research_to_sale_ratio": 1.96,
            "price_fair": 120.84,
            "eps_avg_yearly": 3.45,
            "eps_latest_yearly": 0.56,
            "eps_growth_yearly": 38.84
        },
        "20172": {
            "year_quarter": 20172,
            "year": 2017,
            "quarter": 2,
            "eps": 0.88,
            "eps_growth_year": -29.6,
            "eps_4q": 3.28,
            "eps_4q_growth_year": -19.95,
            "roe": 3.29,
            "roe_4q": 12.27,
            "gross_profit": 367277,
            "gross_margin": 21.9,
            "gross_margin_4q_avg": 22.94,
            "net_income": 165387,
            "net_income_4q": null,
            "revenue": 1677360,
            "revenue_4q": null,
            "common_shares": 1876622,
            "book_valuer_per_share": 25.26,
            "book_valuer_per_share_4q_avg": 27.45,
            "equity": 4741010,
            "current_ratio": 213.51,
            "debt_ratio": 42.59,
            "inventory_turnover_ratio": 2.69,
            "account_receivable_turnover_ratio": 0.83,
            "reinvestment_rate": -7.06,
            "research_to_sale_ratio": 1.98,
            "price_fair": 120.31,
            "eps_avg_yearly": 3.44,
            "eps_latest_yearly": 3.52,
            "eps_growth_yearly": 176.23
        },
        "20173": {
            "year_quarter": 20173,
            "year": 2017,
            "quarter": 3,
            "eps": 0.98,
            "eps_growth_year": -11.71,
            "eps_4q": 3.2,
            "eps_4q_growth_year": -12.36,
            "roe": 3.78,
            "roe_4q": 12.010000000000002,
            "gross_profit": 400026,
            "gross_margin": 20.5,
            "gross_margin_4q_avg": 20.85,
            "net_income": 183106,
            "net_income_4q": null,
            "revenue": 1950904,
            "revenue_4q": null,
            "common_shares": 1876622,
            "book_valuer_per_share": 26.41,
            "book_valuer_per_share_4q_avg": 27.13,
            "equity": 4957050,
            "current_ratio": 233.21,
            "debt_ratio": 39.21,
            "inventory_turnover_ratio": 3.08,
            "account_receivable_turnover_ratio": 0.92,
            "reinvestment_rate": -5.98,
            "research_to_sale_ratio": 1.67,
            "price_fair": 122.24,
            "eps_avg_yearly": 3.49,
            "eps_latest_yearly": 3.92,
            "eps_growth_yearly": 183.86
        },
        "20174": {
            "year_quarter": 20174,
            "year": 2017,
            "quarter": 4,
            "eps": 0.43,
            "eps_growth_year": -65.73,
            "eps_4q": 2.42,
            "eps_4q_growth_year": -40.33,
            "roe": 1.61,
            "roe_4q": 9.17,
            "gross_profit": 268874,
            "gross_margin": 14.56,
            "gross_margin_4q_avg": 19.18,
            "net_income": 80426,
            "net_income_4q": null,
            "revenue": 1846576,
            "revenue_4q": null,
            "common_shares": 1876622,
            "book_valuer_per_share": 26.82,
            "book_valuer_per_share_4q_avg": 26.69,
            "equity": 5033427,
            "current_ratio": 234.91,
            "debt_ratio": 38.95,
            "inventory_turnover_ratio": 3,
            "account_receivable_turnover_ratio": 0.83,
            "reinvestment_rate": -4,
            "research_to_sale_ratio": 1.62,
            "price_fair": 117.69,
            "eps_avg_yearly": 3.36,
            "eps_latest_yearly": 1.72,
            "eps_growth_yearly": 163.58
        },
        "20181": {
            "year_quarter": 20181,
            "year": 2018,
            "quarter": 1,
            "eps": 0.2,
            "eps_growth_year": 42.86,
            "eps_4q": 2.49,
            "eps_4q_growth_year": -30.62,
            "roe": 0.75,
            "roe_4q": 9.43,
            "gross_profit": 226411,
            "gross_margin": 13.89,
            "gross_margin_4q_avg": 17.71,
            "net_income": 37951,
            "net_income_4q": null,
            "revenue": 1629673,
            "revenue_4q": null,
            "common_shares": 1876622,
            "book_valuer_per_share": 27.26,
            "book_valuer_per_share_4q_avg": 26.44,
            "equity": 5115350,
            "current_ratio": 236.18,
            "debt_ratio": 39.15,
            "inventory_turnover_ratio": 2.52,
            "account_receivable_turnover_ratio": 0.75,
            "reinvestment_rate": -11.92,
            "research_to_sale_ratio": 2.06,
            "price_fair": 110.69,
            "eps_avg_yearly": 3.16,
            "eps_latest_yearly": 0.8,
            "eps_growth_yearly": 148.89
        },
        "20182": {
            "year_quarter": 20182,
            "year": 2018,
            "quarter": 2,
            "eps": 1.11,
            "eps_growth_year": 26.14,
            "eps_4q": 2.71,
            "eps_4q_growth_year": -17.28,
            "roe": 4.23,
            "roe_4q": 10.370000000000001,
            "gross_profit": 301521,
            "gross_margin": 16.44,
            "gross_margin_4q_avg": 16.35,
            "net_income": 207488,
            "net_income_4q": null,
            "revenue": 1834351,
            "revenue_4q": null,
            "common_shares": 1876622,
            "book_valuer_per_share": 25.07,
            "book_valuer_per_share_4q_avg": 26.39,
            "equity": 4703757,
            "current_ratio": 205.69,
            "debt_ratio": 45.3,
            "inventory_turnover_ratio": 2.58,
            "account_receivable_turnover_ratio": 0.83,
            "reinvestment_rate": -11.82,
            "research_to_sale_ratio": 1.81,
            "price_fair": 113.84,
            "eps_avg_yearly": 3.25,
            "eps_latest_yearly": 4.44,
            "eps_growth_yearly": 268.89
        },
        "20183": {
            "year_quarter": 20183,
            "year": 2018,
            "quarter": 3,
            "eps": 0.72,
            "eps_growth_year": -26.53,
            "eps_4q": 2.46,
            "eps_4q_growth_year": -23.04,
            "roe": 2.87,
            "roe_4q": 9.46,
            "gross_profit": 325776,
            "gross_margin": 18.2,
            "gross_margin_4q_avg": 15.77,
            "net_income": 135690,
            "net_income_4q": null,
            "revenue": 1790459,
            "revenue_4q": null,
            "common_shares": 1876622,
            "book_valuer_per_share": 25.34,
            "book_valuer_per_share_4q_avg": 26.12,
            "equity": 4754618,
            "current_ratio": 223.09,
            "debt_ratio": 42.25,
            "inventory_turnover_ratio": 2.51,
            "account_receivable_turnover_ratio": 0.76,
            "reinvestment_rate": -11.2,
            "research_to_sale_ratio": 1.87,
            "price_fair": 108.76,
            "eps_avg_yearly": 3.11,
            "eps_latest_yearly": 2.88,
            "eps_growth_yearly": 241.78
        },
        "20184": {
            "year_quarter": 20184,
            "year": 2018,
            "quarter": 4,
            "eps": 0.77,
            "eps_growth_year": 80.67,
            "eps_4q": 2.81,
            "eps_4q_growth_year": 15.76,
            "roe": 3.01,
            "roe_4q": 10.86,
            "gross_profit": 347233,
            "gross_margin": 19.44,
            "gross_margin_4q_avg": 16.99,
            "net_income": 145304,
            "net_income_4q": null,
            "revenue": 1786552,
            "revenue_4q": null,
            "common_shares": 1876622,
            "book_valuer_per_share": 26.19,
            "book_valuer_per_share_4q_avg": 25.97,
            "equity": 4914389,
            "current_ratio": 235.96,
            "debt_ratio": 40.32,
            "inventory_turnover_ratio": 2.5,
            "account_receivable_turnover_ratio": 0.76,
            "reinvestment_rate": -13.33,
            "research_to_sale_ratio": 1.46,
            "price_fair": 111.13,
            "eps_avg_yearly": 3.18,
            "eps_latest_yearly": 3.08,
            "eps_growth_yearly": 258.9
        },
        "20191": {
            "year_quarter": 20191,
            "year": 2019,
            "quarter": 1,
            "eps": 0.55,
            "eps_growth_year": 175,
            "eps_4q": 3.15,
            "eps_4q_growth_year": 26.8,
            "roe": 2.06,
            "roe_4q": 12.170000000000002,
            "gross_profit": 244600,
            "gross_margin": 15.8,
            "gross_margin_4q_avg": 17.47,
            "net_income": 103513,
            "net_income_4q": null,
            "revenue": 1547727,
            "revenue_4q": null,
            "common_shares": 1876622,
            "book_valuer_per_share": 27.22,
            "book_valuer_per_share_4q_avg": 25.96,
            "equity": 5152943,
            "current_ratio": 244.47,
            "debt_ratio": 39.33,
            "inventory_turnover_ratio": 2.14,
            "account_receivable_turnover_ratio": 0.69,
            "reinvestment_rate": -13.88,
            "research_to_sale_ratio": 1.72,
            "price_fair": 112,
            "eps_avg_yearly": 3.2,
            "eps_latest_yearly": 2.2,
            "eps_growth_yearly": 254.25
        },
        "20192": {
            "year_quarter": 20192,
            "year": 2019,
            "quarter": 2,
            "eps": 0.96,
            "eps_growth_year": -13.51,
            "eps_4q": 3.01,
            "eps_4q_growth_year": 10.99,
            "roe": 3.65,
            "roe_4q": 11.59,
            "gross_profit": 301775,
            "gross_margin": 17.96,
            "gross_margin_4q_avg": 17.85,
            "net_income": 180408,
            "net_income_4q": null,
            "revenue": 1679906,
            "revenue_4q": null,
            "common_shares": 1876622,
            "book_valuer_per_share": 24.94,
            "book_valuer_per_share_4q_avg": 25.92,
            "equity": 4726584,
            "current_ratio": 211.42,
            "debt_ratio": 44.59,
            "inventory_turnover_ratio": 2.26,
            "account_receivable_turnover_ratio": 0.79,
            "reinvestment_rate": -9.5,
            "research_to_sale_ratio": 1.64,
            "price_fair": 115.59,
            "eps_avg_yearly": 3.3,
            "eps_latest_yearly": 3.84,
            "eps_growth_yearly": 267.33
        },
        "20193": {
            "year_quarter": 20193,
            "year": 2019,
            "quarter": 3,
            "eps": 0.95,
            "eps_growth_year": 31.94,
            "eps_4q": 3.23,
            "eps_4q_growth_year": 31.43,
            "roe": 3.73,
            "roe_4q": 12.45,
            "gross_profit": 327571,
            "gross_margin": 20.18,
            "gross_margin_4q_avg": 18.35,
            "net_income": 177419,
            "net_income_4q": null,
            "revenue": 1623340,
            "revenue_4q": null,
            "common_shares": 1876622,
            "book_valuer_per_share": 25.2,
            "book_valuer_per_share_4q_avg": 25.89,
            "equity": 4775118,
            "current_ratio": 238.85,
            "debt_ratio": 39.89,
            "inventory_turnover_ratio": 2.4,
            "account_receivable_turnover_ratio": 0.77,
            "reinvestment_rate": -6.96,
            "research_to_sale_ratio": 1.61,
            "price_fair": 110.34,
            "eps_avg_yearly": 3.15,
            "eps_latest_yearly": 3.8,
            "eps_growth_yearly": 221.62
        },
        "20194": {
            "year_quarter": 20194,
            "year": 2019,
            "quarter": 4,
            "eps": 0.6,
            "eps_growth_year": -22.79,
            "eps_4q": 3.06,
            "eps_4q_growth_year": 8.94,
            "roe": 2.33,
            "roe_4q": 11.770000000000001,
            "gross_profit": 359409,
            "gross_margin": 21.27,
            "gross_margin_4q_avg": 18.8,
            "net_income": 112196,
            "net_income_4q": null,
            "revenue": 1689731,
            "revenue_4q": null,
            "common_shares": 1876622,
            "book_valuer_per_share": 25.73,
            "book_valuer_per_share_4q_avg": 25.77,
            "equity": 4872003,
            "current_ratio": 240.32,
            "debt_ratio": 39.42,
            "inventory_turnover_ratio": 2.74,
            "account_receivable_turnover_ratio": 0.83,
            "reinvestment_rate": -5.81,
            "research_to_sale_ratio": 1.39,
            "price_fair": 108.33,
            "eps_avg_yearly": 3.1,
            "eps_latest_yearly": 2.4,
            "eps_growth_yearly": 224.02
        },
        "20201": {
            "year_quarter": 20201,
            "year": 2020,
            "quarter": 1,
            "eps": 0.31,
            "eps_growth_year": -43.64,
            "eps_4q": 2.81,
            "eps_4q_growth_year": -10.92,
            "roe": 1.18,
            "roe_4q": 10.89,
            "gross_profit": 167049,
            "gross_margin": 15.99,
            "gross_margin_4q_avg": 18.85,
            "net_income": 57331,
            "net_income_4q": null,
            "revenue": 1045013,
            "revenue_4q": null,
            "common_shares": 1876622,
            "book_valuer_per_share": 25.58,
            "book_valuer_per_share_4q_avg": 25.36,
            "equity": 4845083,
            "current_ratio": 239.82,
            "debt_ratio": 38.76,
            "inventory_turnover_ratio": 1.78,
            "account_receivable_turnover_ratio": 0.6,
            "reinvestment_rate": -4.23,
            "research_to_sale_ratio": 2.28,
            "price_fair": 106.84,
            "eps_avg_yearly": 3.05,
            "eps_latest_yearly": 1.24,
            "eps_growth_yearly": 222.48
        },
        "20202": {
            "year_quarter": 20202,
            "year": 2020,
            "quarter": 2,
            "eps": 0.76,
            "eps_growth_year": -20.83,
            "eps_4q": 2.61,
            "eps_4q_growth_year": -13.35,
            "roe": 3.09,
            "roe_4q": 10.33,
            "gross_profit": 404444,
            "gross_margin": 25.88,
            "gross_margin_4q_avg": 20.83,
            "net_income": 142549,
            "net_income_4q": null,
            "revenue": 1562885,
            "revenue_4q": null,
            "common_shares": 1876622,
            "book_valuer_per_share": 23.06,
            "book_valuer_per_share_4q_avg": 24.89,
            "equity": 4369897,
            "current_ratio": 190.75,
            "debt_ratio": 46.63,
            "inventory_turnover_ratio": 2.35,
            "account_receivable_turnover_ratio": 0.94,
            "reinvestment_rate": -0.78,
            "research_to_sale_ratio": 1.45,
            "price_fair": 102.55,
            "eps_avg_yearly": 2.93,
            "eps_latest_yearly": 3.04,
            "eps_growth_yearly": 218.67
        },
        "20203": {
            "year_quarter": 20203,
            "year": 2020,
            "quarter": 3,
            "eps": 0.71,
            "eps_growth_year": -25.26,
            "eps_4q": 2.37,
            "eps_4q_growth_year": -26.67,
            "roe": 2.98,
            "roe_4q": 9.58,
            "gross_profit": 399675,
            "gross_margin": 22.18,
            "gross_margin_4q_avg": 21.33,
            "net_income": 132763,
            "net_income_4q": null,
            "revenue": 1801714,
            "revenue_4q": null,
            "common_shares": 1876622,
            "book_valuer_per_share": 23.97,
            "book_valuer_per_share_4q_avg": 24.59,
            "equity": 4540430,
            "current_ratio": 198.71,
            "debt_ratio": 43.7,
            "inventory_turnover_ratio": 2.72,
            "account_receivable_turnover_ratio": 0.94,
            "reinvestment_rate": 1.98,
            "research_to_sale_ratio": 1.26,
            "price_fair": 99.05,
            "eps_avg_yearly": 2.83,
            "eps_latest_yearly": 2.84,
            "eps_growth_yearly": 219.82
        },
        "20204": {
            "year_quarter": 20204,
            "year": 2020,
            "quarter": 4,
            "eps": 0.81,
            "eps_growth_year": 35.16,
            "eps_4q": 2.58,
            "eps_4q_growth_year": -15.56,
            "roe": 3.2,
            "roe_4q": 10.45,
            "gross_profit": 363423,
            "gross_margin": 20.6,
            "gross_margin_4q_avg": 21.16,
            "net_income": 148619,
            "net_income_4q": null,
            "revenue": 1764532,
            "revenue_4q": null,
            "common_shares": 1876622,
            "book_valuer_per_share": 25.09,
            "book_valuer_per_share_4q_avg": 24.43,
            "equity": 4746848,
            "current_ratio": 204.02,
            "debt_ratio": 42.55,
            "inventory_turnover_ratio": 2.44,
            "account_receivable_turnover_ratio": 0.85,
            "reinvestment_rate": 6,
            "research_to_sale_ratio": 1.35,
            "price_fair": 95.2,
            "eps_avg_yearly": 2.72,
            "eps_latest_yearly": 3.24,
            "eps_growth_yearly": 220.19
        },
        "20211": {
            "year_quarter": 20211,
            "year": 2021,
            "quarter": 1,
            "eps": 0.75,
            "eps_growth_year": 141.94,
            "eps_4q": 3.03,
            "eps_4q_growth_year": 7.71,
            "roe": 2.91,
            "roe_4q": 12.18,
            "gross_profit": 280383,
            "gross_margin": 16.89,
            "gross_margin_4q_avg": 21.39,
            "net_income": 140418,
            "net_income_4q": null,
            "revenue": 1659989,
            "revenue_4q": null,
            "common_shares": 1876622,
            "book_valuer_per_share": 25.91,
            "book_valuer_per_share_4q_avg": 24.51,
            "equity": 4901624,
            "current_ratio": 206.66,
            "debt_ratio": 41.91,
            "inventory_turnover_ratio": 2.1,
            "account_receivable_turnover_ratio": 0.79,
            "reinvestment_rate": 6.57,
            "research_to_sale_ratio": 1.57,
            "price_fair": 100.54,
            "eps_avg_yearly": 2.87,
            "eps_latest_yearly": 3,
            "eps_growth_yearly": 240.54
        },
        "20212": {
            "year_quarter": 20212,
            "year": 2021,
            "quarter": 2,
            "eps": 0.49,
            "eps_growth_year": -35.53,
            "eps_4q": 2.76,
            "eps_4q_growth_year": 5.75,
            "roe": 1.83,
            "roe_4q": 10.92,
            "gross_profit": 293654,
            "gross_margin": 15.87,
            "gross_margin_4q_avg": 18.89,
            "net_income": 90186,
            "net_income_4q": null,
            "revenue": 1850794,
            "revenue_4q": null,
            "common_shares": 1876622,
            "book_valuer_per_share": 26.21,
            "book_valuer_per_share_4q_avg": 25.3,
            "equity": 4954252,
            "current_ratio": 205.71,
            "debt_ratio": 41.84,
            "inventory_turnover_ratio": 2.01,
            "account_receivable_turnover_ratio": 0.85,
            "reinvestment_rate": 9.7,
            "research_to_sale_ratio": 1.58,
            "price_fair": 97.13,
            "eps_avg_yearly": 2.78,
            "eps_latest_yearly": 1.96,
            "eps_growth_yearly": 99.73
        },
        "20213": {
            "year_quarter": 20213,
            "year": 2021,
            "quarter": 3,
            "eps": 0.72,
            "eps_growth_year": 1.41,
            "eps_4q": 2.78,
            "eps_4q_growth_year": 17.08,
            "roe": 2.83,
            "roe_4q": 10.77,
            "gross_profit": 306175,
            "gross_margin": 14.44,
            "gross_margin_4q_avg": 16.95,
            "net_income": 134408,
            "net_income_4q": null,
            "revenue": 2119876,
            "revenue_4q": null,
            "common_shares": 1876622,
            "book_valuer_per_share": 24.06,
            "book_valuer_per_share_4q_avg": 25.32,
            "equity": 4549924,
            "current_ratio": 187.1,
            "debt_ratio": 45.25,
            "inventory_turnover_ratio": 2.1,
            "account_receivable_turnover_ratio": 0.9,
            "reinvestment_rate": 10.61,
            "research_to_sale_ratio": 1.29,
            "price_fair": 94.85,
            "eps_avg_yearly": 2.71,
            "eps_latest_yearly": 2.88,
            "eps_growth_yearly": 108.62
        },
        "20214": {
            "year_quarter": 20214,
            "year": 2021,
            "quarter": 4,
            "eps": 0.74,
            "eps_growth_year": -8.79,
            "eps_4q": 2.7,
            "eps_4q_growth_year": 4.79,
            "roe": 2.97,
            "roe_4q": 10.540000000000001,
            "gross_profit": 305450,
            "gross_margin": 14.58,
            "gross_margin_4q_avg": 15.45,
            "net_income": 139487,
            "net_income_4q": null,
            "revenue": 2094847,
            "revenue_4q": null,
            "common_shares": 1876622,
            "book_valuer_per_share": 25.66,
            "book_valuer_per_share_4q_avg": 25.46,
            "equity": 4850921,
            "current_ratio": 203.01,
            "debt_ratio": 44.51,
            "inventory_turnover_ratio": 2.02,
            "account_receivable_turnover_ratio": 0.84,
            "reinvestment_rate": 9.87,
            "research_to_sale_ratio": 1.27,
            "price_fair": 97.56,
            "eps_avg_yearly": 2.79,
            "eps_latest_yearly": 2.96,
            "eps_growth_yearly": 123.35
        },
        "20221": {
            "year_quarter": 20221,
            "year": 2022,
            "quarter": 1,
            "eps": 0.77,
            "eps_growth_year": 2.67,
            "eps_4q": 2.72,
            "eps_4q_growth_year": -10.17,
            "roe": 2.89,
            "roe_4q": 10.520000000000001,
            "gross_profit": 252167,
            "gross_margin": 13.31,
            "gross_margin_4q_avg": 14.55,
            "net_income": 143656,
            "net_income_4q": null,
            "revenue": 1894693,
            "revenue_4q": null,
            "common_shares": 1876622,
            "book_valuer_per_share": 26.98,
            "book_valuer_per_share_4q_avg": 25.73,
            "equity": 5099309,
            "current_ratio": 219.44,
            "debt_ratio": 42.59,
            "inventory_turnover_ratio": 1.85,
            "account_receivable_turnover_ratio": 0.76,
            "reinvestment_rate": 21.05,
            "research_to_sale_ratio": 1.54,
            "price_fair": 102.55,
            "eps_avg_yearly": 2.93,
            "eps_latest_yearly": 3.08,
            "eps_growth_yearly": 137.73
        },
        "20222": {
            "year_quarter": 20222,
            "year": 2022,
            "quarter": 2,
            "eps": 1.12,
            "eps_growth_year": 128.57,
            "eps_4q": 3.35,
            "eps_4q_growth_year": 21.49,
            "roe": 4.25,
            "roe_4q": 12.940000000000001,
            "gross_profit": 308493,
            "gross_margin": 17.25,
            "gross_margin_4q_avg": 14.9,
            "net_income": 208450,
            "net_income_4q": null,
            "revenue": 1788146,
            "revenue_4q": null,
            "common_shares": 1876622,
            "book_valuer_per_share": 24.8,
            "book_valuer_per_share_4q_avg": 25.38,
            "equity": 4715850,
            "current_ratio": 197.2,
            "debt_ratio": 46.72,
            "inventory_turnover_ratio": 1.59,
            "account_receivable_turnover_ratio": 0.76,
            "reinvestment_rate": 18.86,
            "research_to_sale_ratio": 1.37,
            "price_fair": 102.64,
            "eps_avg_yearly": 2.93,
            "eps_latest_yearly": 4.48,
            "eps_growth_yearly": 35.35
        },
        "20223": {
            "year_quarter": 20223,
            "year": 2022,
            "quarter": 3,
            "eps": 1.67,
            "eps_growth_year": 131.94,
            "eps_4q": 4.3,
            "eps_4q_growth_year": 54.98,
            "roe": 6.4,
            "roe_4q": 16.51,
            "gross_profit": 319751,
            "gross_margin": 17.02,
            "gross_margin_4q_avg": 15.54,
            "net_income": 313851,
            "net_income_4q": null,
            "revenue": 1878488,
            "revenue_4q": null,
            "common_shares": 1876622,
            "book_valuer_per_share": 26.8,
            "book_valuer_per_share_4q_avg": 26.06,
            "equity": 5095506,
            "current_ratio": 233.97,
            "debt_ratio": 41.51,
            "inventory_turnover_ratio": 1.79,
            "account_receivable_turnover_ratio": 0.82,
            "reinvestment_rate": 20.01,
            "research_to_sale_ratio": 1.07,
            "price_fair": 110.95,
            "eps_avg_yearly": 3.17,
            "eps_latest_yearly": 6.68,
            "eps_growth_yearly": 56.41
        },
        "20224": {
            "year_quarter": 20224,
            "year": 2022,
            "quarter": 4,
            "eps": 0.7,
            "eps_growth_year": -4.54,
            "eps_4q": 4.27,
            "eps_4q_growth_year": 57.81,
            "roe": 2.57,
            "roe_4q": 16.11,
            "gross_profit": 342377,
            "gross_margin": 20.24,
            "gross_margin_4q_avg": 16.96,
            "net_income": 133371,
            "net_income_4q": null,
            "revenue": 1691848,
            "revenue_4q": null,
            "common_shares": 1876622,
            "book_valuer_per_share": 27.69,
            "book_valuer_per_share_4q_avg": 26.57,
            "equity": 5278664,
            "current_ratio": 235.52,
            "debt_ratio": 40.05,
            "inventory_turnover_ratio": 1.86,
            "account_receivable_turnover_ratio": 0.79,
            "reinvestment_rate": 19.94,
            "research_to_sale_ratio": 1.1,
            "price_fair": 110.34,
            "eps_avg_yearly": 3.15,
            "eps_latest_yearly": 2.8,
            "eps_growth_yearly": 40.15
        },
        "20231": {
            "year_quarter": 20231,
            "year": 2023,
            "quarter": 1,
            "eps": 0.44,
            "eps_growth_year": -42.86,
            "eps_4q": 3.94,
            "eps_4q_growth_year": 44.9,
            "roe": 1.53,
            "roe_4q": 14.75,
            "gross_profit": 251975,
            "gross_margin": 16.78,
            "gross_margin_4q_avg": 17.82,
            "net_income": 81611,
            "net_income_4q": null,
            "revenue": 1501296,
            "revenue_4q": null,
            "common_shares": 1876622,
            "book_valuer_per_share": 28.42,
            "book_valuer_per_share_4q_avg": 26.93,
            "equity": 5414957,
            "current_ratio": 249.03,
            "debt_ratio": 39.15,
            "inventory_turnover_ratio": 1.84,
            "account_receivable_turnover_ratio": 0.78,
            "reinvestment_rate": 19.66,
            "research_to_sale_ratio": 1.32,
            "price_fair": 109.38,
            "eps_avg_yearly": 3.13,
            "eps_latest_yearly": 1.76,
            "eps_growth_yearly": 38.01
        },
        "20232": {
            "year_quarter": 20232,
            "year": 2023,
            "quarter": 2,
            "eps": 0.88,
            "eps_growth_year": -21.43,
            "eps_4q": 3.69,
            "eps_4q_growth_year": 10.23,
            "roe": 3.16,
            "roe_4q": 13.66,
            "gross_profit": 262583,
            "gross_margin": 16.92,
            "gross_margin_4q_avg": 17.74,
            "net_income": 161946,
            "net_income_4q": null,
            "revenue": 1551996,
            "revenue_4q": null,
            "common_shares": 1876622,
            "book_valuer_per_share": 25.32,
            "book_valuer_per_share_4q_avg": 27.06,
            "equity": 4829801,
            "current_ratio": 206.91,
            "debt_ratio": 45.44,
            "inventory_turnover_ratio": 2.06,
            "account_receivable_turnover_ratio": 0.85,
            "reinvestment_rate": 16.39,
            "research_to_sale_ratio": 1.16,
            "price_fair": 108.68,
            "eps_avg_yearly": 3.11,
            "eps_latest_yearly": 3.52,
            "eps_growth_yearly": 44.37
        },
        "20233": {
            "year_quarter": 20233,
            "year": 2023,
            "quarter": 3,
            "eps": 1.19,
            "eps_growth_year": -28.74,
            "eps_4q": 3.21,
            "eps_4q_growth_year": -25.27,
            "roe": 4.42,
            "roe_4q": 11.68,
            "gross_profit": 313194,
            "gross_margin": 17.9,
            "gross_margin_4q_avg": 17.96,
            "net_income": 220955,
            "net_income_4q": null,
            "revenue": 1749448,
            "revenue_4q": null,
            "common_shares": 1876622,
            "book_valuer_per_share": 27.15,
            "book_valuer_per_share_4q_avg": 27.15,
            "equity": 5171318,
            "current_ratio": 241.97,
            "debt_ratio": 40.9,
            "inventory_turnover_ratio": 2.47,
            "account_receivable_turnover_ratio": 0.89,
            "reinvestment_rate": 18.25,
            "research_to_sale_ratio": 1.11,
            "price_fair": 110.78,
            "eps_avg_yearly": 3.17,
            "eps_latest_yearly": 4.76,
            "eps_growth_yearly": 53.44
        }
    },
    "months": {
        "2001-12": {
            "month": "2001-12",
            "price": "50.64",
            "revenue": 110682
        },
        "2002-01": {
            "month": "2002-01",
            "price": "68.16",
            "revenue": 136025
        },
        "2002-02": {
            "month": "2002-02",
            "price": "80.58",
            "revenue": 92362
        },
        "2002-03": {
            "month": "2002-03",
            "price": "78.29",
            "revenue": 140180
        },
        "2002-04": {
            "month": "2002-04",
            "price": "73.79",
            "revenue": 135428
        },
        "2002-05": {
            "month": "2002-05",
            "price": "66.68",
            "revenue": 140656
        },
        "2002-06": {
            "month": "2002-06",
            "price": "69.95",
            "revenue": 111097
        },
        "2002-07": {
            "month": "2002-07",
            "price": "61.80",
            "revenue": 134386
        },
        "2002-08": {
            "month": "2002-08",
            "price": "54.89",
            "revenue": 147352
        },
        "2002-09": {
            "month": "2002-09",
            "price": "54.52",
            "revenue": 154715
        },
        "2002-10": {
            "month": "2002-10",
            "price": "52.95",
            "revenue": 171129
        },
        "2002-11": {
            "month": "2002-11",
            "price": "54.62",
            "revenue": 173499
        },
        "2002-12": {
            "month": "2002-12",
            "price": "57.73",
            "revenue": 156618
        },
        "2003-01": {
            "month": "2003-01",
            "price": "53.05",
            "revenue": 137544
        },
        "2003-02": {
            "month": "2003-02",
            "price": "51.11",
            "revenue": 134676
        },
        "2003-03": {
            "month": "2003-03",
            "price": "50.82",
            "revenue": 151081
        },
        "2003-04": {
            "month": "2003-04",
            "price": "50.90",
            "revenue": 156439
        },
        "2003-05": {
            "month": "2003-05",
            "price": "54.74",
            "revenue": 155213
        },
        "2003-06": {
            "month": "2003-06",
            "price": "61.08",
            "revenue": 167460
        },
        "2003-07": {
            "month": "2003-07",
            "price": "63.26",
            "revenue": 162342
        },
        "2003-08": {
            "month": "2003-08",
            "price": "60.71",
            "revenue": 175031
        },
        "2003-09": {
            "month": "2003-09",
            "price": "57.67",
            "revenue": 192901
        },
        "2003-10": {
            "month": "2003-10",
            "price": "54.66",
            "revenue": 210490
        },
        "2003-11": {
            "month": "2003-11",
            "price": "53.70",
            "revenue": 185426
        },
        "2003-12": {
            "month": "2003-12",
            "price": "53.85",
            "revenue": 195442
        },
        "2004-01": {
            "month": "2004-01",
            "price": "53.17",
            "revenue": 136894
        },
        "2004-02": {
            "month": "2004-02",
            "price": "54.52",
            "revenue": 180128
        },
        "2004-03": {
            "month": "2004-03",
            "price": "51.97",
            "revenue": 215828
        },
        "2004-04": {
            "month": "2004-04",
            "price": "48.95",
            "revenue": 182382
        },
        "2004-05": {
            "month": "2004-05",
            "price": "39.58",
            "revenue": 205442
        },
        "2004-06": {
            "month": "2004-06",
            "price": "36.55",
            "revenue": 183908
        },
        "2004-07": {
            "month": "2004-07",
            "price": "28.90",
            "revenue": 211525
        },
        "2004-08": {
            "month": "2004-08",
            "price": "23.25",
            "revenue": 234087
        },
        "2004-09": {
            "month": "2004-09",
            "price": "24.84",
            "revenue": 252226
        },
        "2004-10": {
            "month": "2004-10",
            "price": "23.58",
            "revenue": 225429
        },
        "2004-11": {
            "month": "2004-11",
            "price": "23.60",
            "revenue": 207396
        },
        "2004-12": {
            "month": "2004-12",
            "price": "25.60",
            "revenue": 205076
        },
        "2005-01": {
            "month": "2005-01",
            "price": "23.91",
            "revenue": 223553
        },
        "2005-02": {
            "month": "2005-02",
            "price": "26.99",
            "revenue": 181666
        },
        "2005-03": {
            "month": "2005-03",
            "price": "34.98",
            "revenue": 277931
        },
        "2005-04": {
            "month": "2005-04",
            "price": "31.85",
            "revenue": 245325
        },
        "2005-05": {
            "month": "2005-05",
            "price": "31.20",
            "revenue": 248547
        },
        "2005-06": {
            "month": "2005-06",
            "price": "33.74",
            "revenue": 234097
        },
        "2005-07": {
            "month": "2005-07",
            "price": "34.16",
            "revenue": 352719
        },
        "2005-08": {
            "month": "2005-08",
            "price": "28.53",
            "revenue": 290036
        },
        "2005-09": {
            "month": "2005-09",
            "price": "28.60",
            "revenue": 305010
        },
        "2005-10": {
            "month": "2005-10",
            "price": "26.66",
            "revenue": 304560
        },
        "2005-11": {
            "month": "2005-11",
            "price": "26.08",
            "revenue": 305606
        },
        "2005-12": {
            "month": "2005-12",
            "price": "28.78",
            "revenue": 275316
        },
        "2006-01": {
            "month": "2006-01",
            "price": "30.35",
            "revenue": 336480
        },
        "2006-02": {
            "month": "2006-02",
            "price": "30.38",
            "revenue": 333970
        },
        "2006-03": {
            "month": "2006-03",
            "price": "30.80",
            "revenue": 398215
        },
        "2006-04": {
            "month": "2006-04",
            "price": "31.89",
            "revenue": 435206
        },
        "2006-05": {
            "month": "2006-05",
            "price": "37.81",
            "revenue": 428206
        },
        "2006-06": {
            "month": "2006-06",
            "price": "34.20",
            "revenue": 455561
        },
        "2006-07": {
            "month": "2006-07",
            "price": "35.86",
            "revenue": 512739
        },
        "2006-08": {
            "month": "2006-08",
            "price": "36.51",
            "revenue": 556874
        },
        "2006-09": {
            "month": "2006-09",
            "price": "36.80",
            "revenue": 630605
        },
        "2006-10": {
            "month": "2006-10",
            "price": "39.21",
            "revenue": 671389
        },
        "2006-11": {
            "month": "2006-11",
            "price": "47.56",
            "revenue": 629466
        },
        "2006-12": {
            "month": "2006-12",
            "price": "48.22",
            "revenue": 567283
        },
        "2007-01": {
            "month": "2007-01",
            "price": "51.72",
            "revenue": 555877
        },
        "2007-02": {
            "month": "2007-02",
            "price": "50.49",
            "revenue": 437218
        },
        "2007-03": {
            "month": "2007-03",
            "price": "48.61",
            "revenue": 582858
        },
        "2007-04": {
            "month": "2007-04",
            "price": "49.00",
            "revenue": 639757
        },
        "2007-05": {
            "month": "2007-05",
            "price": "48.39",
            "revenue": 645777
        },
        "2007-06": {
            "month": "2007-06",
            "price": "52.14",
            "revenue": 675859
        },
        "2007-07": {
            "month": "2007-07",
            "price": "61.71",
            "revenue": 698652
        },
        "2007-08": {
            "month": "2007-08",
            "price": "58.10",
            "revenue": 725088
        },
        "2007-09": {
            "month": "2007-09",
            "price": "57.66",
            "revenue": 820640
        },
        "2007-10": {
            "month": "2007-10",
            "price": "56.03",
            "revenue": 836598
        },
        "2007-11": {
            "month": "2007-11",
            "price": "46.84",
            "revenue": 752131
        },
        "2007-12": {
            "month": "2007-12",
            "price": "43.99",
            "revenue": 625385
        },
        "2008-01": {
            "month": "2008-01",
            "price": "39.33",
            "revenue": 652281
        },
        "2008-02": {
            "month": "2008-02",
            "price": "37.69",
            "revenue": 633588
        },
        "2008-03": {
            "month": "2008-03",
            "price": "40.90",
            "revenue": 750110
        },
        "2008-04": {
            "month": "2008-04",
            "price": "43.87",
            "revenue": 800452
        },
        "2008-05": {
            "month": "2008-05",
            "price": "45.29",
            "revenue": 803247
        },
        "2008-06": {
            "month": "2008-06",
            "price": "41.91",
            "revenue": 806834
        },
        "2008-07": {
            "month": "2008-07",
            "price": "39.81",
            "revenue": 900539
        },
        "2008-08": {
            "month": "2008-08",
            "price": "39.36",
            "revenue": 810088
        },
        "2008-09": {
            "month": "2008-09",
            "price": "32.59",
            "revenue": 810125
        },
        "2008-10": {
            "month": "2008-10",
            "price": "26.31",
            "revenue": 854231
        },
        "2008-11": {
            "month": "2008-11",
            "price": "23.20",
            "revenue": 587175
        },
        "2008-12": {
            "month": "2008-12",
            "price": "22.52",
            "revenue": 511043
        },
        "2009-01": {
            "month": "2009-01",
            "price": "22.53",
            "revenue": 392546
        },
        "2009-02": {
            "month": "2009-02",
            "price": "24.14",
            "revenue": 524665
        },
        "2009-03": {
            "month": "2009-03",
            "price": "28.88",
            "revenue": 573373
        },
        "2009-04": {
            "month": "2009-04",
            "price": "36.72",
            "revenue": 539243
        },
        "2009-05": {
            "month": "2009-05",
            "price": "39.65",
            "revenue": 559630
        },
        "2009-06": {
            "month": "2009-06",
            "price": "37.06",
            "revenue": 698869
        },
        "2009-07": {
            "month": "2009-07",
            "price": "43.83",
            "revenue": 658294
        },
        "2009-08": {
            "month": "2009-08",
            "price": "54.66",
            "revenue": 725998
        },
        "2009-09": {
            "month": "2009-09",
            "price": "63.70",
            "revenue": 755399
        },
        "2009-10": {
            "month": "2009-10",
            "price": "60.41",
            "revenue": 760043
        },
        "2009-11": {
            "month": "2009-11",
            "price": "57.52",
            "revenue": 717127
        },
        "2009-12": {
            "month": "2009-12",
            "price": "61.51",
            "revenue": 771369
        },
        "2010-01": {
            "month": "2010-01",
            "price": "60.78",
            "revenue": 802546
        },
        "2010-02": {
            "month": "2010-02",
            "price": "55.69",
            "revenue": 582678
        },
        "2010-03": {
            "month": "2010-03",
            "price": "58.30",
            "revenue": 865541
        },
        "2010-04": {
            "month": "2010-04",
            "price": "60.79",
            "revenue": 806840
        },
        "2010-05": {
            "month": "2010-05",
            "price": "56.95",
            "revenue": 701886
        },
        "2010-06": {
            "month": "2010-06",
            "price": "57.23",
            "revenue": 712400
        },
        "2010-07": {
            "month": "2010-07",
            "price": "55.05",
            "revenue": 720183
        },
        "2010-08": {
            "month": "2010-08",
            "price": "51.99",
            "revenue": 771142
        },
        "2010-09": {
            "month": "2010-09",
            "price": "50.18",
            "revenue": 797412
        },
        "2010-10": {
            "month": "2010-10",
            "price": "52.09",
            "revenue": 795654
        },
        "2010-11": {
            "month": "2010-11",
            "price": "49.73",
            "revenue": 834141
        },
        "2010-12": {
            "month": "2010-12",
            "price": "50.66",
            "revenue": 800120
        },
        "2011-01": {
            "month": "2011-01",
            "price": "48.69",
            "revenue": 761150
        },
        "2011-02": {
            "month": "2011-02",
            "price": "47.16",
            "revenue": 626200
        },
        "2011-03": {
            "month": "2011-03",
            "price": "44.41",
            "revenue": 872851
        },
        "2011-04": {
            "month": "2011-04",
            "price": "44.73",
            "revenue": 817012
        },
        "2011-05": {
            "month": "2011-05",
            "price": "43.01",
            "revenue": 805785
        },
        "2011-06": {
            "month": "2011-06",
            "price": "41.53",
            "revenue": 806337
        },
        "2011-07": {
            "month": "2011-07",
            "price": "39.54",
            "revenue": 831673
        },
        "2011-08": {
            "month": "2011-08",
            "price": "32.95",
            "revenue": 866683
        },
        "2011-09": {
            "month": "2011-09",
            "price": "34.41",
            "revenue": 874841
        },
        "2011-10": {
            "month": "2011-10",
            "price": "34.79",
            "revenue": 859395
        },
        "2011-11": {
            "month": "2011-11",
            "price": "36.06",
            "revenue": 835618
        },
        "2011-12": {
            "month": "2011-12",
            "price": "35.67",
            "revenue": 806949
        },
        "2012-01": {
            "month": "2012-01",
            "price": "35.79",
            "revenue": 702933
        },
        "2012-02": {
            "month": "2012-02",
            "price": "41.55",
            "revenue": 700522
        },
        "2012-03": {
            "month": "2012-03",
            "price": "46.46",
            "revenue": 755156
        },
        "2012-04": {
            "month": "2012-04",
            "price": "46.51",
            "revenue": 762763
        },
        "2012-05": {
            "month": "2012-05",
            "price": "45.22",
            "revenue": 751766
        },
        "2012-06": {
            "month": "2012-06",
            "price": "42.28",
            "revenue": 706595
        },
        "2012-07": {
            "month": "2012-07",
            "price": "41.65",
            "revenue": 714760
        },
        "2012-08": {
            "month": "2012-08",
            "price": "39.78",
            "revenue": 755620
        },
        "2012-09": {
            "month": "2012-09",
            "price": "40.94",
            "revenue": 832954
        },
        "2012-10": {
            "month": "2012-10",
            "price": "39.78",
            "revenue": 729640
        },
        "2012-11": {
            "month": "2012-11",
            "price": "38.95",
            "revenue": 643401
        },
        "2012-12": {
            "month": "2012-12",
            "price": "39.76",
            "revenue": 625990
        },
        "2013-01": {
            "month": "2013-01",
            "price": "41.82",
            "revenue": 757218
        },
        "2013-02": {
            "month": "2013-02",
            "price": "43.12",
            "revenue": 506056
        },
        "2013-03": {
            "month": "2013-03",
            "price": "43.45",
            "revenue": 733401
        },
        "2013-04": {
            "month": "2013-04",
            "price": "44.39",
            "revenue": 733320
        },
        "2013-05": {
            "month": "2013-05",
            "price": "44.68",
            "revenue": 661095
        },
        "2013-06": {
            "month": "2013-06",
            "price": "44.07",
            "revenue": 599876
        },
        "2013-07": {
            "month": "2013-07",
            "price": "44.26",
            "revenue": 637998
        },
        "2013-08": {
            "month": "2013-08",
            "price": "41.76",
            "revenue": 669128
        },
        "2013-09": {
            "month": "2013-09",
            "price": "42.40",
            "revenue": 690792
        },
        "2013-10": {
            "month": "2013-10",
            "price": "42.93",
            "revenue": 689125
        },
        "2013-11": {
            "month": "2013-11",
            "price": "41.27",
            "revenue": 643335
        },
        "2013-12": {
            "month": "2013-12",
            "price": "41.66",
            "revenue": 638775
        },
        "2014-01": {
            "month": "2014-01",
            "price": "42.83",
            "revenue": 640750
        },
        "2014-02": {
            "month": "2014-02",
            "price": "42.32",
            "revenue": 509958
        },
        "2014-03": {
            "month": "2014-03",
            "price": "44.09",
            "revenue": 641500
        },
        "2014-04": {
            "month": "2014-04",
            "price": "46.51",
            "revenue": 658498
        },
        "2014-05": {
            "month": "2014-05",
            "price": "45.32",
            "revenue": 661570
        },
        "2014-06": {
            "month": "2014-06",
            "price": "46.38",
            "revenue": 629237
        },
        "2014-07": {
            "month": "2014-07",
            "price": "45.92",
            "revenue": 660313
        },
        "2014-08": {
            "month": "2014-08",
            "price": "42.36",
            "revenue": 659344
        },
        "2014-09": {
            "month": "2014-09",
            "price": "42.74",
            "revenue": 627925
        },
        "2014-10": {
            "month": "2014-10",
            "price": "41.43",
            "revenue": 635007
        },
        "2014-11": {
            "month": "2014-11",
            "price": "41.20",
            "revenue": 668790
        },
        "2014-12": {
            "month": "2014-12",
            "price": "42.51",
            "revenue": 618093
        },
        "2015-01": {
            "month": "2015-01",
            "price": "43.00",
            "revenue": 648856
        },
        "2015-02": {
            "month": "2015-02",
            "price": "43.36",
            "revenue": 415099
        },
        "2015-03": {
            "month": "2015-03",
            "price": "45.20",
            "revenue": 568440
        },
        "2015-04": {
            "month": "2015-04",
            "price": "45.50",
            "revenue": 614682
        },
        "2015-05": {
            "month": "2015-05",
            "price": "42.95",
            "revenue": 552336
        },
        "2015-06": {
            "month": "2015-06",
            "price": "41.13",
            "revenue": 579891
        },
        "2015-07": {
            "month": "2015-07",
            "price": "38.53",
            "revenue": 644586
        },
        "2015-08": {
            "month": "2015-08",
            "price": "30.52",
            "revenue": 645773
        },
        "2015-09": {
            "month": "2015-09",
            "price": "31.19",
            "revenue": 619666
        },
        "2015-10": {
            "month": "2015-10",
            "price": "31.78",
            "revenue": 637208
        },
        "2015-11": {
            "month": "2015-11",
            "price": "33.10",
            "revenue": 582064
        },
        "2015-12": {
            "month": "2015-12",
            "price": "33.11",
            "revenue": 599153
        },
        "2016-01": {
            "month": "2016-01",
            "price": "33.05",
            "revenue": 608187
        },
        "2016-02": {
            "month": "2016-02",
            "price": "33.82",
            "revenue": 418230
        },
        "2016-03": {
            "month": "2016-03",
            "price": "37.04",
            "revenue": 570021
        },
        "2016-04": {
            "month": "2016-04",
            "price": "38.60",
            "revenue": 582765
        },
        "2016-05": {
            "month": "2016-05",
            "price": "37.43",
            "revenue": 556845
        },
        "2016-06": {
            "month": "2016-06",
            "price": "39.40",
            "revenue": 595817
        },
        "2016-07": {
            "month": "2016-07",
            "price": "40.69",
            "revenue": 614316
        },
        "2016-08": {
            "month": "2016-08",
            "price": "40.07",
            "revenue": 639828
        },
        "2016-09": {
            "month": "2016-09",
            "price": "42.31",
            "revenue": 621133
        },
        "2016-10": {
            "month": "2016-10",
            "price": "43.50",
            "revenue": 622502
        },
        "2016-11": {
            "month": "2016-11",
            "price": "44.06",
            "revenue": 588552
        },
        "2016-12": {
            "month": "2016-12",
            "price": "44.57",
            "revenue": 587322
        },
        "2017-01": {
            "month": "2017-01",
            "price": "44.36",
            "revenue": 570728
        },
        "2017-02": {
            "month": "2017-02",
            "price": "45.11",
            "revenue": 407519
        },
        "2017-03": {
            "month": "2017-03",
            "price": "46.86",
            "revenue": 620940
        },
        "2017-04": {
            "month": "2017-04",
            "price": "48.86",
            "revenue": 559402
        },
        "2017-05": {
            "month": "2017-05",
            "price": "48.40",
            "revenue": 552395
        },
        "2017-06": {
            "month": "2017-06",
            "price": "48.45",
            "revenue": 577090
        },
        "2017-07": {
            "month": "2017-07",
            "price": "44.72",
            "revenue": 591576
        },
        "2017-08": {
            "month": "2017-08",
            "price": "43.87",
            "revenue": 645648
        },
        "2017-09": {
            "month": "2017-09",
            "price": "44.03",
            "revenue": 603391
        },
        "2017-10": {
            "month": "2017-10",
            "price": "43.88",
            "revenue": 666492
        },
        "2017-11": {
            "month": "2017-11",
            "price": "43.55",
            "revenue": 616728
        },
        "2017-12": {
            "month": "2017-12",
            "price": "43.56",
            "revenue": 656025
        },
        "2018-01": {
            "month": "2018-01",
            "price": "45.03",
            "revenue": 622750
        },
        "2018-02": {
            "month": "2018-02",
            "price": "44.51",
            "revenue": 406879
        },
        "2018-03": {
            "month": "2018-03",
            "price": "45.64",
            "revenue": 570156
        },
        "2018-04": {
            "month": "2018-04",
            "price": "45.00",
            "revenue": 705436
        },
        "2018-05": {
            "month": "2018-05",
            "price": "44.85",
            "revenue": 618724
        },
        "2018-06": {
            "month": "2018-06",
            "price": "44.73",
            "revenue": 542547
        },
        "2018-07": {
            "month": "2018-07",
            "price": "43.45",
            "revenue": 641643
        },
        "2018-08": {
            "month": "2018-08",
            "price": "42.42",
            "revenue": 637836
        },
        "2018-09": {
            "month": "2018-09",
            "price": "42.64",
            "revenue": 527197
        },
        "2018-10": {
            "month": "2018-10",
            "price": "41.00",
            "revenue": 560439
        },
        "2018-11": {
            "month": "2018-11",
            "price": "39.96",
            "revenue": 645435
        },
        "2018-12": {
            "month": "2018-12",
            "price": "40.58",
            "revenue": 595825
        },
        "2019-01": {
            "month": "2019-01",
            "price": "40.09",
            "revenue": 599376
        },
        "2019-02": {
            "month": "2019-02",
            "price": "41.52",
            "revenue": 405533
        },
        "2019-03": {
            "month": "2019-03",
            "price": "41.92",
            "revenue": 569461
        },
        "2019-04": {
            "month": "2019-04",
            "price": "42.88",
            "revenue": 600050
        },
        "2019-05": {
            "month": "2019-05",
            "price": "42.99",
            "revenue": 580348
        },
        "2019-06": {
            "month": "2019-06",
            "price": "43.39",
            "revenue": 560398
        },
        "2019-07": {
            "month": "2019-07",
            "price": "42.28",
            "revenue": 572483
        },
        "2019-08": {
            "month": "2019-08",
            "price": "41.32",
            "revenue": 567247
        },
        "2019-09": {
            "month": "2019-09",
            "price": "41.63",
            "revenue": 500844
        },
        "2019-10": {
            "month": "2019-10",
            "price": "41.75",
            "revenue": 572773
        },
        "2019-11": {
            "month": "2019-11",
            "price": "42.73",
            "revenue": 515670
        },
        "2019-12": {
            "month": "2019-12",
            "price": "43.49",
            "revenue": 510197
        },
        "2020-01": {
            "month": "2020-01",
            "price": "43.77",
            "revenue": 459650
        },
        "2020-02": {
            "month": "2020-02",
            "price": "44.80",
            "revenue": 165927
        },
        "2020-03": {
            "month": "2020-03",
            "price": "41.05",
            "revenue": 446178
        },
        "2020-04": {
            "month": "2020-04",
            "price": "41.86",
            "revenue": 565936
        },
        "2020-05": {
            "month": "2020-05",
            "price": "43.52",
            "revenue": 528915
        },
        "2020-06": {
            "month": "2020-06",
            "price": "44.09",
            "revenue": 465943
        },
        "2020-07": {
            "month": "2020-07",
            "price": "42.88",
            "revenue": 590031
        },
        "2020-08": {
            "month": "2020-08",
            "price": "41.84",
            "revenue": 586869
        },
        "2020-09": {
            "month": "2020-09",
            "price": "41.20",
            "revenue": 622438
        },
        "2020-10": {
            "month": "2020-10",
            "price": "41.25",
            "revenue": 544143
        },
        "2020-11": {
            "month": "2020-11",
            "price": "41.33",
            "revenue": 569415
        },
        "2020-12": {
            "month": "2020-12",
            "price": "41.83",
            "revenue": 639276
        },
        "2021-01": {
            "month": "2021-01",
            "price": "41.94",
            "revenue": 627839
        },
        "2021-02": {
            "month": "2021-02",
            "price": "42.65",
            "revenue": 366408
        },
        "2021-03": {
            "month": "2021-03",
            "price": "43.86",
            "revenue": 697481
        },
        "2021-04": {
            "month": "2021-04",
            "price": "45.38",
            "revenue": 645127
        },
        "2021-05": {
            "month": "2021-05",
            "price": "43.55",
            "revenue": 607770
        },
        "2021-06": {
            "month": "2021-06",
            "price": "44.00",
            "revenue": 605730
        },
        "2021-07": {
            "month": "2021-07",
            "price": "44.91",
            "revenue": 664488
        },
        "2021-08": {
            "month": "2021-08",
            "price": "42.45",
            "revenue": 688365
        },
        "2021-09": {
            "month": "2021-09",
            "price": "41.84",
            "revenue": 728268
        },
        "2021-10": {
            "month": "2021-10",
            "price": "42.10",
            "revenue": 645128
        },
        "2021-11": {
            "month": "2021-11",
            "price": "42.64",
            "revenue": 751286
        },
        "2021-12": {
            "month": "2021-12",
            "price": "42.67",
            "revenue": 671315
        },
        "2022-01": {
            "month": "2022-01",
            "price": "42.65",
            "revenue": 667858
        },
        "2022-02": {
            "month": "2022-02",
            "price": "42.85",
            "revenue": 476032
        },
        "2022-03": {
            "month": "2022-03",
            "price": "42.97",
            "revenue": 729063
        },
        "2022-04": {
            "month": "2022-04",
            "price": "42.93",
            "revenue": 563080
        },
        "2022-05": {
            "month": "2022-05",
            "price": "42.68",
            "revenue": 668283
        },
        "2022-06": {
            "month": "2022-06",
            "price": "42.90",
            "revenue": 629246
        },
        "2022-07": {
            "month": "2022-07",
            "price": "41.26",
            "revenue": 617115
        },
        "2022-08": {
            "month": "2022-08",
            "price": "41.63",
            "revenue": 637913
        },
        "2022-09": {
            "month": "2022-09",
            "price": "41.85",
            "revenue": 600056
        },
        "2022-10": {
            "month": "2022-10",
            "price": "40.68",
            "revenue": 551543
        },
        "2022-11": {
            "month": "2022-11",
            "price": "41.49",
            "revenue": 616461
        },
        "2022-12": {
            "month": "2022-12",
            "price": "42.38",
            "revenue": 556406
        },
        "2023-01": {
            "month": "2023-01",
            "price": "42.57",
            "revenue": 403126
        },
        "2023-02": {
            "month": "2023-02",
            "price": "43.17",
            "revenue": 500029
        },
        "2023-03": {
            "month": "2023-03",
            "price": "44.62",
            "revenue": 610856
        },
        "2023-04": {
            "month": "2023-04",
            "price": "45.36",
            "revenue": 477977
        },
        "2023-05": {
            "month": "2023-05",
            "price": "45.71",
            "revenue": 568498
        },
        "2023-06": {
            "month": "2023-06",
            "price": "46.50",
            "revenue": 527545
        },
        "2023-07": {
            "month": "2023-07",
            "price": "45.44",
            "revenue": 574935
        },
        "2023-08": {
            "month": "2023-08",
            "price": "45.20",
            "revenue": 584631
        },
        "2023-09": {
            "month": "2023-09",
            "price": "44.97",
            "revenue": 603898
        },
        "2023-10": {
            "month": "2023-10",
            "price": "45.00",
            "revenue": 511397
        },
        "2023-11": {
            "month": "2023-11",
            "price": "45.47",
            "revenue": 520209
        },
        "2023-12": {
            "month": "2023-12",
            "price": "45.98",
            "revenue": 525035
        }
    }
}
