{
    "summary": {
        "stock_name": "彩晶",
        "stock_id": "6116",
        "category": "光電",
        "main_business": "平面顯示器製造及買賣<br>監視器製造及買賣<br>零組件製造及買賣",
        "website_url": "http://www.hannstar.com",
        "ceo": "焦佑麒",
        "pe_ratio": -9,
        "report_year_from": 2001,
        "report_year_to": 2023,
        "age": 22,
        "eps_negative_percentage": 48,
        "eps_growth_avg": {
            "last_all": -23.42,
            "last_2y": 33.33,
            "last_4y": -0.25,
            "last_8y": -15.66,
            "last_12y": -15.66,
            "last_16y": -25.03,
            "last_20y": -23.42,
            "at_2006_last_3y": -18.59,
            "at_2007_last_3y": 0,
            "at_2008_last_3y": -100,
            "at_2009_last_3y": -100,
            "at_2010_last_3y": -100,
            "at_2011_last_3y": -100,
            "at_2012_last_3y": null,
            "at_2013_last_3y": null,
            "at_2014_last_3y": -89.1,
            "at_2015_last_3y": -94.55,
            "at_2016_last_3y": -94.55,
            "at_2017_last_3y": -41.34,
            "at_2018_last_3y": -40.01,
            "at_2019_last_3y": -12.05,
            "at_2020_last_3y": 15.96,
            "at_2021_last_3y": 24.69,
            "at_2022_last_3y": 20.97,
            "at_2023_last_3y": 20.97,
            "at_2006_last_all": -18.59,
            "at_2007_last_all": -18.59,
            "at_2008_last_all": -38.94,
            "at_2009_last_all": -38.94,
            "at_2010_last_all": -38.94,
            "at_2011_last_all": -38.94,
            "at_2012_last_all": -38.94,
            "at_2013_last_all": -38.94,
            "at_2014_last_all": -48.97,
            "at_2015_last_all": -57.48,
            "at_2016_last_all": -57.48,
            "at_2017_last_all": -39.97,
            "at_2018_last_all": -45.61,
            "at_2019_last_all": -42.33,
            "at_2020_last_all": -28.1,
            "at_2021_last_all": -16.46,
            "at_2022_last_all": -23.42,
            "at_2023_last_all": -23.42
        },
        "latest_eps": -1.35,
        "latest_price": 11.95,
        "latest_roe": -8.23,
        "latest_gross_margin": -14.64,
        "latest_equity": 45038796,
        "latest_revenue": 3415758,
        "latest_gross_profit": -500113,
        "latest_net_income": -731657,
        "latest_debt_ratio": 16.64,
        "latest_current_ratio": 172.43,
        "latest_account_receivable_turnover_ratio": 2.31,
        "latest_inventory_turnover_ratio": 2.46,
        "latest_reinvestment_rate": 91.5,
        "latest_research_to_sale_ratio": 5.77
    },
    "eps_dividends": {
        "2001": {
            "cash": 0,
            "stock": 0,
            "eps": -3.09
        },
        "2002": {
            "cash": 0,
            "stock": 0,
            "eps": 0.52
        },
        "2003": {
            "cash": 0,
            "stock": 0,
            "eps": 0.23
        },
        "2004": {
            "cash": 0,
            "stock": 0,
            "eps": 0.56
        },
        "2005": {
            "cash": 0,
            "stock": 0.34,
            "eps": -1.76
        },
        "2006": {
            "cash": 0,
            "stock": 0,
            "eps": -0.81
        },
        "2007": {
            "cash": 0,
            "stock": 0,
            "eps": 2.89
        },
        "2008": {
            "cash": 0.75,
            "stock": 0.75,
            "eps": -1.2
        },
        "2009": {
            "cash": 0,
            "stock": 0,
            "eps": -2.58
        },
        "2010": {
            "cash": 0,
            "stock": 0,
            "eps": -1.45
        },
        "2011": {
            "cash": 0,
            "stock": 0,
            "eps": -1.27
        },
        "2012": {
            "cash": 0,
            "stock": 0,
            "eps": -0.31
        },
        "2013": {
            "cash": 0,
            "stock": 0,
            "eps": 2.11
        },
        "2014": {
            "cash": 0.15,
            "stock": 1.15,
            "eps": 0.23
        },
        "2015": {
            "cash": 0,
            "stock": 0,
            "eps": -0.68
        },
        "2016": {
            "cash": 0,
            "stock": 0,
            "eps": 1.26
        },
        "2017": {
            "cash": 0.5,
            "stock": 0,
            "eps": 2.08
        },
        "2018": {
            "cash": 0.5,
            "stock": 0,
            "eps": 0.31
        },
        "2019": {
            "cash": 0.3,
            "stock": 0,
            "eps": 0.26
        },
        "2020": {
            "cash": 0,
            "stock": 0,
            "eps": 1.26
        },
        "2021": {
            "cash": 0.5,
            "stock": 0,
            "eps": 2.75
        },
        "2022": {
            "cash": 1,
            "stock": 0,
            "eps": -0.88
        },
        "2023": {
            "cash": 0,
            "stock": 0,
            "eps": -0.61
        }
    },
    "dividends": {
        "2005-04-08": {
            "cash": 0,
            "stock": 0.34
        },
        "2008-04-24": {
            "cash": 0.75,
            "stock": 0.75
        },
        "2014-09-24": {
            "cash": 0.15,
            "stock": 1.15
        },
        "2017-09-12": {
            "cash": 0.5,
            "stock": 0
        },
        "2018-08-03": {
            "cash": 0.5,
            "stock": 0
        },
        "2019-08-28": {
            "cash": 0.3,
            "stock": 0
        },
        "2021-09-13": {
            "cash": 0.5,
            "stock": 0
        },
        "2022-07-13": {
            "cash": 1,
            "stock": 0
        }
    },
    "prices": {
        "200101": "無",
        "200102": "無",
        "200103": "無",
        "200104": "無",
        "200105": "無",
        "200106": "無",
        "200107": "無",
        "200108": "12.04",
        "200109": "7.78",
        "200110": "7.51",
        "200111": "11.21",
        "200112": "15.83",
        "200201": "23.75",
        "200202": "30.20",
        "200203": "28.72",
        "200204": "33.58",
        "200205": "30.15",
        "200206": "25.35",
        "200207": "23.23",
        "200208": "19.20",
        "200209": "13.80",
        "200210": "12.06",
        "200211": "12.89",
        "200212": "11.07",
        "200301": "11.10",
        "200302": "10.68",
        "200303": "10.27",
        "200304": "9.47",
        "200305": "7.68",
        "200306": "11.13",
        "200307": "14.41",
        "200308": "14.59",
        "200309": "14.52",
        "200310": "14.75",
        "200311": "14.37",
        "200312": "13.56",
        "200401": "13.72",
        "200402": "14.37",
        "200403": "17.11",
        "200404": "20.04",
        "200405": "17.88",
        "200406": "16.66",
        "200407": "15.17",
        "200408": "12.96",
        "200409": "11.89",
        "200410": "10.94",
        "200411": "9.85",
        "200412": "10.03",
        "200501": "10.35",
        "200502": "11.53",
        "200503": "10.28",
        "200504": "9.43",
        "200505": "9.37",
        "200506": "10.72",
        "200507": "10.51",
        "200508": "9.23",
        "200509": "7.77",
        "200510": "6.69",
        "200511": "7.00",
        "200512": "6.97",
        "200601": "7.17",
        "200602": "6.61",
        "200603": "5.74",
        "200604": "6.38",
        "200605": "5.94",
        "200606": "5.13",
        "200607": "4.82",
        "200608": "4.58",
        "200609": "4.93",
        "200610": "4.91",
        "200611": "5.22",
        "200612": "5.93",
        "200701": "5.92",
        "200702": "5.83",
        "200703": "5.15",
        "200704": "6.26",
        "200705": "6.88",
        "200706": "7.74",
        "200707": "9.33",
        "200708": "9.22",
        "200709": "9.05",
        "200710": "10.80",
        "200711": "14.79",
        "200712": "14.05",
        "200801": "12.78",
        "200802": "12.53",
        "200803": "13.23",
        "200804": "13.99",
        "200805": "13.96",
        "200806": "12.25",
        "200807": "9.73",
        "200808": "8.10",
        "200809": "7.23",
        "200810": "6.08",
        "200811": "4.41",
        "200812": "3.95",
        "200901": "4.20",
        "200902": "4.31",
        "200903": "4.71",
        "200904": "7.57",
        "200905": "8.31",
        "200906": "7.39",
        "200907": "7.70",
        "200908": "7.39",
        "200909": "7.14",
        "200910": "6.50",
        "200911": "6.45",
        "200912": "7.61",
        "201001": "7.91",
        "201002": "6.77",
        "201003": "6.81",
        "201004": "6.78",
        "201005": "5.89",
        "201006": "6.24",
        "201007": "6.27",
        "201008": "6.17",
        "201009": "6.15",
        "201010": "6.15",
        "201011": "5.69",
        "201012": "5.75",
        "201101": "5.76",
        "201102": "5.35",
        "201103": "5.22",
        "201104": "5.27",
        "201105": "5.01",
        "201106": "4.60",
        "201107": "3.92",
        "201108": "2.88",
        "201109": "2.28",
        "201110": "1.85",
        "201111": "1.73",
        "201112": "1.36",
        "201201": "1.86",
        "201202": "3.00",
        "201203": "3.24",
        "201204": "2.78",
        "201205": "2.71",
        "201206": "2.26",
        "201207": "2.04",
        "201208": "1.94",
        "201209": "1.93",
        "201210": "2.65",
        "201211": "無",
        "201212": "3.04",
        "201301": "3.31",
        "201302": "3.66",
        "201303": "4.45",
        "201304": "6.98",
        "201305": "10.92",
        "201306": "13.46",
        "201307": "12.90",
        "201308": "12.00",
        "201309": "12.19",
        "201310": "11.08",
        "201311": "10.10",
        "201312": "10.84",
        "201401": "10.66",
        "201402": "10.72",
        "201403": "11.35",
        "201404": "11.13",
        "201405": "11.03",
        "201406": "11.36",
        "201407": "11.99",
        "201408": "11.05",
        "201409": "9.50",
        "201410": "7.71",
        "201411": "7.49",
        "201412": "7.42",
        "201501": "7.88",
        "201502": "7.71",
        "201503": "7.46",
        "201504": "6.15",
        "201505": "6.56",
        "201506": "5.85",
        "201507": "4.49",
        "201508": "3.35",
        "201509": "4.50",
        "201510": "4.29",
        "201511": "3.93",
        "201512": "3.81",
        "201601": "3.94",
        "201602": "4.09",
        "201603": "4.22",
        "201604": "4.08",
        "201605": "3.50",
        "201606": "4.28",
        "201607": "5.47",
        "201608": "5.55",
        "201609": "6.64",
        "201610": "7.85",
        "201611": "8.51",
        "201612": "8.25",
        "201701": "8.17",
        "201702": "8.08",
        "201703": "8.26",
        "201704": "8.32",
        "201705": "7.89",
        "201706": "8.40",
        "201707": "8.92",
        "201708": "10.69",
        "201709": "12.51",
        "201710": "11.88",
        "201711": "11.00",
        "201712": "10.22",
        "201801": "10.39",
        "201802": "10.10",
        "201803": "10.12",
        "201804": "8.87",
        "201805": "8.75",
        "201806": "9.53",
        "201807": "8.72",
        "201808": "8.48",
        "201809": "7.74",
        "201810": "6.99",
        "201811": "7.18",
        "201812": "7.05",
        "201901": "7.00",
        "201902": "6.88",
        "201903": "6.96",
        "201904": "7.70",
        "201905": "7.05",
        "201906": "6.75",
        "201907": "6.80",
        "201908": "6.23",
        "201909": "6.80",
        "201910": "6.52",
        "201911": "6.56",
        "201912": "7.64",
        "202001": "7.95",
        "202002": "7.27",
        "202003": "5.85",
        "202004": "6.04",
        "202005": "6.07",
        "202006": "6.43",
        "202007": "6.78",
        "202008": "7.90",
        "202009": "8.77",
        "202010": "9.19",
        "202011": "9.50",
        "202012": "12.58",
        "202101": "12.23",
        "202102": "13.00",
        "202103": "13.20",
        "202104": "20.43",
        "202105": "20.64",
        "202106": "22.73",
        "202107": "20.87",
        "202108": "18.35",
        "202109": "15.50",
        "202110": "13.96",
        "202111": "15.25",
        "202112": "16.69",
        "202201": "16.82",
        "202202": "16.46",
        "202203": "15.98",
        "202204": "14.00",
        "202205": "12.57",
        "202206": "11.79",
        "202207": "10.03",
        "202208": "10.87",
        "202209": "11.70",
        "202210": "11.80",
        "202211": "11.62",
        "202212": "11.14",
        "202301": "11.48",
        "202302": "12.65",
        "202303": "13.07",
        "202304": "12.84",
        "202305": "12.17",
        "202306": "13.24",
        "202307": "13.55",
        "202308": "12.71",
        "202309": "12.09"
    },
    "quarters": {
        "20011": {
            "year_quarter": 20011,
            "year": 2001,
            "quarter": 1,
            "eps": -0.63,
            "eps_growth_year": null,
            "eps_4q": -0.45,
            "eps_4q_growth_year": null,
            "roe": -5.53,
            "roe_4q": -5.53,
            "gross_profit": -712590,
            "gross_margin": -36.85,
            "gross_margin_4q_avg": -36.85,
            "net_income": -1304219,
            "revenue": 1933807,
            "common_shares": 20800000,
            "book_valuer_per_share": 11.03,
            "book_valuer_per_share_4q_avg": 11.03,
            "equity": 22938488,
            "current_ratio": 224.03,
            "debt_ratio": 48.53,
            "inventory_turnover_ratio": 1.63,
            "account_receivable_turnover_ratio": null,
            "reinvestment_rate": null,
            "research_to_sale_ratio": null,
            "price_fair": 0,
            "eps_avg_yearly": 0,
            "eps_latest_yearly": 0,
            "eps_growth_yearly": 0
        },
        "20012": {
            "year_quarter": 20012,
            "year": 2001,
            "quarter": 2,
            "eps": -0.91,
            "eps_growth_year": -293.62,
            "eps_4q": -1.83,
            "eps_4q_growth_year": null,
            "roe": -8.62,
            "roe_4q": -14.149999999999999,
            "gross_profit": -1167736,
            "gross_margin": -33.62,
            "gross_margin_4q_avg": -35.24,
            "net_income": -1896427,
            "revenue": 3473692,
            "common_shares": 20800000,
            "book_valuer_per_share": 10.12,
            "book_valuer_per_share_4q_avg": 10.58,
            "equity": 21042061,
            "current_ratio": 144.24,
            "debt_ratio": 52.11,
            "inventory_turnover_ratio": 2.43,
            "account_receivable_turnover_ratio": null,
            "reinvestment_rate": null,
            "research_to_sale_ratio": null,
            "price_fair": 0,
            "eps_avg_yearly": 0,
            "eps_latest_yearly": 0,
            "eps_growth_yearly": 0
        },
        "20013": {
            "year_quarter": 20013,
            "year": 2001,
            "quarter": 3,
            "eps": -1.04,
            "eps_growth_year": null,
            "eps_4q": -2.69,
            "eps_4q_growth_year": null,
            "roe": -10.79,
            "roe_4q": -24.939999999999998,
            "gross_profit": -1490827,
            "gross_margin": -35.99,
            "gross_margin_4q_avg": -35.49,
            "net_income": -2153368,
            "revenue": 4141855,
            "common_shares": 20800000,
            "book_valuer_per_share": 9.08,
            "book_valuer_per_share_4q_avg": 10.08,
            "equity": 18888693,
            "current_ratio": 108,
            "debt_ratio": 54.69,
            "inventory_turnover_ratio": 2.98,
            "account_receivable_turnover_ratio": null,
            "reinvestment_rate": null,
            "research_to_sale_ratio": null,
            "price_fair": 0,
            "eps_avg_yearly": 0,
            "eps_latest_yearly": 0,
            "eps_growth_yearly": 0
        },
        "20014": {
            "year_quarter": 20014,
            "year": 2001,
            "quarter": 4,
            "eps": -0.51,
            "eps_growth_year": null,
            "eps_4q": -3.08,
            "eps_4q_growth_year": -10366.67,
            "roe": -5.73,
            "roe_4q": -30.67,
            "gross_profit": -662500,
            "gross_margin": -11.49,
            "gross_margin_4q_avg": -29.49,
            "net_income": -1052661,
            "revenue": 5766207,
            "common_shares": 20800000,
            "book_valuer_per_share": 8.58,
            "book_valuer_per_share_4q_avg": 9.7,
            "equity": 17836032,
            "current_ratio": 95.46,
            "debt_ratio": 58.33,
            "inventory_turnover_ratio": 3.72,
            "account_receivable_turnover_ratio": null,
            "reinvestment_rate": null,
            "research_to_sale_ratio": null,
            "price_fair": 0,
            "eps_avg_yearly": 0,
            "eps_latest_yearly": 0,
            "eps_growth_yearly": 0
        },
        "20021": {
            "year_quarter": 20021,
            "year": 2002,
            "quarter": 1,
            "eps": 0.41,
            "eps_growth_year": null,
            "eps_4q": -2.01,
            "eps_4q_growth_year": null,
            "roe": 3.96,
            "roe_4q": -21.18,
            "gross_profit": 1393206,
            "gross_margin": 16.72,
            "gross_margin_4q_avg": -16.1,
            "net_income": 865143,
            "revenue": 8333635,
            "common_shares": 25600000,
            "book_valuer_per_share": 10.12,
            "book_valuer_per_share_4q_avg": 9.48,
            "equity": 25901175,
            "current_ratio": 171.05,
            "debt_ratio": 49.35,
            "inventory_turnover_ratio": 3.03,
            "account_receivable_turnover_ratio": null,
            "reinvestment_rate": null,
            "research_to_sale_ratio": null,
            "price_fair": 0,
            "eps_avg_yearly": 0,
            "eps_latest_yearly": 0,
            "eps_growth_yearly": 0
        },
        "20022": {
            "year_quarter": 20022,
            "year": 2002,
            "quarter": 2,
            "eps": 1.07,
            "eps_growth_year": null,
            "eps_4q": 0.06,
            "eps_4q_growth_year": null,
            "roe": 9.18,
            "roe_4q": -3.379999999999999,
            "gross_profit": 2504543,
            "gross_margin": 25.72,
            "gross_margin_4q_avg": -1.26,
            "net_income": 2490944,
            "revenue": 9736961,
            "common_shares": 25600000,
            "book_valuer_per_share": 11.09,
            "book_valuer_per_share_4q_avg": 9.72,
            "equity": 28392119,
            "current_ratio": 185.3,
            "debt_ratio": 42.85,
            "inventory_turnover_ratio": 2.62,
            "account_receivable_turnover_ratio": null,
            "reinvestment_rate": null,
            "research_to_sale_ratio": null,
            "price_fair": 149.8,
            "eps_avg_yearly": 4.28,
            "eps_latest_yearly": 4.28,
            "eps_growth_yearly": 643.9
        },
        "20023": {
            "year_quarter": 20023,
            "year": 2002,
            "quarter": 3,
            "eps": -0.08,
            "eps_growth_year": null,
            "eps_4q": 0.82,
            "eps_4q_growth_year": null,
            "roe": -0.71,
            "roe_4q": 6.699999999999999,
            "gross_profit": 548399,
            "gross_margin": 8.07,
            "gross_margin_4q_avg": 9.76,
            "net_income": -200694,
            "revenue": 6796418,
            "common_shares": 25600000,
            "book_valuer_per_share": 11.01,
            "book_valuer_per_share_4q_avg": 10.2,
            "equity": 28191066,
            "current_ratio": 165.32,
            "debt_ratio": 43.55,
            "inventory_turnover_ratio": 2.21,
            "account_receivable_turnover_ratio": null,
            "reinvestment_rate": null,
            "research_to_sale_ratio": null,
            "price_fair": 149.8,
            "eps_avg_yearly": 4.28,
            "eps_latest_yearly": 4.28,
            "eps_growth_yearly": 643.9
        },
        "20024": {
            "year_quarter": 20024,
            "year": 2002,
            "quarter": 4,
            "eps": -0.88,
            "eps_growth_year": null,
            "eps_4q": 0.34,
            "eps_4q_growth_year": null,
            "roe": -7.39,
            "roe_4q": 5.04,
            "gross_profit": -845602,
            "gross_margin": -15.52,
            "gross_margin_4q_avg": 8.75,
            "net_income": -2269732,
            "revenue": 5450186,
            "common_shares": 32000000,
            "book_valuer_per_share": 10.39,
            "book_valuer_per_share_4q_avg": 10.65,
            "equity": 33262018,
            "current_ratio": 179.25,
            "debt_ratio": 40.72,
            "inventory_turnover_ratio": 2.1,
            "account_receivable_turnover_ratio": null,
            "reinvestment_rate": null,
            "research_to_sale_ratio": null,
            "price_fair": 149.8,
            "eps_avg_yearly": 4.28,
            "eps_latest_yearly": 4.28,
            "eps_growth_yearly": 643.9
        },
        "20031": {
            "year_quarter": 20031,
            "year": 2003,
            "quarter": 1,
            "eps": -0.31,
            "eps_growth_year": -175.61,
            "eps_4q": -0.3,
            "eps_4q_growth_year": null,
            "roe": -3.05,
            "roe_4q": -1.9699999999999989,
            "gross_profit": -198005,
            "gross_margin": -2.82,
            "gross_margin_4q_avg": 3.86,
            "net_income": -998287,
            "revenue": 7023086,
            "common_shares": 32000000,
            "book_valuer_per_share": 10.08,
            "book_valuer_per_share_4q_avg": 10.64,
            "equity": 32263030,
            "current_ratio": 152.31,
            "debt_ratio": 45.78,
            "inventory_turnover_ratio": 2.21,
            "account_receivable_turnover_ratio": null,
            "reinvestment_rate": null,
            "research_to_sale_ratio": null,
            "price_fair": 149.8,
            "eps_avg_yearly": 4.28,
            "eps_latest_yearly": 4.28,
            "eps_growth_yearly": 643.9
        },
        "20032": {
            "year_quarter": 20032,
            "year": 2003,
            "quarter": 2,
            "eps": 0.01,
            "eps_growth_year": -99.07,
            "eps_4q": -1.07,
            "eps_4q_growth_year": -1765.98,
            "roe": 0.1,
            "roe_4q": -11.05,
            "gross_profit": 1073456,
            "gross_margin": 12.91,
            "gross_margin_4q_avg": 0.66,
            "net_income": 32369,
            "revenue": 8312563,
            "common_shares": 32000000,
            "book_valuer_per_share": 10.09,
            "book_valuer_per_share_4q_avg": 10.39,
            "equity": 32298906,
            "current_ratio": 144.98,
            "debt_ratio": 44.53,
            "inventory_turnover_ratio": 2.33,
            "account_receivable_turnover_ratio": null,
            "reinvestment_rate": null,
            "research_to_sale_ratio": null,
            "price_fair": 149.8,
            "eps_avg_yearly": 4.28,
            "eps_latest_yearly": 4.28,
            "eps_growth_yearly": 643.9
        },
        "20033": {
            "year_quarter": 20033,
            "year": 2003,
            "quarter": 3,
            "eps": 0.13,
            "eps_growth_year": null,
            "eps_4q": -0.87,
            "eps_4q_growth_year": -205.31,
            "roe": 1.14,
            "roe_4q": -9.2,
            "gross_profit": 1419724,
            "gross_margin": 16.95,
            "gross_margin_4q_avg": 2.88,
            "net_income": 422741,
            "revenue": 8374432,
            "common_shares": 37469000,
            "book_valuer_per_share": 11.18,
            "book_valuer_per_share_4q_avg": 10.44,
            "equity": 41874898,
            "current_ratio": 145.79,
            "debt_ratio": 41.67,
            "inventory_turnover_ratio": 2.71,
            "account_receivable_turnover_ratio": null,
            "reinvestment_rate": null,
            "research_to_sale_ratio": null,
            "price_fair": 84,
            "eps_avg_yearly": 2.4,
            "eps_latest_yearly": 0.52,
            "eps_growth_yearly": 2721.95
        },
        "20034": {
            "year_quarter": 20034,
            "year": 2003,
            "quarter": 4,
            "eps": 0.4,
            "eps_growth_year": null,
            "eps_4q": 0.24,
            "eps_4q_growth_year": -28.15,
            "roe": 3.26,
            "roe_4q": 1.4499999999999993,
            "gross_profit": 2252323,
            "gross_margin": 24.37,
            "gross_margin_4q_avg": 12.85,
            "net_income": 1395263,
            "revenue": 9241515,
            "common_shares": 39623502,
            "book_valuer_per_share": 11.06,
            "book_valuer_per_share_4q_avg": 10.6,
            "equity": 43816810,
            "current_ratio": 187.23,
            "debt_ratio": 48.96,
            "inventory_turnover_ratio": 3.01,
            "account_receivable_turnover_ratio": null,
            "reinvestment_rate": null,
            "research_to_sale_ratio": null,
            "price_fair": 74.67,
            "eps_avg_yearly": 2.13,
            "eps_latest_yearly": 1.6,
            "eps_growth_yearly": 2091.56
        },
        "20041": {
            "year_quarter": 20041,
            "year": 2004,
            "quarter": 1,
            "eps": 0.38,
            "eps_growth_year": null,
            "eps_4q": 0.79,
            "eps_4q_growth_year": null,
            "roe": 3.37,
            "roe_4q": 7.869999999999999,
            "gross_profit": 2592906,
            "gross_margin": 26.8,
            "gross_margin_4q_avg": 20.26,
            "net_income": 1701925,
            "revenue": 9673470,
            "common_shares": 48112855,
            "book_valuer_per_share": 11.89,
            "book_valuer_per_share_4q_avg": 11.06,
            "equity": 57222070,
            "current_ratio": 208.75,
            "debt_ratio": 41.64,
            "inventory_turnover_ratio": 2.71,
            "account_receivable_turnover_ratio": null,
            "reinvestment_rate": null,
            "research_to_sale_ratio": null,
            "price_fair": 69.3,
            "eps_avg_yearly": 1.98,
            "eps_latest_yearly": 1.52,
            "eps_growth_yearly": 1563.67
        },
        "20042": {
            "year_quarter": 20042,
            "year": 2004,
            "quarter": 2,
            "eps": 0.61,
            "eps_growth_year": 6000,
            "eps_4q": 1.35,
            "eps_4q_growth_year": null,
            "roe": 4.9,
            "roe_4q": 12.67,
            "gross_profit": 3576824,
            "gross_margin": 27.54,
            "gross_margin_4q_avg": 23.92,
            "net_income": 2888219,
            "revenue": 12988910,
            "common_shares": 49812875,
            "book_valuer_per_share": 12.2,
            "book_valuer_per_share_4q_avg": 11.58,
            "equity": 60746889,
            "current_ratio": 180,
            "debt_ratio": 41.54,
            "inventory_turnover_ratio": 2.81,
            "account_receivable_turnover_ratio": null,
            "reinvestment_rate": null,
            "research_to_sale_ratio": null,
            "price_fair": 72.52,
            "eps_avg_yearly": 2.07,
            "eps_latest_yearly": 2.44,
            "eps_growth_yearly": 1299.36
        },
        "20043": {
            "year_quarter": 20043,
            "year": 2004,
            "quarter": 3,
            "eps": -0.07,
            "eps_growth_year": -153.85,
            "eps_4q": 1.12,
            "eps_4q_growth_year": null,
            "roe": -0.53,
            "roe_4q": 11,
            "gross_profit": 639779,
            "gross_margin": 7.99,
            "gross_margin_4q_avg": 21.68,
            "net_income": -319257,
            "revenue": 8005625,
            "common_shares": 50368907,
            "book_valuer_per_share": 12,
            "book_valuer_per_share_4q_avg": 11.79,
            "equity": 60431577,
            "current_ratio": 150.09,
            "debt_ratio": 42.79,
            "inventory_turnover_ratio": 1.8,
            "account_receivable_turnover_ratio": null,
            "reinvestment_rate": null,
            "research_to_sale_ratio": null,
            "price_fair": 72.52,
            "eps_avg_yearly": 2.07,
            "eps_latest_yearly": 2.44,
            "eps_growth_yearly": 1299.36
        },
        "20044": {
            "year_quarter": 20044,
            "year": 2004,
            "quarter": 4,
            "eps": -0.36,
            "eps_growth_year": -190,
            "eps_4q": 0.51,
            "eps_4q_growth_year": 108.78,
            "roe": -2.97,
            "roe_4q": 4.7700000000000005,
            "gross_profit": -808969,
            "gross_margin": -10,
            "gross_margin_4q_avg": 13.08,
            "net_income": -1770391,
            "revenue": 8089855,
            "common_shares": 50369089,
            "book_valuer_per_share": 11.64,
            "book_valuer_per_share_4q_avg": 11.93,
            "equity": 58644246,
            "current_ratio": 100.64,
            "debt_ratio": 49.11,
            "inventory_turnover_ratio": 2.29,
            "account_receivable_turnover_ratio": null,
            "reinvestment_rate": null,
            "research_to_sale_ratio": null,
            "price_fair": 72.52,
            "eps_avg_yearly": 2.07,
            "eps_latest_yearly": 2.44,
            "eps_growth_yearly": 1299.36
        },
        "20051": {
            "year_quarter": 20051,
            "year": 2005,
            "quarter": 1,
            "eps": -0.85,
            "eps_growth_year": -323.68,
            "eps_4q": -0.7,
            "eps_4q_growth_year": -188.14,
            "roe": -7.45,
            "roe_4q": -6.049999999999999,
            "gross_profit": -3424341,
            "gross_margin": -30.19,
            "gross_margin_4q_avg": -1.17,
            "net_income": -4497914,
            "revenue": 11342051,
            "common_shares": 58049089,
            "book_valuer_per_share": 10.7,
            "book_valuer_per_share_4q_avg": 11.64,
            "equity": 62087303,
            "current_ratio": 96.12,
            "debt_ratio": 48.13,
            "inventory_turnover_ratio": 3.32,
            "account_receivable_turnover_ratio": null,
            "reinvestment_rate": null,
            "research_to_sale_ratio": null,
            "price_fair": 72.52,
            "eps_avg_yearly": 2.07,
            "eps_latest_yearly": 2.44,
            "eps_growth_yearly": 1299.36
        },
        "20052": {
            "year_quarter": 20052,
            "year": 2005,
            "quarter": 2,
            "eps": -0.52,
            "eps_growth_year": -185.25,
            "eps_4q": -1.64,
            "eps_4q_growth_year": -220.88,
            "roe": -4.79,
            "roe_4q": -15.74,
            "gross_profit": -2213909,
            "gross_margin": -13.86,
            "gross_margin_4q_avg": -11.52,
            "net_income": -2909954,
            "revenue": 15978817,
            "common_shares": 58054935,
            "book_valuer_per_share": 10.24,
            "book_valuer_per_share_4q_avg": 11.15,
            "equity": 59422126,
            "current_ratio": 90.64,
            "debt_ratio": 50.81,
            "inventory_turnover_ratio": 2.85,
            "account_receivable_turnover_ratio": null,
            "reinvestment_rate": null,
            "research_to_sale_ratio": null,
            "price_fair": 72.52,
            "eps_avg_yearly": 2.07,
            "eps_latest_yearly": 2.44,
            "eps_growth_yearly": 1299.36
        },
        "20053": {
            "year_quarter": 20053,
            "year": 2005,
            "quarter": 3,
            "eps": -0.17,
            "eps_growth_year": null,
            "eps_4q": -1.67,
            "eps_4q_growth_year": -248.67,
            "roe": -1.61,
            "roe_4q": -16.82,
            "gross_profit": 254548,
            "gross_margin": 1.51,
            "gross_margin_4q_avg": -13.14,
            "net_income": -943572,
            "revenue": 16875425,
            "common_shares": 60523349,
            "book_valuer_per_share": 9.61,
            "book_valuer_per_share_4q_avg": 10.55,
            "equity": 58147338,
            "current_ratio": 80.02,
            "debt_ratio": 51.37,
            "inventory_turnover_ratio": 2.45,
            "account_receivable_turnover_ratio": null,
            "reinvestment_rate": null,
            "research_to_sale_ratio": null,
            "price_fair": 72.52,
            "eps_avg_yearly": 2.07,
            "eps_latest_yearly": 2.44,
            "eps_growth_yearly": 1299.36
        },
        "20054": {
            "year_quarter": 20054,
            "year": 2005,
            "quarter": 4,
            "eps": -0.22,
            "eps_growth_year": null,
            "eps_4q": -1.68,
            "eps_4q_growth_year": -428.63,
            "roe": -2.22,
            "roe_4q": -16.07,
            "gross_profit": 1328569,
            "gross_margin": 7.31,
            "gross_margin_4q_avg": -8.81,
            "net_income": -1290822,
            "revenue": 18174134,
            "common_shares": 60526749,
            "book_valuer_per_share": 9.55,
            "book_valuer_per_share_4q_avg": 10.03,
            "equity": 58235747,
            "current_ratio": 74.61,
            "debt_ratio": 49.21,
            "inventory_turnover_ratio": 2.73,
            "account_receivable_turnover_ratio": null,
            "reinvestment_rate": null,
            "research_to_sale_ratio": null,
            "price_fair": 72.52,
            "eps_avg_yearly": 2.07,
            "eps_latest_yearly": 2.44,
            "eps_growth_yearly": 1299.36
        },
        "20061": {
            "year_quarter": 20061,
            "year": 2006,
            "quarter": 1,
            "eps": -0.02,
            "eps_growth_year": null,
            "eps_4q": -0.84,
            "eps_4q_growth_year": null,
            "roe": -0.22,
            "roe_4q": -8.84,
            "gross_profit": 1336711,
            "gross_margin": 8.17,
            "gross_margin_4q_avg": 0.78,
            "net_income": -125288,
            "revenue": 16369069,
            "common_shares": 60526749,
            "book_valuer_per_share": 9.5,
            "book_valuer_per_share_4q_avg": 9.73,
            "equity": 57481463,
            "current_ratio": 78,
            "debt_ratio": 48.9,
            "inventory_turnover_ratio": 2.04,
            "account_receivable_turnover_ratio": null,
            "reinvestment_rate": null,
            "research_to_sale_ratio": null,
            "price_fair": 72.52,
            "eps_avg_yearly": 2.07,
            "eps_latest_yearly": 2.44,
            "eps_growth_yearly": 1299.36
        },
        "20062": {
            "year_quarter": 20062,
            "year": 2006,
            "quarter": 2,
            "eps": -0.45,
            "eps_growth_year": null,
            "eps_4q": -0.84,
            "eps_4q_growth_year": null,
            "roe": -4.82,
            "roe_4q": -8.87,
            "gross_profit": -988944,
            "gross_margin": -7.46,
            "gross_margin_4q_avg": 2.38,
            "net_income": -2702688,
            "revenue": 13256728,
            "common_shares": 60526749,
            "book_valuer_per_share": 9.04,
            "book_valuer_per_share_4q_avg": 9.43,
            "equity": 54693178,
            "current_ratio": 79.9,
            "debt_ratio": 50.52,
            "inventory_turnover_ratio": 1.7,
            "account_receivable_turnover_ratio": null,
            "reinvestment_rate": null,
            "research_to_sale_ratio": null,
            "price_fair": 53.2,
            "eps_avg_yearly": 1.52,
            "eps_latest_yearly": 2.44,
            "eps_growth_yearly": 1463.22
        },
        "20063": {
            "year_quarter": 20063,
            "year": 2006,
            "quarter": 3,
            "eps": -0.5,
            "eps_growth_year": null,
            "eps_4q": -1.18,
            "eps_4q_growth_year": null,
            "roe": -5.71,
            "roe_4q": -12.970000000000002,
            "gross_profit": -1710507,
            "gross_margin": -10.88,
            "gross_margin_4q_avg": -0.72,
            "net_income": -3037637,
            "revenue": 15717459,
            "common_shares": 60526749,
            "book_valuer_per_share": 8.53,
            "book_valuer_per_share_4q_avg": 9.16,
            "equity": 51628009,
            "current_ratio": 82.02,
            "debt_ratio": 49.12,
            "inventory_turnover_ratio": 2.45,
            "account_receivable_turnover_ratio": null,
            "reinvestment_rate": null,
            "research_to_sale_ratio": null,
            "price_fair": 53.2,
            "eps_avg_yearly": 1.52,
            "eps_latest_yearly": 2.44,
            "eps_growth_yearly": 1463.22
        },
        "20064": {
            "year_quarter": 20064,
            "year": 2006,
            "quarter": 4,
            "eps": 0.16,
            "eps_growth_year": null,
            "eps_4q": -0.78,
            "eps_4q_growth_year": null,
            "roe": 1.89,
            "roe_4q": -8.860000000000001,
            "gross_profit": 504998,
            "gross_margin": 2.59,
            "gross_margin_4q_avg": -1.9,
            "net_income": 998300,
            "revenue": 19472826,
            "common_shares": 60526749,
            "book_valuer_per_share": 8.8,
            "book_valuer_per_share_4q_avg": 8.97,
            "equity": 53798919,
            "current_ratio": 87.68,
            "debt_ratio": 44.77,
            "inventory_turnover_ratio": 3.06,
            "account_receivable_turnover_ratio": null,
            "reinvestment_rate": null,
            "research_to_sale_ratio": null,
            "price_fair": 53.2,
            "eps_avg_yearly": 1.52,
            "eps_latest_yearly": 2.44,
            "eps_growth_yearly": 1463.22
        },
        "20071": {
            "year_quarter": 20071,
            "year": 2007,
            "quarter": 1,
            "eps": -0.39,
            "eps_growth_year": null,
            "eps_4q": -1.18,
            "eps_4q_growth_year": null,
            "roe": -4.47,
            "roe_4q": -13.11,
            "gross_profit": -653533,
            "gross_margin": -4.08,
            "gross_margin_4q_avg": -4.96,
            "net_income": -2341141,
            "revenue": 16026082,
            "common_shares": 60526749,
            "book_valuer_per_share": 8.42,
            "book_valuer_per_share_4q_avg": 8.7,
            "equity": 50975695,
            "current_ratio": 88.07,
            "debt_ratio": 44.97,
            "inventory_turnover_ratio": 2.6,
            "account_receivable_turnover_ratio": null,
            "reinvestment_rate": null,
            "research_to_sale_ratio": null,
            "price_fair": 53.2,
            "eps_avg_yearly": 1.52,
            "eps_latest_yearly": 2.44,
            "eps_growth_yearly": 1463.22
        },
        "20072": {
            "year_quarter": 20072,
            "year": 2007,
            "quarter": 2,
            "eps": 0.24,
            "eps_growth_year": null,
            "eps_4q": -0.49,
            "eps_4q_growth_year": null,
            "roe": 2.78,
            "roe_4q": -5.51,
            "gross_profit": 2548022,
            "gross_margin": 12.04,
            "gross_margin_4q_avg": -0.08,
            "net_income": 1441659,
            "revenue": 21154434,
            "common_shares": 60526749,
            "book_valuer_per_share": 8.7,
            "book_valuer_per_share_4q_avg": 8.61,
            "equity": 52664586,
            "current_ratio": 92.79,
            "debt_ratio": 43.58,
            "inventory_turnover_ratio": 3.17,
            "account_receivable_turnover_ratio": null,
            "reinvestment_rate": null,
            "research_to_sale_ratio": null,
            "price_fair": 53.2,
            "eps_avg_yearly": 1.52,
            "eps_latest_yearly": 2.44,
            "eps_growth_yearly": 1463.22
        },
        "20073": {
            "year_quarter": 20073,
            "year": 2007,
            "quarter": 3,
            "eps": 1.22,
            "eps_growth_year": null,
            "eps_4q": 1.24,
            "eps_4q_growth_year": null,
            "roe": 11,
            "roe_4q": 11.2,
            "gross_profit": 6689718,
            "gross_margin": 34.19,
            "gross_margin_4q_avg": 11.19,
            "net_income": 6137546,
            "revenue": 19565969,
            "common_shares": 50116379,
            "book_valuer_per_share": 11.75,
            "book_valuer_per_share_4q_avg": 9.42,
            "equity": 58886590,
            "current_ratio": 129.67,
            "debt_ratio": 40.28,
            "inventory_turnover_ratio": 2.73,
            "account_receivable_turnover_ratio": null,
            "reinvestment_rate": null,
            "research_to_sale_ratio": null,
            "price_fair": 91.35,
            "eps_avg_yearly": 2.61,
            "eps_latest_yearly": 4.88,
            "eps_growth_yearly": 671.55
        },
        "20074": {
            "year_quarter": 20074,
            "year": 2007,
            "quarter": 4,
            "eps": 1.82,
            "eps_growth_year": 1037.5,
            "eps_4q": 2.86,
            "eps_4q_growth_year": null,
            "roe": 14.27,
            "roe_4q": 23.580000000000002,
            "gross_profit": 5295786,
            "gross_margin": 25.04,
            "gross_margin_4q_avg": 16.8,
            "net_income": 9141427,
            "revenue": 21148490,
            "common_shares": 50117999,
            "book_valuer_per_share": 13.69,
            "book_valuer_per_share_4q_avg": 10.64,
            "equity": 69198225,
            "current_ratio": 158.83,
            "debt_ratio": 34.47,
            "inventory_turnover_ratio": 3.93,
            "account_receivable_turnover_ratio": null,
            "reinvestment_rate": 428.47,
            "research_to_sale_ratio": null,
            "price_fair": 141.05,
            "eps_avg_yearly": 4.03,
            "eps_latest_yearly": 7.28,
            "eps_growth_yearly": 513.04
        },
        "20081": {
            "year_quarter": 20081,
            "year": 2008,
            "quarter": 1,
            "eps": 0.46,
            "eps_growth_year": null,
            "eps_4q": 3.71,
            "eps_4q_growth_year": null,
            "roe": 3.36,
            "roe_4q": 31.41,
            "gross_profit": 4095762,
            "gross_margin": 21.16,
            "gross_margin_4q_avg": 23.11,
            "net_income": 2363298,
            "revenue": 19353824,
            "common_shares": 50861393,
            "book_valuer_per_share": 13.96,
            "book_valuer_per_share_4q_avg": 12.03,
            "equity": 71607738,
            "current_ratio": 194.12,
            "debt_ratio": 33.41,
            "inventory_turnover_ratio": 4.06,
            "account_receivable_turnover_ratio": null,
            "reinvestment_rate": 15.34,
            "research_to_sale_ratio": null,
            "price_fair": 143.85,
            "eps_avg_yearly": 4.11,
            "eps_latest_yearly": 1.84,
            "eps_growth_yearly": 443.31
        },
        "20082": {
            "year_quarter": 20082,
            "year": 2008,
            "quarter": 2,
            "eps": 0.43,
            "eps_growth_year": 79.17,
            "eps_4q": 3.61,
            "eps_4q_growth_year": null,
            "roe": 3.37,
            "roe_4q": 32,
            "gross_profit": 4443958,
            "gross_margin": 21.77,
            "gross_margin_4q_avg": 25.54,
            "net_income": 2377951,
            "revenue": 20411295,
            "common_shares": 50920833,
            "book_valuer_per_share": 13.55,
            "book_valuer_per_share_4q_avg": 13.24,
            "equity": 69620893,
            "current_ratio": 174.75,
            "debt_ratio": 36.25,
            "inventory_turnover_ratio": 4.33,
            "account_receivable_turnover_ratio": null,
            "reinvestment_rate": -324.9,
            "research_to_sale_ratio": null,
            "price_fair": 137.55,
            "eps_avg_yearly": 3.93,
            "eps_latest_yearly": 1.72,
            "eps_growth_yearly": 376.27
        },
        "20083": {
            "year_quarter": 20083,
            "year": 2008,
            "quarter": 3,
            "eps": -0.58,
            "eps_growth_year": -147.54,
            "eps_4q": 1.93,
            "eps_4q_growth_year": 55.53,
            "roe": -4.77,
            "roe_4q": 16.23,
            "gross_profit": -440221,
            "gross_margin": -2.91,
            "gross_margin_4q_avg": 16.27,
            "net_income": -3222715,
            "revenue": 15134943,
            "common_shares": 55201746,
            "book_valuer_per_share": 11.68,
            "book_valuer_per_share_4q_avg": 13.22,
            "equity": 65430680,
            "current_ratio": 150.68,
            "debt_ratio": 34.78,
            "inventory_turnover_ratio": 3.66,
            "account_receivable_turnover_ratio": null,
            "reinvestment_rate": null,
            "research_to_sale_ratio": null,
            "price_fair": 137.55,
            "eps_avg_yearly": 3.93,
            "eps_latest_yearly": 1.72,
            "eps_growth_yearly": 376.27
        },
        "20084": {
            "year_quarter": 20084,
            "year": 2008,
            "quarter": 4,
            "eps": -1.51,
            "eps_growth_year": -182.97,
            "eps_4q": -1.22,
            "eps_4q_growth_year": -142.78,
            "roe": -13.56,
            "roe_4q": -11.599999999999998,
            "gross_profit": -6557838,
            "gross_margin": -117.77,
            "gross_margin_4q_avg": -19.44,
            "net_income": -8268484,
            "revenue": 5568169,
            "common_shares": 52243596,
            "book_valuer_per_share": 10.64,
            "book_valuer_per_share_4q_avg": 12.46,
            "equity": 56482298,
            "current_ratio": 134.43,
            "debt_ratio": 32.2,
            "inventory_turnover_ratio": 2.55,
            "account_receivable_turnover_ratio": 1.38,
            "reinvestment_rate": null,
            "research_to_sale_ratio": null,
            "price_fair": 137.55,
            "eps_avg_yearly": 3.93,
            "eps_latest_yearly": 1.72,
            "eps_growth_yearly": 376.27
        },
        "20091": {
            "year_quarter": 20091,
            "year": 2009,
            "quarter": 1,
            "eps": -0.94,
            "eps_growth_year": -304.35,
            "eps_4q": -2.68,
            "eps_4q_growth_year": -172.14,
            "roe": -9.25,
            "roe_4q": -24.21,
            "gross_profit": -3722275,
            "gross_margin": -65.5,
            "gross_margin_4q_avg": -41.1,
            "net_income": -4997005,
            "revenue": 5682504,
            "common_shares": 52243596,
            "book_valuer_per_share": 9.71,
            "book_valuer_per_share_4q_avg": 11.4,
            "equity": 51562395,
            "current_ratio": 140.35,
            "debt_ratio": 32.63,
            "inventory_turnover_ratio": 2.11,
            "account_receivable_turnover_ratio": 0.8,
            "reinvestment_rate": null,
            "research_to_sale_ratio": null,
            "price_fair": 137.55,
            "eps_avg_yearly": 3.93,
            "eps_latest_yearly": 1.72,
            "eps_growth_yearly": 376.27
        },
        "20092": {
            "year_quarter": 20092,
            "year": 2009,
            "quarter": 2,
            "eps": -0.52,
            "eps_growth_year": -220.93,
            "eps_4q": -3.65,
            "eps_4q_growth_year": -200.88,
            "roe": -5.04,
            "roe_4q": -32.620000000000005,
            "gross_profit": -1206286,
            "gross_margin": -9.06,
            "gross_margin_4q_avg": -48.81,
            "net_income": -2670159,
            "revenue": 13319671,
            "common_shares": 52243596,
            "book_valuer_per_share": 9.19,
            "book_valuer_per_share_4q_avg": 10.31,
            "equity": 54331004,
            "current_ratio": 128.28,
            "debt_ratio": 37.98,
            "inventory_turnover_ratio": 2.69,
            "account_receivable_turnover_ratio": 1.69,
            "reinvestment_rate": null,
            "research_to_sale_ratio": null,
            "price_fair": 137.55,
            "eps_avg_yearly": 3.93,
            "eps_latest_yearly": 1.72,
            "eps_growth_yearly": 376.27
        },
        "20093": {
            "year_quarter": 20093,
            "year": 2009,
            "quarter": 3,
            "eps": 0.09,
            "eps_growth_year": null,
            "eps_4q": -4.91,
            "eps_4q_growth_year": -354.53,
            "roe": 0.52,
            "roe_4q": -27.33,
            "gross_profit": 1623852,
            "gross_margin": 9.26,
            "gross_margin_4q_avg": -45.77,
            "net_income": 281502,
            "revenue": 17541322,
            "common_shares": 52243596,
            "book_valuer_per_share": 9.28,
            "book_valuer_per_share_4q_avg": 9.71,
            "equity": 54243797,
            "current_ratio": 133.56,
            "debt_ratio": 38.4,
            "inventory_turnover_ratio": 2.45,
            "account_receivable_turnover_ratio": 1.5,
            "reinvestment_rate": null,
            "research_to_sale_ratio": null,
            "price_fair": 137.55,
            "eps_avg_yearly": 3.93,
            "eps_latest_yearly": 1.72,
            "eps_growth_yearly": 376.27
        },
        "20094": {
            "year_quarter": 20094,
            "year": 2009,
            "quarter": 4,
            "eps": -1.21,
            "eps_growth_year": null,
            "eps_4q": -2.57,
            "eps_4q_growth_year": null,
            "roe": -12.62,
            "roe_4q": -26.39,
            "gross_profit": -1525811,
            "gross_margin": -10.66,
            "gross_margin_4q_avg": -18.99,
            "net_income": -6605980,
            "revenue": 14311516,
            "common_shares": 52244316,
            "book_valuer_per_share": 8.09,
            "book_valuer_per_share_4q_avg": 9.07,
            "equity": 50426895,
            "current_ratio": 126.7,
            "debt_ratio": 39.62,
            "inventory_turnover_ratio": 2.64,
            "account_receivable_turnover_ratio": 2.61,
            "reinvestment_rate": null,
            "research_to_sale_ratio": null,
            "price_fair": 137.55,
            "eps_avg_yearly": 3.93,
            "eps_latest_yearly": 1.72,
            "eps_growth_yearly": 376.27
        },
        "20101": {
            "year_quarter": 20101,
            "year": 2010,
            "quarter": 1,
            "eps": -0.17,
            "eps_growth_year": null,
            "eps_4q": -1.8,
            "eps_4q_growth_year": null,
            "roe": -2.48,
            "roe_4q": -19.62,
            "gross_profit": 453912,
            "gross_margin": 3.05,
            "gross_margin_4q_avg": -1.85,
            "net_income": -1237273,
            "revenue": 14875049,
            "common_shares": 52244316,
            "book_valuer_per_share": 7.92,
            "book_valuer_per_share_4q_avg": 8.62,
            "equity": 49411228,
            "current_ratio": 144.39,
            "debt_ratio": 40.94,
            "inventory_turnover_ratio": 2.48,
            "account_receivable_turnover_ratio": 1.33,
            "reinvestment_rate": null,
            "research_to_sale_ratio": 3.48,
            "price_fair": 137.55,
            "eps_avg_yearly": 3.93,
            "eps_latest_yearly": 1.72,
            "eps_growth_yearly": 376.27
        },
        "20102": {
            "year_quarter": 20102,
            "year": 2010,
            "quarter": 2,
            "eps": -0.08,
            "eps_growth_year": null,
            "eps_4q": -1.37,
            "eps_4q_growth_year": null,
            "roe": -1.41,
            "roe_4q": -15.989999999999998,
            "gross_profit": 1007311,
            "gross_margin": 5.86,
            "gross_margin_4q_avg": 1.88,
            "net_income": -693341,
            "revenue": 17185718,
            "common_shares": 52244316,
            "book_valuer_per_share": 7.84,
            "book_valuer_per_share_4q_avg": 8.28,
            "equity": 48829107,
            "current_ratio": 148.32,
            "debt_ratio": 40.83,
            "inventory_turnover_ratio": 2.68,
            "account_receivable_turnover_ratio": 1.37,
            "reinvestment_rate": null,
            "research_to_sale_ratio": 2.99,
            "price_fair": 137.55,
            "eps_avg_yearly": 3.93,
            "eps_latest_yearly": 1.72,
            "eps_growth_yearly": 376.27
        },
        "20103": {
            "year_quarter": 20103,
            "year": 2010,
            "quarter": 3,
            "eps": -0.42,
            "eps_growth_year": -568.78,
            "eps_4q": -1.88,
            "eps_4q_growth_year": null,
            "roe": -4.4,
            "roe_4q": -20.91,
            "gross_profit": -230772,
            "gross_margin": -1.63,
            "gross_margin_4q_avg": -0.85,
            "net_income": -2111595,
            "revenue": 14192838,
            "common_shares": 52244316,
            "book_valuer_per_share": 7.51,
            "book_valuer_per_share_4q_avg": 7.84,
            "equity": 47162740,
            "current_ratio": 137.73,
            "debt_ratio": 40.59,
            "inventory_turnover_ratio": 2.33,
            "account_receivable_turnover_ratio": 1.22,
            "reinvestment_rate": null,
            "research_to_sale_ratio": 3.34,
            "price_fair": 137.55,
            "eps_avg_yearly": 3.93,
            "eps_latest_yearly": 1.72,
            "eps_growth_yearly": 376.27
        },
        "20104": {
            "year_quarter": 20104,
            "year": 2010,
            "quarter": 4,
            "eps": -0.78,
            "eps_growth_year": null,
            "eps_4q": -1.46,
            "eps_4q_growth_year": null,
            "roe": -9.49,
            "roe_4q": -17.78,
            "gross_profit": -2195232,
            "gross_margin": -19.23,
            "gross_margin_4q_avg": -2.99,
            "net_income": -4273283,
            "revenue": 11415608,
            "common_shares": 52244316,
            "book_valuer_per_share": 6.76,
            "book_valuer_per_share_4q_avg": 7.51,
            "equity": 42907243,
            "current_ratio": 132.88,
            "debt_ratio": 41.21,
            "inventory_turnover_ratio": 2.05,
            "account_receivable_turnover_ratio": 1.33,
            "reinvestment_rate": null,
            "research_to_sale_ratio": 4.36,
            "price_fair": 137.55,
            "eps_avg_yearly": 3.93,
            "eps_latest_yearly": 1.72,
            "eps_growth_yearly": 376.27
        },
        "20111": {
            "year_quarter": 20111,
            "year": 2011,
            "quarter": 1,
            "eps": -0.25,
            "eps_growth_year": null,
            "eps_4q": -1.39,
            "eps_4q_growth_year": null,
            "roe": -3.95,
            "roe_4q": -19.250000000000004,
            "gross_profit": 455111,
            "gross_margin": 4.08,
            "gross_margin_4q_avg": -2.73,
            "net_income": -1733258,
            "revenue": 11141312,
            "common_shares": 58584816,
            "book_valuer_per_share": 6.41,
            "book_valuer_per_share_4q_avg": 7.13,
            "equity": 44940759,
            "current_ratio": 154.48,
            "debt_ratio": 35.43,
            "inventory_turnover_ratio": 1.42,
            "account_receivable_turnover_ratio": 1.53,
            "reinvestment_rate": null,
            "research_to_sale_ratio": 4.39,
            "price_fair": 137.55,
            "eps_avg_yearly": 3.93,
            "eps_latest_yearly": 1.72,
            "eps_growth_yearly": 376.27
        },
        "20112": {
            "year_quarter": 20112,
            "year": 2011,
            "quarter": 2,
            "eps": -0.27,
            "eps_growth_year": null,
            "eps_4q": -1.59,
            "eps_4q_growth_year": null,
            "roe": -4.04,
            "roe_4q": -21.880000000000003,
            "gross_profit": 843621,
            "gross_margin": 6.48,
            "gross_margin_4q_avg": -2.58,
            "net_income": -1757812,
            "revenue": 13018314,
            "common_shares": 58584816,
            "book_valuer_per_share": 5.97,
            "book_valuer_per_share_4q_avg": 6.66,
            "equity": 42001426,
            "current_ratio": 144.53,
            "debt_ratio": 41.2,
            "inventory_turnover_ratio": 1.45,
            "account_receivable_turnover_ratio": 1.81,
            "reinvestment_rate": null,
            "research_to_sale_ratio": 5.68,
            "price_fair": 137.55,
            "eps_avg_yearly": 3.93,
            "eps_latest_yearly": 1.72,
            "eps_growth_yearly": 376.27
        },
        "20113": {
            "year_quarter": 20113,
            "year": 2011,
            "quarter": 3,
            "eps": -0.44,
            "eps_growth_year": null,
            "eps_4q": -1.65,
            "eps_4q_growth_year": null,
            "roe": -6.7,
            "roe_4q": -24.18,
            "gross_profit": -491283,
            "gross_margin": -4.3,
            "gross_margin_4q_avg": -3.24,
            "net_income": -2695078,
            "revenue": 11421815,
            "common_shares": 58584816,
            "book_valuer_per_share": 5.36,
            "book_valuer_per_share_4q_avg": 6.13,
            "equity": 38392305,
            "current_ratio": 127.97,
            "debt_ratio": 49.35,
            "inventory_turnover_ratio": 1.43,
            "account_receivable_turnover_ratio": 1.8,
            "reinvestment_rate": null,
            "research_to_sale_ratio": 5.41,
            "price_fair": 10.84,
            "eps_avg_yearly": 3.61,
            "eps_latest_yearly": 1.72,
            "eps_growth_yearly": -42.76
        },
        "20114": {
            "year_quarter": 20114,
            "year": 2011,
            "quarter": 4,
            "eps": -0.31,
            "eps_growth_year": null,
            "eps_4q": -1.27,
            "eps_4q_growth_year": null,
            "roe": -7.5,
            "roe_4q": -22.189999999999998,
            "gross_profit": -1143868,
            "gross_margin": -11.97,
            "gross_margin_4q_avg": -1.43,
            "net_income": -2753318,
            "revenue": 9556340,
            "common_shares": 58584816,
            "book_valuer_per_share": 5.02,
            "book_valuer_per_share_4q_avg": 5.69,
            "equity": 34996329,
            "current_ratio": 111.96,
            "debt_ratio": 50.64,
            "inventory_turnover_ratio": 1.53,
            "account_receivable_turnover_ratio": 2,
            "reinvestment_rate": null,
            "research_to_sale_ratio": 4.7,
            "price_fair": 5.34,
            "eps_avg_yearly": 1.78,
            "eps_latest_yearly": 1.72,
            "eps_growth_yearly": -162.49
        },
        "20121": {
            "year_quarter": 20121,
            "year": 2012,
            "quarter": 1,
            "eps": -0.04,
            "eps_growth_year": null,
            "eps_4q": -1.06,
            "eps_4q_growth_year": null,
            "roe": -2.09,
            "roe_4q": -20.33,
            "gross_profit": 487504,
            "gross_margin": 5.74,
            "gross_margin_4q_avg": -1.01,
            "net_income": -728092,
            "revenue": 8493455,
            "common_shares": 58584816,
            "book_valuer_per_share": 5.04,
            "book_valuer_per_share_4q_avg": 5.35,
            "equity": 34588659,
            "current_ratio": 121.43,
            "debt_ratio": 49.55,
            "inventory_turnover_ratio": 1.3,
            "account_receivable_turnover_ratio": 2.06,
            "reinvestment_rate": null,
            "research_to_sale_ratio": 4.58,
            "price_fair": 5.16,
            "eps_avg_yearly": 1.72,
            "eps_latest_yearly": 1.72,
            "eps_growth_yearly": -26.09
        },
        "20122": {
            "year_quarter": 20122,
            "year": 2012,
            "quarter": 2,
            "eps": -0.22,
            "eps_growth_year": null,
            "eps_4q": -1.01,
            "eps_4q_growth_year": null,
            "roe": -5.65,
            "roe_4q": -21.94,
            "gross_profit": -329421,
            "gross_margin": -3.61,
            "gross_margin_4q_avg": -3.54,
            "net_income": -1765670,
            "revenue": 9123478,
            "common_shares": 58584816,
            "book_valuer_per_share": 4.77,
            "book_valuer_per_share_4q_avg": 5.05,
            "equity": 27940186,
            "current_ratio": 128.15,
            "debt_ratio": 35.42,
            "inventory_turnover_ratio": 1.82,
            "account_receivable_turnover_ratio": 2.31,
            "reinvestment_rate": null,
            "research_to_sale_ratio": 4.97,
            "price_fair": 0,
            "eps_avg_yearly": 0,
            "eps_latest_yearly": 0,
            "eps_growth_yearly": 0
        },
        "20123": {
            "year_quarter": 20123,
            "year": 2012,
            "quarter": 3,
            "eps": -0.11,
            "eps_growth_year": null,
            "eps_4q": -1.25,
            "eps_4q_growth_year": null,
            "roe": -1.18,
            "roe_4q": -16.42,
            "gross_profit": 1283837,
            "gross_margin": 13.34,
            "gross_margin_4q_avg": 0.88,
            "net_income": -328089,
            "revenue": 9624276,
            "common_shares": 29292408,
            "book_valuer_per_share": 9.47,
            "book_valuer_per_share_4q_avg": 6.08,
            "equity": 27731710,
            "current_ratio": 162.21,
            "debt_ratio": 42,
            "inventory_turnover_ratio": 2.36,
            "account_receivable_turnover_ratio": 2.39,
            "reinvestment_rate": null,
            "research_to_sale_ratio": 3.71,
            "price_fair": 0,
            "eps_avg_yearly": 0,
            "eps_latest_yearly": 0,
            "eps_growth_yearly": 0
        },
        "20124": {
            "year_quarter": 20124,
            "year": 2012,
            "quarter": 4,
            "eps": 0.06,
            "eps_growth_year": null,
            "eps_4q": -0.56,
            "eps_4q_growth_year": null,
            "roe": 0.62,
            "roe_4q": -8.3,
            "gross_profit": 1744595,
            "gross_margin": 20.42,
            "gross_margin_4q_avg": 8.97,
            "net_income": 170805,
            "revenue": 8542747,
            "common_shares": 29292408,
            "book_valuer_per_share": 9.43,
            "book_valuer_per_share_4q_avg": 7.18,
            "equity": 27620715,
            "current_ratio": 187.74,
            "debt_ratio": 38.78,
            "inventory_turnover_ratio": 2.6,
            "account_receivable_turnover_ratio": 2.12,
            "reinvestment_rate": null,
            "research_to_sale_ratio": 3.72,
            "price_fair": 0,
            "eps_avg_yearly": 0,
            "eps_latest_yearly": 0,
            "eps_growth_yearly": 0
        },
        "20131": {
            "year_quarter": 20131,
            "year": 2013,
            "quarter": 1,
            "eps": 0.45,
            "eps_growth_year": null,
            "eps_4q": -0.04,
            "eps_4q_growth_year": null,
            "roe": 4.59,
            "roe_4q": -1.62,
            "gross_profit": 2070583,
            "gross_margin": 27.35,
            "gross_margin_4q_avg": 14.38,
            "net_income": 1314613,
            "revenue": 7569803,
            "common_shares": 29292408,
            "book_valuer_per_share": 10.13,
            "book_valuer_per_share_4q_avg": 8.45,
            "equity": 29671612,
            "current_ratio": 191.42,
            "debt_ratio": 35.35,
            "inventory_turnover_ratio": 2.39,
            "account_receivable_turnover_ratio": 2.1,
            "reinvestment_rate": null,
            "research_to_sale_ratio": 3.69,
            "price_fair": 63,
            "eps_avg_yearly": 1.8,
            "eps_latest_yearly": 1.8,
            "eps_growth_yearly": 2600
        },
        "20132": {
            "year_quarter": 20132,
            "year": 2013,
            "quarter": 2,
            "eps": 0.86,
            "eps_growth_year": null,
            "eps_4q": 1.26,
            "eps_4q_growth_year": null,
            "roe": 8.14,
            "roe_4q": 12.17,
            "gross_profit": 3408356,
            "gross_margin": 37.16,
            "gross_margin_4q_avg": 24.57,
            "net_income": 2522501,
            "revenue": 9172979,
            "common_shares": 29292408,
            "book_valuer_per_share": 11.01,
            "book_valuer_per_share_4q_avg": 10.01,
            "equity": 32273958,
            "current_ratio": 206.47,
            "debt_ratio": 29.05,
            "inventory_turnover_ratio": 2.72,
            "account_receivable_turnover_ratio": 2.51,
            "reinvestment_rate": null,
            "research_to_sale_ratio": 3.21,
            "price_fair": 91.7,
            "eps_avg_yearly": 2.62,
            "eps_latest_yearly": 3.44,
            "eps_growth_yearly": 1482.22
        },
        "20133": {
            "year_quarter": 20133,
            "year": 2013,
            "quarter": 3,
            "eps": 0.75,
            "eps_growth_year": null,
            "eps_4q": 2.11,
            "eps_4q_growth_year": null,
            "roe": 6.57,
            "roe_4q": 19.92,
            "gross_profit": 3045151,
            "gross_margin": 36.23,
            "gross_margin_4q_avg": 30.29,
            "net_income": 2191213,
            "revenue": 8404612,
            "common_shares": 29312238,
            "book_valuer_per_share": 11.73,
            "book_valuer_per_share_4q_avg": 10.58,
            "equity": 34402579,
            "current_ratio": 204.52,
            "debt_ratio": 26.02,
            "inventory_turnover_ratio": 2.7,
            "account_receivable_turnover_ratio": 1.91,
            "reinvestment_rate": null,
            "research_to_sale_ratio": 3.53,
            "price_fair": 96.13,
            "eps_avg_yearly": 2.75,
            "eps_latest_yearly": 3,
            "eps_growth_yearly": 971.09
        },
        "20134": {
            "year_quarter": 20134,
            "year": 2013,
            "quarter": 4,
            "eps": 0.05,
            "eps_growth_year": -13.15,
            "eps_4q": 2.11,
            "eps_4q_growth_year": null,
            "roe": 0.43,
            "roe_4q": 19.73,
            "gross_profit": 866141,
            "gross_margin": 13.8,
            "gross_margin_4q_avg": 28.64,
            "net_income": 148487,
            "revenue": 6274682,
            "common_shares": 29321218,
            "book_valuer_per_share": 11.82,
            "book_valuer_per_share_4q_avg": 11.17,
            "equity": 34649426,
            "current_ratio": 220.68,
            "debt_ratio": 23.17,
            "inventory_turnover_ratio": 2.89,
            "account_receivable_turnover_ratio": 1.38,
            "reinvestment_rate": null,
            "research_to_sale_ratio": 4.27,
            "price_fair": 73.85,
            "eps_avg_yearly": 2.11,
            "eps_latest_yearly": 0.2,
            "eps_growth_yearly": 634.99
        },
        "20141": {
            "year_quarter": 20141,
            "year": 2014,
            "quarter": 1,
            "eps": 0.37,
            "eps_growth_year": -17.78,
            "eps_4q": 2.03,
            "eps_4q_growth_year": null,
            "roe": 3.05,
            "roe_4q": 18.19,
            "gross_profit": 1692433,
            "gross_margin": 30.09,
            "gross_margin_4q_avg": 29.32,
            "net_income": 1076096,
            "revenue": 5624902,
            "common_shares": 29321218,
            "book_valuer_per_share": 12.24,
            "book_valuer_per_share_4q_avg": 11.7,
            "equity": 35890868,
            "current_ratio": 200.83,
            "debt_ratio": 22.25,
            "inventory_turnover_ratio": 2.13,
            "account_receivable_turnover_ratio": 1.51,
            "reinvestment_rate": null,
            "research_to_sale_ratio": 4.46,
            "price_fair": 69.44,
            "eps_avg_yearly": 1.98,
            "eps_latest_yearly": 1.48,
            "eps_growth_yearly": 1019.99
        },
        "20142": {
            "year_quarter": 20142,
            "year": 2014,
            "quarter": 2,
            "eps": 0.24,
            "eps_growth_year": -72.09,
            "eps_4q": 1.25,
            "eps_4q_growth_year": -0.57,
            "roe": 1.95,
            "roe_4q": 12,
            "gross_profit": 1485141,
            "gross_margin": 24.21,
            "gross_margin_4q_avg": 26.08,
            "net_income": 704545,
            "revenue": 6135497,
            "common_shares": 29321218,
            "book_valuer_per_share": 11.05,
            "book_valuer_per_share_4q_avg": 11.71,
            "equity": 36489727,
            "current_ratio": 192.46,
            "debt_ratio": 23.66,
            "inventory_turnover_ratio": 2.28,
            "account_receivable_turnover_ratio": 1.72,
            "reinvestment_rate": null,
            "research_to_sale_ratio": 5.59,
            "price_fair": 63.47,
            "eps_avg_yearly": 1.81,
            "eps_latest_yearly": 0.96,
            "eps_growth_yearly": 826.57
        },
        "20143": {
            "year_quarter": 20143,
            "year": 2014,
            "quarter": 3,
            "eps": -0.18,
            "eps_growth_year": -124,
            "eps_4q": 0.41,
            "eps_4q_growth_year": -80.68,
            "roe": -1.6,
            "roe_4q": 3.8299999999999996,
            "gross_profit": 922769,
            "gross_margin": 16.34,
            "gross_margin_4q_avg": 21.11,
            "net_income": -580433,
            "revenue": 5647281,
            "common_shares": 33011909,
            "book_valuer_per_share": 10.98,
            "book_valuer_per_share_4q_avg": 11.52,
            "equity": 36261820,
            "current_ratio": 177.99,
            "debt_ratio": 22.12,
            "inventory_turnover_ratio": 2.04,
            "account_receivable_turnover_ratio": 1.61,
            "reinvestment_rate": null,
            "research_to_sale_ratio": 4.37,
            "price_fair": 63.47,
            "eps_avg_yearly": 1.81,
            "eps_latest_yearly": 0.96,
            "eps_growth_yearly": 826.57
        },
        "20144": {
            "year_quarter": 20144,
            "year": 2014,
            "quarter": 4,
            "eps": -0.2,
            "eps_growth_year": -494.37,
            "eps_4q": 0.16,
            "eps_4q_growth_year": -92.22,
            "roe": -1.83,
            "roe_4q": 1.5699999999999996,
            "gross_profit": 289290,
            "gross_margin": 4.62,
            "gross_margin_4q_avg": 18.82,
            "net_income": -659284,
            "revenue": 6266928,
            "common_shares": 33011909,
            "book_valuer_per_share": 10.79,
            "book_valuer_per_share_4q_avg": 11.27,
            "equity": 35610108,
            "current_ratio": 197.57,
            "debt_ratio": 21.87,
            "inventory_turnover_ratio": 2.67,
            "account_receivable_turnover_ratio": 1.86,
            "reinvestment_rate": null,
            "research_to_sale_ratio": 3.46,
            "price_fair": 63.47,
            "eps_avg_yearly": 1.81,
            "eps_latest_yearly": 0.96,
            "eps_growth_yearly": 826.57
        },
        "20151": {
            "year_quarter": 20151,
            "year": 2015,
            "quarter": 1,
            "eps": 0.21,
            "eps_growth_year": -43.24,
            "eps_4q": 0.05,
            "eps_4q_growth_year": -97.46,
            "roe": 1.96,
            "roe_4q": 0.47999999999999976,
            "gross_profit": 822419,
            "gross_margin": 15.55,
            "gross_margin_4q_avg": 15.18,
            "net_income": 704930,
            "revenue": 5290064,
            "common_shares": 33011909,
            "book_valuer_per_share": 10.98,
            "book_valuer_per_share_4q_avg": 10.95,
            "equity": 36261786,
            "current_ratio": 215.79,
            "debt_ratio": 19.28,
            "inventory_turnover_ratio": 2.16,
            "account_receivable_turnover_ratio": 1.46,
            "reinvestment_rate": null,
            "research_to_sale_ratio": 2.71,
            "price_fair": 63.47,
            "eps_avg_yearly": 1.81,
            "eps_latest_yearly": 0.96,
            "eps_growth_yearly": 826.57
        },
        "20152": {
            "year_quarter": 20152,
            "year": 2015,
            "quarter": 2,
            "eps": -0.25,
            "eps_growth_year": -204.17,
            "eps_4q": -0.43,
            "eps_4q_growth_year": -134.35,
            "roe": -2.4,
            "roe_4q": -3.87,
            "gross_profit": -8782,
            "gross_margin": -0.21,
            "gross_margin_4q_avg": 9.08,
            "net_income": -851658,
            "revenue": 4127744,
            "common_shares": 33011909,
            "book_valuer_per_share": 10.75,
            "book_valuer_per_share_4q_avg": 10.88,
            "equity": 34754247,
            "current_ratio": 214.06,
            "debt_ratio": 19.86,
            "inventory_turnover_ratio": 1.89,
            "account_receivable_turnover_ratio": 1.1,
            "reinvestment_rate": -1466.16,
            "research_to_sale_ratio": 5.08,
            "price_fair": 63.47,
            "eps_avg_yearly": 1.81,
            "eps_latest_yearly": 0.96,
            "eps_growth_yearly": 826.57
        },
        "20153": {
            "year_quarter": 20153,
            "year": 2015,
            "quarter": 3,
            "eps": -0.22,
            "eps_growth_year": null,
            "eps_4q": -0.47,
            "eps_4q_growth_year": -214.53,
            "roe": -2.06,
            "roe_4q": -4.33,
            "gross_profit": -271391,
            "gross_margin": -6.8,
            "gross_margin_4q_avg": 3.29,
            "net_income": -707206,
            "revenue": 3991941,
            "common_shares": 32339339,
            "book_valuer_per_share": 10.49,
            "book_valuer_per_share_4q_avg": 10.75,
            "equity": 33923307,
            "current_ratio": 167.09,
            "debt_ratio": 17.63,
            "inventory_turnover_ratio": 1.94,
            "account_receivable_turnover_ratio": 1.25,
            "reinvestment_rate": -443.74,
            "research_to_sale_ratio": 4.61,
            "price_fair": 63.47,
            "eps_avg_yearly": 1.81,
            "eps_latest_yearly": 0.96,
            "eps_growth_yearly": 826.57
        },
        "20154": {
            "year_quarter": 20154,
            "year": 2015,
            "quarter": 4,
            "eps": -0.42,
            "eps_growth_year": null,
            "eps_4q": -0.68,
            "eps_4q_growth_year": -515.96,
            "roe": -4.06,
            "roe_4q": -6.56,
            "gross_profit": -525492,
            "gross_margin": -13.94,
            "gross_margin_4q_avg": -1.35,
            "net_income": -1350225,
            "revenue": 3769734,
            "common_shares": 32339339,
            "book_valuer_per_share": 10.09,
            "book_valuer_per_share_4q_avg": 10.58,
            "equity": 32639751,
            "current_ratio": 165.73,
            "debt_ratio": 17.13,
            "inventory_turnover_ratio": 2.07,
            "account_receivable_turnover_ratio": 1.61,
            "reinvestment_rate": -483.4,
            "research_to_sale_ratio": 6.52,
            "price_fair": 63.47,
            "eps_avg_yearly": 1.81,
            "eps_latest_yearly": 0.96,
            "eps_growth_yearly": 826.57
        },
        "20161": {
            "year_quarter": 20161,
            "year": 2016,
            "quarter": 1,
            "eps": -0.28,
            "eps_growth_year": -233.33,
            "eps_4q": -1.18,
            "eps_4q_growth_year": -2403.34,
            "roe": -2.87,
            "roe_4q": -11.39,
            "gross_profit": -265887,
            "gross_margin": -7.39,
            "gross_margin_4q_avg": -7.09,
            "net_income": -921333,
            "revenue": 3596591,
            "common_shares": 32339339,
            "book_valuer_per_share": 9.79,
            "book_valuer_per_share_4q_avg": 10.28,
            "equity": 31673592,
            "current_ratio": 155.41,
            "debt_ratio": 17.54,
            "inventory_turnover_ratio": 2.15,
            "account_receivable_turnover_ratio": 1.99,
            "reinvestment_rate": -739.43,
            "research_to_sale_ratio": 5.2,
            "price_fair": 63.47,
            "eps_avg_yearly": 1.81,
            "eps_latest_yearly": 0.96,
            "eps_growth_yearly": 826.57
        },
        "20162": {
            "year_quarter": 20162,
            "year": 2016,
            "quarter": 2,
            "eps": -0.22,
            "eps_growth_year": null,
            "eps_4q": -1.14,
            "eps_4q_growth_year": null,
            "roe": -2.25,
            "roe_4q": -11.24,
            "gross_profit": 48193,
            "gross_margin": 1.2,
            "gross_margin_4q_avg": -6.73,
            "net_income": -703012,
            "revenue": 4023304,
            "common_shares": 32339339,
            "book_valuer_per_share": 9.56,
            "book_valuer_per_share_4q_avg": 9.98,
            "equity": 30925024,
            "current_ratio": 165.29,
            "debt_ratio": 18.62,
            "inventory_turnover_ratio": 2.6,
            "account_receivable_turnover_ratio": 2.27,
            "reinvestment_rate": 31.56,
            "research_to_sale_ratio": 3.57,
            "price_fair": 63.47,
            "eps_avg_yearly": 1.81,
            "eps_latest_yearly": 0.96,
            "eps_growth_yearly": 826.57
        },
        "20163": {
            "year_quarter": 20163,
            "year": 2016,
            "quarter": 3,
            "eps": 0.73,
            "eps_growth_year": null,
            "eps_4q": -0.19,
            "eps_4q_growth_year": null,
            "roe": 7.33,
            "roe_4q": -1.8499999999999996,
            "gross_profit": 2831163,
            "gross_margin": 40.67,
            "gross_margin_4q_avg": 5.14,
            "net_income": 2352334,
            "revenue": 6961475,
            "common_shares": 32339339,
            "book_valuer_per_share": 10.29,
            "book_valuer_per_share_4q_avg": 9.93,
            "equity": 33281129,
            "current_ratio": 191.85,
            "debt_ratio": 16.72,
            "inventory_turnover_ratio": 3.08,
            "account_receivable_turnover_ratio": 3.22,
            "reinvestment_rate": 38.47,
            "research_to_sale_ratio": 3.39,
            "price_fair": 63.47,
            "eps_avg_yearly": 1.81,
            "eps_latest_yearly": 0.96,
            "eps_growth_yearly": 826.57
        },
        "20164": {
            "year_quarter": 20164,
            "year": 2016,
            "quarter": 4,
            "eps": 1.03,
            "eps_growth_year": null,
            "eps_4q": 1.25,
            "eps_4q_growth_year": null,
            "roe": 9.43,
            "roe_4q": 11.639999999999997,
            "gross_profit": 4351696,
            "gross_margin": 46.57,
            "gross_margin_4q_avg": 20.26,
            "net_income": 3319375,
            "revenue": 9343885,
            "common_shares": 32339339,
            "book_valuer_per_share": 11.47,
            "book_valuer_per_share_4q_avg": 10.28,
            "equity": 37085662,
            "current_ratio": 241.41,
            "debt_ratio": 16.74,
            "inventory_turnover_ratio": 4.24,
            "account_receivable_turnover_ratio": 3.89,
            "reinvestment_rate": 34.46,
            "research_to_sale_ratio": 3.51,
            "price_fair": 75,
            "eps_avg_yearly": 2.14,
            "eps_latest_yearly": 4.12,
            "eps_growth_yearly": 731.97
        },
        "20171": {
            "year_quarter": 20171,
            "year": 2017,
            "quarter": 1,
            "eps": 0.57,
            "eps_growth_year": null,
            "eps_4q": 2.1,
            "eps_4q_growth_year": null,
            "roe": 4.81,
            "roe_4q": 19.32,
            "gross_profit": 2643670,
            "gross_margin": 42.48,
            "gross_margin_4q_avg": 32.73,
            "net_income": 1829494,
            "revenue": 6223945,
            "common_shares": 32339339,
            "book_valuer_per_share": 12.04,
            "book_valuer_per_share_4q_avg": 10.84,
            "equity": 38929268,
            "current_ratio": 260.87,
            "debt_ratio": 16.3,
            "inventory_turnover_ratio": 3.11,
            "account_receivable_turnover_ratio": 2.46,
            "reinvestment_rate": 17.09,
            "research_to_sale_ratio": 2.96,
            "price_fair": 77.4,
            "eps_avg_yearly": 2.21,
            "eps_latest_yearly": 2.28,
            "eps_growth_yearly": 335.02
        },
        "20172": {
            "year_quarter": 20172,
            "year": 2017,
            "quarter": 2,
            "eps": 0.32,
            "eps_growth_year": null,
            "eps_4q": 2.64,
            "eps_4q_growth_year": null,
            "roe": 2.69,
            "roe_4q": 24.259999999999998,
            "gross_profit": 1334000,
            "gross_margin": 28.32,
            "gross_margin_4q_avg": 39.51,
            "net_income": 1040065,
            "revenue": 4709844,
            "common_shares": 32339339,
            "book_valuer_per_share": 11.85,
            "book_valuer_per_share_4q_avg": 11.41,
            "equity": 38336066,
            "current_ratio": 241.18,
            "debt_ratio": 18.11,
            "inventory_turnover_ratio": 2.83,
            "account_receivable_turnover_ratio": 1.97,
            "reinvestment_rate": 19.99,
            "research_to_sale_ratio": 4.17,
            "price_fair": 66.6,
            "eps_avg_yearly": 1.9,
            "eps_latest_yearly": 1.28,
            "eps_growth_yearly": 257.9
        },
        "20173": {
            "year_quarter": 20173,
            "year": 2017,
            "quarter": 3,
            "eps": 0.67,
            "eps_growth_year": -8.22,
            "eps_4q": 2.58,
            "eps_4q_growth_year": null,
            "roe": 5.5,
            "roe_4q": 22.43,
            "gross_profit": 2779726,
            "gross_margin": 41.75,
            "gross_margin_4q_avg": 39.78,
            "net_income": 2167836,
            "revenue": 6658421,
            "common_shares": 32339339,
            "book_valuer_per_share": 12.53,
            "book_valuer_per_share_4q_avg": 11.97,
            "equity": 40527732,
            "current_ratio": 293.06,
            "debt_ratio": 15.31,
            "inventory_turnover_ratio": 3.11,
            "account_receivable_turnover_ratio": 3.05,
            "reinvestment_rate": -17.26,
            "research_to_sale_ratio": 3.38,
            "price_fair": 65,
            "eps_avg_yearly": 1.86,
            "eps_latest_yearly": 2.68,
            "eps_growth_yearly": 327.7
        },
        "20174": {
            "year_quarter": 20174,
            "year": 2017,
            "quarter": 4,
            "eps": 0.52,
            "eps_growth_year": -49.65,
            "eps_4q": 2.07,
            "eps_4q_growth_year": 65.75,
            "roe": 4.04,
            "roe_4q": 17.04,
            "gross_profit": 1889762,
            "gross_margin": 30.72,
            "gross_margin_4q_avg": 35.82,
            "net_income": 1671308,
            "revenue": 6152250,
            "common_shares": 32339339,
            "book_valuer_per_share": 13.06,
            "book_valuer_per_share_4q_avg": 12.37,
            "equity": 42239968,
            "current_ratio": 309.81,
            "debt_ratio": 15.38,
            "inventory_turnover_ratio": 3.56,
            "account_receivable_turnover_ratio": 2.83,
            "reinvestment_rate": -12.66,
            "research_to_sale_ratio": 5.64,
            "price_fair": 74.4,
            "eps_avg_yearly": 2.13,
            "eps_latest_yearly": 2.08,
            "eps_growth_yearly": 368.24
        },
        "20181": {
            "year_quarter": 20181,
            "year": 2018,
            "quarter": 1,
            "eps": 0.27,
            "eps_growth_year": -52.63,
            "eps_4q": 1.78,
            "eps_4q_growth_year": -15.39,
            "roe": 2.04,
            "roe_4q": 14.27,
            "gross_profit": 1322107,
            "gross_margin": 29.76,
            "gross_margin_4q_avg": 32.64,
            "net_income": 872526,
            "revenue": 4442655,
            "common_shares": 32339339,
            "book_valuer_per_share": 13.39,
            "book_valuer_per_share_4q_avg": 12.71,
            "equity": 43306501,
            "current_ratio": 299.58,
            "debt_ratio": 15.63,
            "inventory_turnover_ratio": 2.69,
            "account_receivable_turnover_ratio": 2.62,
            "reinvestment_rate": -98.05,
            "research_to_sale_ratio": 4.4,
            "price_fair": 6.21,
            "eps_avg_yearly": 2.07,
            "eps_latest_yearly": 1.08,
            "eps_growth_yearly": -24.94
        },
        "20182": {
            "year_quarter": 20182,
            "year": 2018,
            "quarter": 2,
            "eps": 0.26,
            "eps_growth_year": -18.75,
            "eps_4q": 1.71,
            "eps_4q_growth_year": -35.13,
            "roe": 1.93,
            "roe_4q": 13.51,
            "gross_profit": 1458625,
            "gross_margin": 28.42,
            "gross_margin_4q_avg": 32.66,
            "net_income": 829343,
            "revenue": 5131800,
            "common_shares": 32339339,
            "book_valuer_per_share": 13.25,
            "book_valuer_per_share_4q_avg": 13.06,
            "equity": 42836520,
            "current_ratio": 246.58,
            "debt_ratio": 18.77,
            "inventory_turnover_ratio": 3.11,
            "account_receivable_turnover_ratio": 3.03,
            "reinvestment_rate": -86.8,
            "research_to_sale_ratio": 3.53,
            "price_fair": 6.24,
            "eps_avg_yearly": 2.08,
            "eps_latest_yearly": 1.04,
            "eps_growth_yearly": -6.98
        },
        "20183": {
            "year_quarter": 20183,
            "year": 2018,
            "quarter": 3,
            "eps": 0.16,
            "eps_growth_year": -76.12,
            "eps_4q": 1.21,
            "eps_4q_growth_year": -53.33,
            "roe": 1.22,
            "roe_4q": 9.23,
            "gross_profit": 789181,
            "gross_margin": 19.24,
            "gross_margin_4q_avg": 27.04,
            "net_income": 527250,
            "revenue": 4101646,
            "common_shares": 32339339,
            "book_valuer_per_share": 13.38,
            "book_valuer_per_share_4q_avg": 13.27,
            "equity": 43284113,
            "current_ratio": 293.48,
            "debt_ratio": 14.81,
            "inventory_turnover_ratio": 2.78,
            "account_receivable_turnover_ratio": 2.07,
            "reinvestment_rate": -74.19,
            "research_to_sale_ratio": 4.93,
            "price_fair": 5.7,
            "eps_avg_yearly": 1.9,
            "eps_latest_yearly": 0.64,
            "eps_growth_yearly": -25.34
        },
        "20184": {
            "year_quarter": 20184,
            "year": 2018,
            "quarter": 4,
            "eps": -0.38,
            "eps_growth_year": -174.05,
            "eps_4q": 0.32,
            "eps_4q_growth_year": -84.34,
            "roe": -2.86,
            "roe_4q": 2.33,
            "gross_profit": -753337,
            "gross_margin": -23.61,
            "gross_margin_4q_avg": 13.45,
            "net_income": -1207955,
            "revenue": 3190227,
            "common_shares": 32339339,
            "book_valuer_per_share": 13.11,
            "book_valuer_per_share_4q_avg": 13.28,
            "equity": 41326368,
            "current_ratio": 279.16,
            "debt_ratio": 15.01,
            "inventory_turnover_ratio": 3.31,
            "account_receivable_turnover_ratio": 2.3,
            "reinvestment_rate": -65.67,
            "research_to_sale_ratio": 9.07,
            "price_fair": 5.7,
            "eps_avg_yearly": 1.9,
            "eps_latest_yearly": 0.64,
            "eps_growth_yearly": -25.34
        },
        "20191": {
            "year_quarter": 20191,
            "year": 2019,
            "quarter": 1,
            "eps": 0.06,
            "eps_growth_year": -77.78,
            "eps_4q": 0.11,
            "eps_4q_growth_year": -93.97,
            "roe": 0.44,
            "roe_4q": 0.73,
            "gross_profit": 350929,
            "gross_margin": 10.76,
            "gross_margin_4q_avg": 8.7,
            "net_income": 182951,
            "revenue": 3262452,
            "common_shares": 31339339,
            "book_valuer_per_share": 13.19,
            "book_valuer_per_share_4q_avg": 13.23,
            "equity": 41368552,
            "current_ratio": 284.79,
            "debt_ratio": 15.97,
            "inventory_turnover_ratio": 2.44,
            "account_receivable_turnover_ratio": 2.52,
            "reinvestment_rate": -64.73,
            "research_to_sale_ratio": 3.28,
            "price_fair": 5.7,
            "eps_avg_yearly": 1.9,
            "eps_latest_yearly": 0.64,
            "eps_growth_yearly": -25.34
        },
        "20192": {
            "year_quarter": 20192,
            "year": 2019,
            "quarter": 2,
            "eps": 0.1,
            "eps_growth_year": -61.54,
            "eps_4q": -0.06,
            "eps_4q_growth_year": -103.46,
            "roe": 0.74,
            "roe_4q": -0.45999999999999996,
            "gross_profit": 572322,
            "gross_margin": 13.43,
            "gross_margin_4q_avg": 4.96,
            "net_income": 304776,
            "revenue": 4261570,
            "common_shares": 31339339,
            "book_valuer_per_share": 12.96,
            "book_valuer_per_share_4q_avg": 13.16,
            "equity": 40629712,
            "current_ratio": 266.65,
            "debt_ratio": 17.02,
            "inventory_turnover_ratio": 2.97,
            "account_receivable_turnover_ratio": 2.73,
            "reinvestment_rate": -45.7,
            "research_to_sale_ratio": 4.78,
            "price_fair": 29.65,
            "eps_avg_yearly": 1.73,
            "eps_latest_yearly": 0.4,
            "eps_growth_yearly": 7.11
        },
        "20193": {
            "year_quarter": 20193,
            "year": 2019,
            "quarter": 3,
            "eps": 0.1,
            "eps_growth_year": -37.5,
            "eps_4q": -0.13,
            "eps_4q_growth_year": -110.7,
            "roe": 0.75,
            "roe_4q": -0.9299999999999999,
            "gross_profit": 575464,
            "gross_margin": 13.43,
            "gross_margin_4q_avg": 3.5,
            "net_income": 306506,
            "revenue": 4284324,
            "common_shares": 31339339,
            "book_valuer_per_share": 13.06,
            "book_valuer_per_share_4q_avg": 13.08,
            "equity": 40962794,
            "current_ratio": 284.71,
            "debt_ratio": 15.13,
            "inventory_turnover_ratio": 3,
            "account_receivable_turnover_ratio": 2.81,
            "reinvestment_rate": -48.11,
            "research_to_sale_ratio": 5.76,
            "price_fair": 26.23,
            "eps_avg_yearly": 1.6,
            "eps_latest_yearly": 0.4,
            "eps_growth_yearly": 6.39
        },
        "20194": {
            "year_quarter": 20194,
            "year": 2019,
            "quarter": 4,
            "eps": -0,
            "eps_growth_year": null,
            "eps_4q": 0.25,
            "eps_4q_growth_year": -21.98,
            "roe": -0.03,
            "roe_4q": 1.9,
            "gross_profit": 370616,
            "gross_margin": 8.18,
            "gross_margin_4q_avg": 11.45,
            "net_income": -13154,
            "revenue": 4528700,
            "common_shares": 31339339,
            "book_valuer_per_share": 13.06,
            "book_valuer_per_share_4q_avg": 13.07,
            "equity": 40951751,
            "current_ratio": 309.2,
            "debt_ratio": 14.51,
            "inventory_turnover_ratio": 3.39,
            "account_receivable_turnover_ratio": 3.11,
            "reinvestment_rate": -38.06,
            "research_to_sale_ratio": 5.92,
            "price_fair": 26.23,
            "eps_avg_yearly": 1.6,
            "eps_latest_yearly": 0.4,
            "eps_growth_yearly": 6.39
        },
        "20201": {
            "year_quarter": 20201,
            "year": 2020,
            "quarter": 1,
            "eps": -0.06,
            "eps_growth_year": -200,
            "eps_4q": 0.14,
            "eps_4q_growth_year": 26.01,
            "roe": -0.46,
            "roe_4q": 1,
            "gross_profit": 126187,
            "gross_margin": 3.69,
            "gross_margin_4q_avg": 9.68,
            "net_income": -188176,
            "revenue": 3416730,
            "common_shares": 31339339,
            "book_valuer_per_share": 12.85,
            "book_valuer_per_share_4q_avg": 12.98,
            "equity": 40297380,
            "current_ratio": 294.03,
            "debt_ratio": 14.74,
            "inventory_turnover_ratio": 2.85,
            "account_receivable_turnover_ratio": 2.15,
            "reinvestment_rate": -26.43,
            "research_to_sale_ratio": 4.32,
            "price_fair": 26.23,
            "eps_avg_yearly": 1.6,
            "eps_latest_yearly": 0.4,
            "eps_growth_yearly": 6.39
        },
        "20202": {
            "year_quarter": 20202,
            "year": 2020,
            "quarter": 2,
            "eps": -0.12,
            "eps_growth_year": -220,
            "eps_4q": -0.09,
            "eps_4q_growth_year": null,
            "roe": -0.96,
            "roe_4q": -0.7,
            "gross_profit": 65977,
            "gross_margin": 1.8,
            "gross_margin_4q_avg": 6.78,
            "net_income": -388309,
            "revenue": 3656928,
            "common_shares": 31339339,
            "book_valuer_per_share": 12.82,
            "book_valuer_per_share_4q_avg": 12.95,
            "equity": 40179140,
            "current_ratio": 285.83,
            "debt_ratio": 14.71,
            "inventory_turnover_ratio": 2.94,
            "account_receivable_turnover_ratio": 2.03,
            "reinvestment_rate": -23.6,
            "research_to_sale_ratio": 5.92,
            "price_fair": 26.23,
            "eps_avg_yearly": 1.6,
            "eps_latest_yearly": 0.4,
            "eps_growth_yearly": 6.39
        },
        "20203": {
            "year_quarter": 20203,
            "year": 2020,
            "quarter": 3,
            "eps": 0.52,
            "eps_growth_year": 420,
            "eps_4q": 0.36,
            "eps_4q_growth_year": null,
            "roe": 4.04,
            "roe_4q": 2.5900000000000003,
            "gross_profit": 2004329,
            "gross_margin": 36.86,
            "gross_margin_4q_avg": 12.63,
            "net_income": 1636026,
            "revenue": 5437728,
            "common_shares": 31339339,
            "book_valuer_per_share": 13.65,
            "book_valuer_per_share_4q_avg": 13.1,
            "equity": 40830532,
            "current_ratio": 300.17,
            "debt_ratio": 17.11,
            "inventory_turnover_ratio": 2.68,
            "account_receivable_turnover_ratio": 3.14,
            "reinvestment_rate": -54.46,
            "research_to_sale_ratio": 4.42,
            "price_fair": 26.23,
            "eps_avg_yearly": 1.6,
            "eps_latest_yearly": 0.4,
            "eps_growth_yearly": 6.39
        },
        "20204": {
            "year_quarter": 20204,
            "year": 2020,
            "quarter": 4,
            "eps": 0.92,
            "eps_growth_year": null,
            "eps_4q": 1.27,
            "eps_4q_growth_year": 401.39,
            "roe": 6.5,
            "roe_4q": 9.119999999999997,
            "gross_profit": 2643034,
            "gross_margin": 37.53,
            "gross_margin_4q_avg": 19.97,
            "net_income": 2775555,
            "revenue": 7041920,
            "common_shares": 30271869,
            "book_valuer_per_share": 14.67,
            "book_valuer_per_share_4q_avg": 13.5,
            "equity": 44527257,
            "current_ratio": 346.72,
            "debt_ratio": 14.41,
            "inventory_turnover_ratio": 3.93,
            "account_receivable_turnover_ratio": 4.1,
            "reinvestment_rate": -52.75,
            "research_to_sale_ratio": 5.28,
            "price_fair": 47.81,
            "eps_avg_yearly": 1.56,
            "eps_latest_yearly": 3.68,
            "eps_growth_yearly": 20.73
        },
        "20211": {
            "year_quarter": 20211,
            "year": 2021,
            "quarter": 1,
            "eps": 1,
            "eps_growth_year": null,
            "eps_4q": 2.34,
            "eps_4q_growth_year": 1629.2,
            "roe": 6.59,
            "roe_4q": 16.169999999999998,
            "gross_profit": 3800360,
            "gross_margin": 48.18,
            "gross_margin_4q_avg": 31.09,
            "net_income": 3036244,
            "revenue": 7887642,
            "common_shares": 30271869,
            "book_valuer_per_share": 15.71,
            "book_valuer_per_share_4q_avg": 14.21,
            "equity": 47676223,
            "current_ratio": 337.64,
            "debt_ratio": 16.5,
            "inventory_turnover_ratio": 3.6,
            "account_receivable_turnover_ratio": 3.65,
            "reinvestment_rate": -48.02,
            "research_to_sale_ratio": 2.64,
            "price_fair": 60.48,
            "eps_avg_yearly": 1.73,
            "eps_latest_yearly": 4,
            "eps_growth_yearly": 42.07
        },
        "20212": {
            "year_quarter": 20212,
            "year": 2021,
            "quarter": 2,
            "eps": 0.91,
            "eps_growth_year": null,
            "eps_4q": 3.37,
            "eps_4q_growth_year": null,
            "roe": 5.52,
            "roe_4q": 22.65,
            "gross_profit": 3776350,
            "gross_margin": 46.81,
            "gross_margin_4q_avg": 42.35,
            "net_income": 2743027,
            "revenue": 8066588,
            "common_shares": 30271869,
            "book_valuer_per_share": 17.06,
            "book_valuer_per_share_4q_avg": 15.27,
            "equity": 51736084,
            "current_ratio": 330.54,
            "debt_ratio": 17.11,
            "inventory_turnover_ratio": 2.99,
            "account_receivable_turnover_ratio": 3.18,
            "reinvestment_rate": -27.26,
            "research_to_sale_ratio": 2.62,
            "price_fair": 68.74,
            "eps_avg_yearly": 1.96,
            "eps_latest_yearly": 3.64,
            "eps_growth_yearly": 56.01
        },
        "20213": {
            "year_quarter": 20213,
            "year": 2021,
            "quarter": 3,
            "eps": 0.45,
            "eps_growth_year": -13.46,
            "eps_4q": 3.28,
            "eps_4q_growth_year": 818.57,
            "roe": 2.66,
            "roe_4q": 21.27,
            "gross_profit": 1585604,
            "gross_margin": 25.94,
            "gross_margin_4q_avg": 39.62,
            "net_income": 1361905,
            "revenue": 6113615,
            "common_shares": 30271869,
            "book_valuer_per_share": 16.72,
            "book_valuer_per_share_4q_avg": 16.04,
            "equity": 50727832,
            "current_ratio": 311.63,
            "debt_ratio": 18.11,
            "inventory_turnover_ratio": 2.46,
            "account_receivable_turnover_ratio": 2.23,
            "reinvestment_rate": -28.49,
            "research_to_sale_ratio": 0.9,
            "price_fair": 5.63,
            "eps_avg_yearly": 1.88,
            "eps_latest_yearly": 1.8,
            "eps_growth_yearly": -7.96
        },
        "20214": {
            "year_quarter": 20214,
            "year": 2021,
            "quarter": 4,
            "eps": 0.39,
            "eps_growth_year": -57.24,
            "eps_4q": 2.83,
            "eps_4q_growth_year": 122.79,
            "roe": 2.26,
            "roe_4q": 17.03,
            "gross_profit": 196741,
            "gross_margin": 3.73,
            "gross_margin_4q_avg": 31.17,
            "net_income": 1147750,
            "revenue": 5268185,
            "common_shares": 30271869,
            "book_valuer_per_share": 17.28,
            "book_valuer_per_share_4q_avg": 16.69,
            "equity": 50684345,
            "current_ratio": 334.01,
            "debt_ratio": 16.39,
            "inventory_turnover_ratio": 2.55,
            "account_receivable_turnover_ratio": 1.92,
            "reinvestment_rate": -16.49,
            "research_to_sale_ratio": 7.35,
            "price_fair": 5.47,
            "eps_avg_yearly": 1.82,
            "eps_latest_yearly": 1.56,
            "eps_growth_yearly": -4.34
        },
        "20221": {
            "year_quarter": 20221,
            "year": 2022,
            "quarter": 1,
            "eps": -0.15,
            "eps_growth_year": -115,
            "eps_4q": 1.64,
            "eps_4q_growth_year": -29.75,
            "roe": -0.84,
            "roe_4q": 9.6,
            "gross_profit": 747832,
            "gross_margin": 15.09,
            "gross_margin_4q_avg": 22.89,
            "net_income": -428814,
            "revenue": 4955948,
            "common_shares": 30271869,
            "book_valuer_per_share": 17.25,
            "book_valuer_per_share_4q_avg": 17.08,
            "equity": 50811979,
            "current_ratio": 343.11,
            "debt_ratio": 17.94,
            "inventory_turnover_ratio": 2.28,
            "account_receivable_turnover_ratio": 2.13,
            "reinvestment_rate": 9.27,
            "research_to_sale_ratio": 2.72,
            "price_fair": 50.62,
            "eps_avg_yearly": 1.91,
            "eps_latest_yearly": 1.56,
            "eps_growth_yearly": 16.55
        },
        "20222": {
            "year_quarter": 20222,
            "year": 2022,
            "quarter": 2,
            "eps": 0.01,
            "eps_growth_year": -98.9,
            "eps_4q": 0.71,
            "eps_4q_growth_year": -78.8,
            "roe": 0.04,
            "roe_4q": 4.12,
            "gross_profit": 485362,
            "gross_margin": 10.8,
            "gross_margin_4q_avg": 13.89,
            "net_income": 19242,
            "revenue": 4492769,
            "common_shares": 29403289,
            "book_valuer_per_share": 16.46,
            "book_valuer_per_share_4q_avg": 16.93,
            "equity": 48492496,
            "current_ratio": 237.83,
            "debt_ratio": 21.29,
            "inventory_turnover_ratio": 2.34,
            "account_receivable_turnover_ratio": 2.06,
            "reinvestment_rate": 21.07,
            "research_to_sale_ratio": 2.14,
            "price_fair": 61.4,
            "eps_avg_yearly": 2.02,
            "eps_latest_yearly": 1.56,
            "eps_growth_yearly": 20.47
        },
        "20223": {
            "year_quarter": 20223,
            "year": 2022,
            "quarter": 3,
            "eps": -0.13,
            "eps_growth_year": -128.89,
            "eps_4q": 0.13,
            "eps_4q_growth_year": -96.08,
            "roe": -0.77,
            "roe_4q": 0.69,
            "gross_profit": -118920,
            "gross_margin": -3.11,
            "gross_margin_4q_avg": 6.63,
            "net_income": -371294,
            "revenue": 3825374,
            "common_shares": 29403289,
            "book_valuer_per_share": 16.81,
            "book_valuer_per_share_4q_avg": 16.95,
            "equity": 48373541,
            "current_ratio": 291.41,
            "debt_ratio": 15.67,
            "inventory_turnover_ratio": 2.3,
            "account_receivable_turnover_ratio": 2.06,
            "reinvestment_rate": 15.62,
            "research_to_sale_ratio": 5.41,
            "price_fair": 77.4,
            "eps_avg_yearly": 2.21,
            "eps_latest_yearly": 1.56,
            "eps_growth_yearly": 45.37
        },
        "20224": {
            "year_quarter": 20224,
            "year": 2022,
            "quarter": 4,
            "eps": -0.61,
            "eps_growth_year": -254.88,
            "eps_4q": -0.88,
            "eps_4q_growth_year": -131.1,
            "roe": -3.62,
            "roe_4q": -5.19,
            "gross_profit": -710405,
            "gross_margin": -18.81,
            "gross_margin_4q_avg": 0.99,
            "net_income": -1737062,
            "revenue": 3776669,
            "common_shares": 29403289,
            "book_valuer_per_share": 16.5,
            "book_valuer_per_share_4q_avg": 16.76,
            "equity": 47474443,
            "current_ratio": 241.19,
            "debt_ratio": 16.3,
            "inventory_turnover_ratio": 2.84,
            "account_receivable_turnover_ratio": 2.52,
            "reinvestment_rate": 32.6,
            "research_to_sale_ratio": 11.92,
            "price_fair": 77.4,
            "eps_avg_yearly": 2.21,
            "eps_latest_yearly": 1.56,
            "eps_growth_yearly": 45.37
        },
        "20231": {
            "year_quarter": 20231,
            "year": 2023,
            "quarter": 1,
            "eps": -0.35,
            "eps_growth_year": null,
            "eps_4q": -1.08,
            "eps_4q_growth_year": -166.02,
            "roe": -2.14,
            "roe_4q": -6.489999999999999,
            "gross_profit": -454776,
            "gross_margin": -17,
            "gross_margin_4q_avg": -7.03,
            "net_income": -1009266,
            "revenue": 2675869,
            "common_shares": 29403289,
            "book_valuer_per_share": 16.28,
            "book_valuer_per_share_4q_avg": 16.51,
            "equity": 46849815,
            "current_ratio": 212.33,
            "debt_ratio": 15.94,
            "inventory_turnover_ratio": 2.09,
            "account_receivable_turnover_ratio": 1.85,
            "reinvestment_rate": 60.11,
            "research_to_sale_ratio": 8.03,
            "price_fair": 77.4,
            "eps_avg_yearly": 2.21,
            "eps_latest_yearly": 1.56,
            "eps_growth_yearly": 45.37
        },
        "20232": {
            "year_quarter": 20232,
            "year": 2023,
            "quarter": 2,
            "eps": -0.26,
            "eps_growth_year": -2700,
            "eps_4q": -1.35,
            "eps_4q_growth_year": -288.34,
            "roe": -1.59,
            "roe_4q": -8.120000000000001,
            "gross_profit": -500113,
            "gross_margin": -14.64,
            "gross_margin_4q_avg": -13.39,
            "net_income": -731657,
            "revenue": 3415758,
            "common_shares": 29403289,
            "book_valuer_per_share": 15.65,
            "book_valuer_per_share_4q_avg": 16.31,
            "equity": 45038796,
            "current_ratio": 172.43,
            "debt_ratio": 16.64,
            "inventory_turnover_ratio": 2.46,
            "account_receivable_turnover_ratio": 2.31,
            "reinvestment_rate": 91.5,
            "research_to_sale_ratio": 5.77,
            "price_fair": 46.47,
            "eps_avg_yearly": 2.51,
            "eps_latest_yearly": 1.56,
            "eps_growth_yearly": 8.49
        }
    },
    "months": {
        "2001-08": {
            "month": "2001-08",
            "price": "12.04",
            "revenue": 1242740
        },
        "2001-09": {
            "month": "2001-09",
            "price": "7.78",
            "revenue": 1329486
        },
        "2001-10": {
            "month": "2001-10",
            "price": "7.51",
            "revenue": 1342323
        },
        "2001-11": {
            "month": "2001-11",
            "price": "11.21",
            "revenue": 2134379
        },
        "2001-12": {
            "month": "2001-12",
            "price": "15.83",
            "revenue": 2289504
        },
        "2002-01": {
            "month": "2002-01",
            "price": "23.75",
            "revenue": 2614169
        },
        "2002-02": {
            "month": "2002-02",
            "price": "30.20",
            "revenue": 2579982
        },
        "2002-03": {
            "month": "2002-03",
            "price": "28.72",
            "revenue": 3139485
        },
        "2002-04": {
            "month": "2002-04",
            "price": "33.58",
            "revenue": 3252444
        },
        "2002-05": {
            "month": "2002-05",
            "price": "30.15",
            "revenue": 3400655
        },
        "2002-06": {
            "month": "2002-06",
            "price": "25.35",
            "revenue": 3083862
        },
        "2002-07": {
            "month": "2002-07",
            "price": "23.23",
            "revenue": 2462525
        },
        "2002-08": {
            "month": "2002-08",
            "price": "19.20",
            "revenue": 2140131
        },
        "2002-09": {
            "month": "2002-09",
            "price": "13.80",
            "revenue": 2193761
        },
        "2002-10": {
            "month": "2002-10",
            "price": "12.06",
            "revenue": 2078418
        },
        "2002-11": {
            "month": "2002-11",
            "price": "12.89",
            "revenue": 1763027
        },
        "2002-12": {
            "month": "2002-12",
            "price": "11.07",
            "revenue": 1608742
        },
        "2003-01": {
            "month": "2003-01",
            "price": "11.10",
            "revenue": 2294721
        },
        "2003-02": {
            "month": "2003-02",
            "price": "10.68",
            "revenue": 2215893
        },
        "2003-03": {
            "month": "2003-03",
            "price": "10.27",
            "revenue": 2512472
        },
        "2003-04": {
            "month": "2003-04",
            "price": "9.47",
            "revenue": 2769395
        },
        "2003-05": {
            "month": "2003-05",
            "price": "7.68",
            "revenue": 2815124
        },
        "2003-06": {
            "month": "2003-06",
            "price": "11.13",
            "revenue": 2728043
        },
        "2003-07": {
            "month": "2003-07",
            "price": "14.41",
            "revenue": 2747351
        },
        "2003-08": {
            "month": "2003-08",
            "price": "14.59",
            "revenue": 2723221
        },
        "2003-09": {
            "month": "2003-09",
            "price": "14.52",
            "revenue": 2903860
        },
        "2003-10": {
            "month": "2003-10",
            "price": "14.75",
            "revenue": 2917174
        },
        "2003-11": {
            "month": "2003-11",
            "price": "14.37",
            "revenue": 3140955
        },
        "2003-12": {
            "month": "2003-12",
            "price": "13.56",
            "revenue": 3183387
        },
        "2004-01": {
            "month": "2004-01",
            "price": "13.72",
            "revenue": 3133450
        },
        "2004-02": {
            "month": "2004-02",
            "price": "14.37",
            "revenue": 3069412
        },
        "2004-03": {
            "month": "2004-03",
            "price": "17.11",
            "revenue": 3470607
        },
        "2004-04": {
            "month": "2004-04",
            "price": "20.04",
            "revenue": 3758713
        },
        "2004-05": {
            "month": "2004-05",
            "price": "17.88",
            "revenue": 4451241
        },
        "2004-06": {
            "month": "2004-06",
            "price": "16.66",
            "revenue": 4778956
        },
        "2004-07": {
            "month": "2004-07",
            "price": "15.17",
            "revenue": 3874188
        },
        "2004-08": {
            "month": "2004-08",
            "price": "12.96",
            "revenue": 2576529
        },
        "2004-09": {
            "month": "2004-09",
            "price": "11.89",
            "revenue": 2694803
        },
        "2004-10": {
            "month": "2004-10",
            "price": "10.94",
            "revenue": 2677124
        },
        "2004-11": {
            "month": "2004-11",
            "price": "9.85",
            "revenue": 2542270
        },
        "2004-12": {
            "month": "2004-12",
            "price": "10.03",
            "revenue": 2870461
        },
        "2005-01": {
            "month": "2005-01",
            "price": "10.35",
            "revenue": 3336316
        },
        "2005-02": {
            "month": "2005-02",
            "price": "11.53",
            "revenue": 3663591
        },
        "2005-03": {
            "month": "2005-03",
            "price": "10.28",
            "revenue": 4342143
        },
        "2005-04": {
            "month": "2005-04",
            "price": "9.43",
            "revenue": 5049197
        },
        "2005-05": {
            "month": "2005-05",
            "price": "9.37",
            "revenue": 5135872
        },
        "2005-06": {
            "month": "2005-06",
            "price": "10.72",
            "revenue": 5793748
        },
        "2005-07": {
            "month": "2005-07",
            "price": "10.51",
            "revenue": 5923534
        },
        "2005-08": {
            "month": "2005-08",
            "price": "9.23",
            "revenue": 5412817
        },
        "2005-09": {
            "month": "2005-09",
            "price": "7.77",
            "revenue": 5539074
        },
        "2005-10": {
            "month": "2005-10",
            "price": "6.69",
            "revenue": 5950456
        },
        "2005-11": {
            "month": "2005-11",
            "price": "7.00",
            "revenue": 6576473
        },
        "2005-12": {
            "month": "2005-12",
            "price": "6.97",
            "revenue": 5843259
        },
        "2006-01": {
            "month": "2006-01",
            "price": "7.17",
            "revenue": 5503421
        },
        "2006-02": {
            "month": "2006-02",
            "price": "6.61",
            "revenue": 5028679
        },
        "2006-03": {
            "month": "2006-03",
            "price": "5.74",
            "revenue": 5836968
        },
        "2006-04": {
            "month": "2006-04",
            "price": "6.38",
            "revenue": 5502065
        },
        "2006-05": {
            "month": "2006-05",
            "price": "5.94",
            "revenue": 4424352
        },
        "2006-06": {
            "month": "2006-06",
            "price": "5.13",
            "revenue": 3468922
        },
        "2006-07": {
            "month": "2006-07",
            "price": "4.82",
            "revenue": 4396667
        },
        "2006-08": {
            "month": "2006-08",
            "price": "4.58",
            "revenue": 5323505
        },
        "2006-09": {
            "month": "2006-09",
            "price": "4.93",
            "revenue": 5858676
        },
        "2006-10": {
            "month": "2006-10",
            "price": "4.91",
            "revenue": 6933692
        },
        "2006-11": {
            "month": "2006-11",
            "price": "5.22",
            "revenue": 6645824
        },
        "2006-12": {
            "month": "2006-12",
            "price": "5.93",
            "revenue": 5871707
        },
        "2007-01": {
            "month": "2007-01",
            "price": "5.92",
            "revenue": 5745857
        },
        "2007-02": {
            "month": "2007-02",
            "price": "5.83",
            "revenue": 4862889
        },
        "2007-03": {
            "month": "2007-03",
            "price": "5.15",
            "revenue": 5417333
        },
        "2007-04": {
            "month": "2007-04",
            "price": "6.26",
            "revenue": 6424019
        },
        "2007-05": {
            "month": "2007-05",
            "price": "6.88",
            "revenue": 7098217
        },
        "2007-06": {
            "month": "2007-06",
            "price": "7.74",
            "revenue": 7632201
        },
        "2007-07": {
            "month": "2007-07",
            "price": "9.33",
            "revenue": 8416133
        },
        "2007-08": {
            "month": "2007-08",
            "price": "9.22",
            "revenue": 8454545
        },
        "2007-09": {
            "month": "2007-09",
            "price": "9.05",
            "revenue": 8459955
        },
        "2007-10": {
            "month": "2007-10",
            "price": "10.80",
            "revenue": 8342777
        },
        "2007-11": {
            "month": "2007-11",
            "price": "14.79",
            "revenue": 7988365
        },
        "2007-12": {
            "month": "2007-12",
            "price": "14.05",
            "revenue": 6333859
        },
        "2008-01": {
            "month": "2008-01",
            "price": "12.78",
            "revenue": 6397092
        },
        "2008-02": {
            "month": "2008-02",
            "price": "12.53",
            "revenue": 5977635
        },
        "2008-03": {
            "month": "2008-03",
            "price": "13.23",
            "revenue": 6876513
        },
        "2008-04": {
            "month": "2008-04",
            "price": "13.99",
            "revenue": 6876030
        },
        "2008-05": {
            "month": "2008-05",
            "price": "13.96",
            "revenue": 7083009
        },
        "2008-06": {
            "month": "2008-06",
            "price": "12.25",
            "revenue": 6466149
        },
        "2008-07": {
            "month": "2008-07",
            "price": "9.73",
            "revenue": 4947530
        },
        "2008-08": {
            "month": "2008-08",
            "price": "8.10",
            "revenue": 4804779
        },
        "2008-09": {
            "month": "2008-09",
            "price": "7.23",
            "revenue": 5302928
        },
        "2008-10": {
            "month": "2008-10",
            "price": "6.08",
            "revenue": 3106486
        },
        "2008-11": {
            "month": "2008-11",
            "price": "4.41",
            "revenue": 1973756
        },
        "2008-12": {
            "month": "2008-12",
            "price": "3.95",
            "revenue": 510578
        },
        "2009-01": {
            "month": "2009-01",
            "price": "4.20",
            "revenue": 1247204
        },
        "2009-02": {
            "month": "2009-02",
            "price": "4.31",
            "revenue": 1629376
        },
        "2009-03": {
            "month": "2009-03",
            "price": "4.71",
            "revenue": 2812750
        },
        "2009-04": {
            "month": "2009-04",
            "price": "7.57",
            "revenue": 4274159
        },
        "2009-05": {
            "month": "2009-05",
            "price": "8.31",
            "revenue": 4275888
        },
        "2009-06": {
            "month": "2009-06",
            "price": "7.39",
            "revenue": 4830389
        },
        "2009-07": {
            "month": "2009-07",
            "price": "7.70",
            "revenue": 6062873
        },
        "2009-08": {
            "month": "2009-08",
            "price": "7.39",
            "revenue": 6102946
        },
        "2009-09": {
            "month": "2009-09",
            "price": "7.14",
            "revenue": 5403464
        },
        "2009-10": {
            "month": "2009-10",
            "price": "6.50",
            "revenue": 5000693
        },
        "2009-11": {
            "month": "2009-11",
            "price": "6.45",
            "revenue": 4401083
        },
        "2009-12": {
            "month": "2009-12",
            "price": "7.61",
            "revenue": 4653009
        },
        "2010-01": {
            "month": "2010-01",
            "price": "7.91",
            "revenue": 4995420
        },
        "2010-02": {
            "month": "2010-02",
            "price": "6.77",
            "revenue": 4401674
        },
        "2010-03": {
            "month": "2010-03",
            "price": "6.81",
            "revenue": 5297905
        },
        "2010-04": {
            "month": "2010-04",
            "price": "6.78",
            "revenue": 5810822
        },
        "2010-05": {
            "month": "2010-05",
            "price": "5.89",
            "revenue": 6007717
        },
        "2010-06": {
            "month": "2010-06",
            "price": "6.24",
            "revenue": 5397910
        },
        "2010-07": {
            "month": "2010-07",
            "price": "6.27",
            "revenue": 4752441
        },
        "2010-08": {
            "month": "2010-08",
            "price": "6.17",
            "revenue": 4108984
        },
        "2010-09": {
            "month": "2010-09",
            "price": "6.15",
            "revenue": 3950926
        },
        "2010-10": {
            "month": "2010-10",
            "price": "6.15",
            "revenue": 3327644
        },
        "2010-11": {
            "month": "2010-11",
            "price": "5.69",
            "revenue": 3478033
        },
        "2010-12": {
            "month": "2010-12",
            "price": "5.75",
            "revenue": 3399551
        },
        "2011-01": {
            "month": "2011-01",
            "price": "5.76",
            "revenue": 3845326
        },
        "2011-02": {
            "month": "2011-02",
            "price": "5.35",
            "revenue": 3155618
        },
        "2011-03": {
            "month": "2011-03",
            "price": "5.22",
            "revenue": 3531451
        },
        "2011-04": {
            "month": "2011-04",
            "price": "5.27",
            "revenue": 3897258
        },
        "2011-05": {
            "month": "2011-05",
            "price": "5.01",
            "revenue": 3941374
        },
        "2011-06": {
            "month": "2011-06",
            "price": "4.60",
            "revenue": 3702972
        },
        "2011-07": {
            "month": "2011-07",
            "price": "3.92",
            "revenue": 3401649
        },
        "2011-08": {
            "month": "2011-08",
            "price": "2.88",
            "revenue": 3219776
        },
        "2011-09": {
            "month": "2011-09",
            "price": "2.28",
            "revenue": 3561378
        },
        "2011-10": {
            "month": "2011-10",
            "price": "1.85",
            "revenue": 3582214
        },
        "2011-11": {
            "month": "2011-11",
            "price": "1.73",
            "revenue": 3334524
        },
        "2011-12": {
            "month": "2011-12",
            "price": "1.36",
            "revenue": 2513261
        },
        "2012-01": {
            "month": "2012-01",
            "price": "1.86",
            "revenue": 2736249
        },
        "2012-02": {
            "month": "2012-02",
            "price": "3.00",
            "revenue": 2625246
        },
        "2012-03": {
            "month": "2012-03",
            "price": "3.24",
            "revenue": 2898846
        },
        "2012-04": {
            "month": "2012-04",
            "price": "2.78",
            "revenue": 2945101
        },
        "2012-05": {
            "month": "2012-05",
            "price": "2.71",
            "revenue": 2703050
        },
        "2012-06": {
            "month": "2012-06",
            "price": "2.26",
            "revenue": 2828733
        },
        "2012-07": {
            "month": "2012-07",
            "price": "2.04",
            "revenue": 3125893
        },
        "2012-08": {
            "month": "2012-08",
            "price": "1.94",
            "revenue": 3529400
        },
        "2012-09": {
            "month": "2012-09",
            "price": "1.93",
            "revenue": 2965617
        },
        "2012-10": {
            "month": "2012-10",
            "price": "2.65",
            "revenue": 2728336
        },
        "2012-12": {
            "month": "2012-12",
            "price": "3.04",
            "revenue": 2896748
        },
        "2013-01": {
            "month": "2013-01",
            "price": "3.31",
            "revenue": 2808027
        },
        "2013-02": {
            "month": "2013-02",
            "price": "3.66",
            "revenue": 2109147
        },
        "2013-03": {
            "month": "2013-03",
            "price": "4.45",
            "revenue": 2647570
        },
        "2013-04": {
            "month": "2013-04",
            "price": "6.98",
            "revenue": 3120319
        },
        "2013-05": {
            "month": "2013-05",
            "price": "10.92",
            "revenue": 3111644
        },
        "2013-06": {
            "month": "2013-06",
            "price": "13.46",
            "revenue": 2946075
        },
        "2013-07": {
            "month": "2013-07",
            "price": "12.90",
            "revenue": 2789017
        },
        "2013-08": {
            "month": "2013-08",
            "price": "12.00",
            "revenue": 2717543
        },
        "2013-09": {
            "month": "2013-09",
            "price": "12.19",
            "revenue": 2898052
        },
        "2013-10": {
            "month": "2013-10",
            "price": "11.08",
            "revenue": 2420474
        },
        "2013-11": {
            "month": "2013-11",
            "price": "10.10",
            "revenue": 1896195
        },
        "2013-12": {
            "month": "2013-12",
            "price": "10.84",
            "revenue": 1958013
        },
        "2014-01": {
            "month": "2014-01",
            "price": "10.66",
            "revenue": 1886086
        },
        "2014-02": {
            "month": "2014-02",
            "price": "10.72",
            "revenue": 1759807
        },
        "2014-03": {
            "month": "2014-03",
            "price": "11.35",
            "revenue": 1979009
        },
        "2014-04": {
            "month": "2014-04",
            "price": "11.13",
            "revenue": 2019518
        },
        "2014-05": {
            "month": "2014-05",
            "price": "11.03",
            "revenue": 2078530
        },
        "2014-06": {
            "month": "2014-06",
            "price": "11.36",
            "revenue": 2037449
        },
        "2014-07": {
            "month": "2014-07",
            "price": "11.99",
            "revenue": 1856576
        },
        "2014-08": {
            "month": "2014-08",
            "price": "11.05",
            "revenue": 1825038
        },
        "2014-09": {
            "month": "2014-09",
            "price": "9.50",
            "revenue": 1965667
        },
        "2014-10": {
            "month": "2014-10",
            "price": "7.71",
            "revenue": 2107866
        },
        "2014-11": {
            "month": "2014-11",
            "price": "7.49",
            "revenue": 2098666
        },
        "2014-12": {
            "month": "2014-12",
            "price": "7.42",
            "revenue": 2060396
        },
        "2015-01": {
            "month": "2015-01",
            "price": "7.88",
            "revenue": 2081957
        },
        "2015-02": {
            "month": "2015-02",
            "price": "7.71",
            "revenue": 1343080
        },
        "2015-03": {
            "month": "2015-03",
            "price": "7.46",
            "revenue": 1865027
        },
        "2015-04": {
            "month": "2015-04",
            "price": "6.15",
            "revenue": 1481992
        },
        "2015-05": {
            "month": "2015-05",
            "price": "6.56",
            "revenue": 1339901
        },
        "2015-06": {
            "month": "2015-06",
            "price": "5.85",
            "revenue": 1305851
        },
        "2015-07": {
            "month": "2015-07",
            "price": "4.49",
            "revenue": 1399924
        },
        "2015-08": {
            "month": "2015-08",
            "price": "3.35",
            "revenue": 1329152
        },
        "2015-09": {
            "month": "2015-09",
            "price": "4.50",
            "revenue": 1262865
        },
        "2015-10": {
            "month": "2015-10",
            "price": "4.29",
            "revenue": 1326468
        },
        "2015-11": {
            "month": "2015-11",
            "price": "3.93",
            "revenue": 1227465
        },
        "2015-12": {
            "month": "2015-12",
            "price": "3.81",
            "revenue": 1215801
        },
        "2016-01": {
            "month": "2016-01",
            "price": "3.94",
            "revenue": 1406094
        },
        "2016-02": {
            "month": "2016-02",
            "price": "4.09",
            "revenue": 1016121
        },
        "2016-03": {
            "month": "2016-03",
            "price": "4.22",
            "revenue": 1174376
        },
        "2016-04": {
            "month": "2016-04",
            "price": "4.08",
            "revenue": 1205556
        },
        "2016-05": {
            "month": "2016-05",
            "price": "3.50",
            "revenue": 1425587
        },
        "2016-06": {
            "month": "2016-06",
            "price": "4.28",
            "revenue": 1392161
        },
        "2016-07": {
            "month": "2016-07",
            "price": "5.47",
            "revenue": 1819995
        },
        "2016-08": {
            "month": "2016-08",
            "price": "5.55",
            "revenue": 2273355
        },
        "2016-09": {
            "month": "2016-09",
            "price": "6.64",
            "revenue": 2868125
        },
        "2016-10": {
            "month": "2016-10",
            "price": "7.85",
            "revenue": 3192860
        },
        "2016-11": {
            "month": "2016-11",
            "price": "8.51",
            "revenue": 2865807
        },
        "2016-12": {
            "month": "2016-12",
            "price": "8.25",
            "revenue": 3285219
        },
        "2017-01": {
            "month": "2017-01",
            "price": "8.17",
            "revenue": 2192463
        },
        "2017-02": {
            "month": "2017-02",
            "price": "8.08",
            "revenue": 1954122
        },
        "2017-03": {
            "month": "2017-03",
            "price": "8.26",
            "revenue": 2077361
        },
        "2017-04": {
            "month": "2017-04",
            "price": "8.32",
            "revenue": 1477748
        },
        "2017-05": {
            "month": "2017-05",
            "price": "7.89",
            "revenue": 1626724
        },
        "2017-06": {
            "month": "2017-06",
            "price": "8.40",
            "revenue": 1605371
        },
        "2017-07": {
            "month": "2017-07",
            "price": "8.92",
            "revenue": 2114443
        },
        "2017-08": {
            "month": "2017-08",
            "price": "10.69",
            "revenue": 2413369
        },
        "2017-09": {
            "month": "2017-09",
            "price": "12.51",
            "revenue": 2130609
        },
        "2017-10": {
            "month": "2017-10",
            "price": "11.88",
            "revenue": 2404331
        },
        "2017-11": {
            "month": "2017-11",
            "price": "11.00",
            "revenue": 1989970
        },
        "2017-12": {
            "month": "2017-12",
            "price": "10.22",
            "revenue": 1757949
        },
        "2018-01": {
            "month": "2018-01",
            "price": "10.39",
            "revenue": 1925960
        },
        "2018-02": {
            "month": "2018-02",
            "price": "10.10",
            "revenue": 1136537
        },
        "2018-03": {
            "month": "2018-03",
            "price": "10.12",
            "revenue": 1380158
        },
        "2018-04": {
            "month": "2018-04",
            "price": "8.87",
            "revenue": 1383100
        },
        "2018-05": {
            "month": "2018-05",
            "price": "8.75",
            "revenue": 1875398
        },
        "2018-06": {
            "month": "2018-06",
            "price": "9.53",
            "revenue": 1873302
        },
        "2018-07": {
            "month": "2018-07",
            "price": "8.72",
            "revenue": 1622506
        },
        "2018-08": {
            "month": "2018-08",
            "price": "8.48",
            "revenue": 1326364
        },
        "2018-09": {
            "month": "2018-09",
            "price": "7.74",
            "revenue": 1152776
        },
        "2018-10": {
            "month": "2018-10",
            "price": "6.99",
            "revenue": 1332852
        },
        "2018-11": {
            "month": "2018-11",
            "price": "7.18",
            "revenue": 1115990
        },
        "2018-12": {
            "month": "2018-12",
            "price": "7.05",
            "revenue": 741385
        },
        "2019-01": {
            "month": "2019-01",
            "price": "7.00",
            "revenue": 1175279
        },
        "2019-02": {
            "month": "2019-02",
            "price": "6.88",
            "revenue": 880939
        },
        "2019-03": {
            "month": "2019-03",
            "price": "6.96",
            "revenue": 1206234
        },
        "2019-04": {
            "month": "2019-04",
            "price": "7.70",
            "revenue": 1383842
        },
        "2019-05": {
            "month": "2019-05",
            "price": "7.05",
            "revenue": 1393671
        },
        "2019-06": {
            "month": "2019-06",
            "price": "6.75",
            "revenue": 1484057
        },
        "2019-07": {
            "month": "2019-07",
            "price": "6.80",
            "revenue": 1419836
        },
        "2019-08": {
            "month": "2019-08",
            "price": "6.23",
            "revenue": 1305146
        },
        "2019-09": {
            "month": "2019-09",
            "price": "6.80",
            "revenue": 1559342
        },
        "2019-10": {
            "month": "2019-10",
            "price": "6.52",
            "revenue": 1497560
        },
        "2019-11": {
            "month": "2019-11",
            "price": "6.56",
            "revenue": 1468240
        },
        "2019-12": {
            "month": "2019-12",
            "price": "7.64",
            "revenue": 1562900
        },
        "2020-01": {
            "month": "2020-01",
            "price": "7.95",
            "revenue": 1104346
        },
        "2020-02": {
            "month": "2020-02",
            "price": "7.27",
            "revenue": 1011176
        },
        "2020-03": {
            "month": "2020-03",
            "price": "5.85",
            "revenue": 1301208
        },
        "2020-04": {
            "month": "2020-04",
            "price": "6.04",
            "revenue": 1017219
        },
        "2020-05": {
            "month": "2020-05",
            "price": "6.07",
            "revenue": 1262079
        },
        "2020-06": {
            "month": "2020-06",
            "price": "6.43",
            "revenue": 1377630
        },
        "2020-07": {
            "month": "2020-07",
            "price": "6.78",
            "revenue": 1475308
        },
        "2020-08": {
            "month": "2020-08",
            "price": "7.90",
            "revenue": 1906542
        },
        "2020-09": {
            "month": "2020-09",
            "price": "8.77",
            "revenue": 2055878
        },
        "2020-10": {
            "month": "2020-10",
            "price": "9.19",
            "revenue": 2078321
        },
        "2020-11": {
            "month": "2020-11",
            "price": "9.50",
            "revenue": 2392774
        },
        "2020-12": {
            "month": "2020-12",
            "price": "12.58",
            "revenue": 2570825
        },
        "2021-01": {
            "month": "2021-01",
            "price": "12.23",
            "revenue": 2481360
        },
        "2021-02": {
            "month": "2021-02",
            "price": "13.00",
            "revenue": 2378565
        },
        "2021-03": {
            "month": "2021-03",
            "price": "13.20",
            "revenue": 3027717
        },
        "2021-04": {
            "month": "2021-04",
            "price": "20.43",
            "revenue": 2750339
        },
        "2021-05": {
            "month": "2021-05",
            "price": "20.64",
            "revenue": 2814670
        },
        "2021-06": {
            "month": "2021-06",
            "price": "22.73",
            "revenue": 2501579
        },
        "2021-07": {
            "month": "2021-07",
            "price": "20.87",
            "revenue": 2334991
        },
        "2021-08": {
            "month": "2021-08",
            "price": "18.35",
            "revenue": 2119586
        },
        "2021-09": {
            "month": "2021-09",
            "price": "15.50",
            "revenue": 1659038
        },
        "2021-10": {
            "month": "2021-10",
            "price": "13.96",
            "revenue": 1462486
        },
        "2021-11": {
            "month": "2021-11",
            "price": "15.25",
            "revenue": 1911321
        },
        "2021-12": {
            "month": "2021-12",
            "price": "16.69",
            "revenue": 1935251
        },
        "2022-01": {
            "month": "2022-01",
            "price": "16.82",
            "revenue": 1735178
        },
        "2022-02": {
            "month": "2022-02",
            "price": "16.46",
            "revenue": 1481068
        },
        "2022-03": {
            "month": "2022-03",
            "price": "15.98",
            "revenue": 1739702
        },
        "2022-04": {
            "month": "2022-04",
            "price": "14.00",
            "revenue": 1385548
        },
        "2022-05": {
            "month": "2022-05",
            "price": "12.57",
            "revenue": 1602322
        },
        "2022-06": {
            "month": "2022-06",
            "price": "11.79",
            "revenue": 1504899
        },
        "2022-07": {
            "month": "2022-07",
            "price": "10.03",
            "revenue": 1355754
        },
        "2022-08": {
            "month": "2022-08",
            "price": "10.87",
            "revenue": 1437876
        },
        "2022-09": {
            "month": "2022-09",
            "price": "11.70",
            "revenue": 1031744
        },
        "2022-10": {
            "month": "2022-10",
            "price": "11.80",
            "revenue": 1307408
        },
        "2022-11": {
            "month": "2022-11",
            "price": "11.62",
            "revenue": 1327653
        },
        "2022-12": {
            "month": "2022-12",
            "price": "11.14",
            "revenue": 1141608
        },
        "2023-01": {
            "month": "2023-01",
            "price": "11.48",
            "revenue": 780503
        },
        "2023-02": {
            "month": "2023-02",
            "price": "12.65",
            "revenue": 766576
        },
        "2023-03": {
            "month": "2023-03",
            "price": "13.07",
            "revenue": 1128790
        },
        "2023-04": {
            "month": "2023-04",
            "price": "12.84",
            "revenue": 1188893
        },
        "2023-05": {
            "month": "2023-05",
            "price": "12.17",
            "revenue": 1005573
        },
        "2023-06": {
            "month": "2023-06",
            "price": "13.24",
            "revenue": 1221292
        },
        "2023-07": {
            "month": "2023-07",
            "price": "13.55",
            "revenue": 1099426
        },
        "2023-08": {
            "month": "2023-08",
            "price": "12.71",
            "revenue": 1137458
        }
    }
}
