{
    "summary": {
        "stock_name": "迎廣",
        "stock_id": "6117",
        "category": "電腦及週邊設備",
        "main_business": "電腦機殼、電腦及其週邊設備、塑膠成品等之加工製造及買賣<br>機械五金零件之製造烤漆及買賣業務",
        "website_url": "https://www.in-win.com/",
        "ceo": "黃國輝",
        "pe_ratio": 100,
        "report_year_from": 2001,
        "report_year_to": 2023,
        "age": 23,
        "eps_negative_percentage": 39,
        "eps_growth_avg": {
            "last_all": -40.28,
            "last_2y": -77.42,
            "last_4y": -77.42,
            "last_8y": -92.47,
            "last_12y": -43.49,
            "last_16y": -35.22,
            "last_20y": -39.74,
            "at_2006_last_3y": -53.3,
            "at_2007_last_3y": -55.3,
            "at_2008_last_3y": 11.36,
            "at_2009_last_3y": -16.48,
            "at_2010_last_3y": -18.67,
            "at_2011_last_3y": 11.29,
            "at_2012_last_3y": -55.38,
            "at_2013_last_3y": -33.06,
            "at_2014_last_3y": 5.49,
            "at_2015_last_3y": -39.13,
            "at_2016_last_3y": -8.7,
            "at_2017_last_3y": -8.7,
            "at_2018_last_3y": -100,
            "at_2019_last_3y": -100,
            "at_2020_last_3y": -100,
            "at_2021_last_3y": -100,
            "at_2022_last_3y": null,
            "at_2023_last_3y": -77.42,
            "at_2024_last_3y": -77.42,
            "at_2006_last_all": -51.69,
            "at_2007_last_all": -52.55,
            "at_2008_last_all": -27.13,
            "at_2009_last_all": -37.54,
            "at_2010_last_all": -37.54,
            "at_2011_last_all": -28.61,
            "at_2012_last_all": -36.54,
            "at_2013_last_all": -36.54,
            "at_2014_last_all": -24.63,
            "at_2015_last_all": -31.48,
            "at_2016_last_all": -31.48,
            "at_2017_last_all": -31.48,
            "at_2018_last_all": -37.19,
            "at_2019_last_all": -37.19,
            "at_2020_last_all": -37.19,
            "at_2021_last_all": -37.19,
            "at_2022_last_all": -37.19,
            "at_2023_last_all": -40.28,
            "at_2024_last_all": -40.28
        },
        "latest_eps": 0.06,
        "latest_price": 73.8,
        "latest_roe": 0.13,
        "latest_gross_margin": 25.56,
        "latest_equity": 1158798,
        "latest_revenue": 652986,
        "latest_gross_profit": 166889,
        "latest_net_income": 62436,
        "latest_debt_ratio": 68.24,
        "latest_current_ratio": 112.68,
        "latest_account_receivable_turnover_ratio": 1.5,
        "latest_inventory_turnover_ratio": 0.81,
        "latest_reinvestment_rate": null,
        "latest_research_to_sale_ratio": 3.41
    },
    "eps_dividends": {
        "2001": {
            "cash": 0,
            "stock": 0,
            "eps": 10.46
        },
        "2002": {
            "cash": 0,
            "stock": 0,
            "eps": 5.56
        },
        "2003": {
            "cash": 0.8,
            "stock": 2,
            "eps": 2.78
        },
        "2004": {
            "cash": 0.4,
            "stock": 1.8,
            "eps": -1.38
        },
        "2005": {
            "cash": 0.25,
            "stock": 0,
            "eps": 1.11
        },
        "2006": {
            "cash": 0.31,
            "stock": 0,
            "eps": 1
        },
        "2007": {
            "cash": 0.5,
            "stock": 0,
            "eps": 0.44
        },
        "2008": {
            "cash": 0.3,
            "stock": 0,
            "eps": 1.57
        },
        "2009": {
            "cash": 0.5,
            "stock": 0,
            "eps": -0.36
        },
        "2010": {
            "cash": 0.2,
            "stock": 0,
            "eps": 0.62
        },
        "2011": {
            "cash": 0.7,
            "stock": 0,
            "eps": 0.83
        },
        "2012": {
            "cash": 0,
            "stock": 0,
            "eps": -0.48
        },
        "2013": {
            "cash": 0.2,
            "stock": 0,
            "eps": 0.23
        },
        "2014": {
            "cash": 0.25,
            "stock": 0,
            "eps": 0.42
        },
        "2015": {
            "cash": 0.3,
            "stock": 0,
            "eps": -2.63
        },
        "2016": {
            "cash": 0,
            "stock": 0,
            "eps": -1.91
        },
        "2017": {
            "cash": 0,
            "stock": 0,
            "eps": 3.21
        },
        "2018": {
            "cash": 1.2,
            "stock": 0,
            "eps": -2.15
        },
        "2019": {
            "cash": 0,
            "stock": 0,
            "eps": -1.73
        },
        "2020": {
            "cash": 0,
            "stock": 0,
            "eps": -0.86
        },
        "2021": {
            "cash": 0,
            "stock": 0,
            "eps": -0.99
        },
        "2022": {
            "cash": 0,
            "stock": 0,
            "eps": 0.62
        },
        "2023": {
            "cash": 0,
            "stock": 0,
            "eps": 0.14
        }
    },
    "dividends": {
        "2003-04-16": {
            "cash": 0.8,
            "stock": 2
        },
        "2004-03-30": {
            "cash": 0.4,
            "stock": 1.8
        },
        "2005-04-29": {
            "cash": 0.25,
            "stock": 0
        },
        "2006-05-02": {
            "cash": 0.31,
            "stock": 0
        },
        "2007-04-24": {
            "cash": 0.5,
            "stock": 0
        },
        "2008-03-21": {
            "cash": 0.3,
            "stock": 0
        },
        "2009-03-23": {
            "cash": 0.5,
            "stock": 0
        },
        "2010-03-26": {
            "cash": 0.2,
            "stock": 0
        },
        "2011-01-01": {
            "cash": 0.4,
            "stock": 0
        },
        "2011-05-12": {
            "cash": 0.3,
            "stock": 0
        },
        "2013-05-09": {
            "cash": 0.2,
            "stock": 0
        },
        "2014-08-20": {
            "cash": 0.25,
            "stock": 0
        },
        "2015-08-20": {
            "cash": 0.3,
            "stock": 0
        },
        "2018-08-10": {
            "cash": 1.2,
            "stock": 0
        }
    },
    "prices": {
        "200101": "無",
        "200102": "無",
        "200103": "無",
        "200104": "無",
        "200105": "無",
        "200106": "無",
        "200107": "無",
        "200108": "無",
        "200109": "無",
        "200110": "無",
        "200111": "無",
        "200112": "136.03",
        "200201": "253.86",
        "200202": "247.83",
        "200203": "226.52",
        "200204": "196.52",
        "200205": "160.45",
        "200206": "128.08",
        "200207": "112.09",
        "200208": "93.07",
        "200209": "75.98",
        "200210": "65.57",
        "200211": "70.88",
        "200212": "67.00",
        "200301": "55.45",
        "200302": "48.58",
        "200303": "48.10",
        "200304": "47.49",
        "200305": "44.46",
        "200306": "48.96",
        "200307": "52.70",
        "200308": "51.38",
        "200309": "49.74",
        "200310": "52.46",
        "200311": "54.78",
        "200312": "60.39",
        "200401": "71.00",
        "200402": "73.32",
        "200403": "51.27",
        "200404": "44.12",
        "200405": "32.05",
        "200406": "30.92",
        "200407": "25.22",
        "200408": "20.88",
        "200409": "15.29",
        "200410": "15.04",
        "200411": "14.63",
        "200412": "14.74",
        "200501": "13.99",
        "200502": "14.85",
        "200503": "15.42",
        "200504": "13.84",
        "200505": "16.56",
        "200506": "20.12",
        "200507": "22.25",
        "200508": "16.85",
        "200509": "16.42",
        "200510": "15.75",
        "200511": "17.39",
        "200512": "17.80",
        "200601": "16.55",
        "200602": "15.59",
        "200603": "14.68",
        "200604": "15.48",
        "200605": "14.96",
        "200606": "13.91",
        "200607": "14.15",
        "200608": "14.76",
        "200609": "14.03",
        "200610": "15.02",
        "200611": "17.13",
        "200612": "17.40",
        "200701": "19.68",
        "200702": "19.34",
        "200703": "21.22",
        "200704": "23.84",
        "200705": "21.87",
        "200706": "24.13",
        "200707": "24.65",
        "200708": "21.23",
        "200709": "20.81",
        "200710": "20.95",
        "200711": "18.96",
        "200712": "16.10",
        "200801": "14.12",
        "200802": "14.65",
        "200803": "14.99",
        "200804": "15.37",
        "200805": "17.63",
        "200806": "16.13",
        "200807": "14.37",
        "200808": "14.58",
        "200809": "13.96",
        "200810": "13.51",
        "200811": "13.32",
        "200812": "12.08",
        "200901": "11.66",
        "200902": "11.16",
        "200903": "12.76",
        "200904": "14.35",
        "200905": "15.30",
        "200906": "14.07",
        "200907": "14.77",
        "200908": "15.09",
        "200909": "15.08",
        "200910": "15.90",
        "200911": "17.14",
        "200912": "17.60",
        "201001": "24.84",
        "201002": "22.47",
        "201003": "24.52",
        "201004": "23.54",
        "201005": "20.89",
        "201006": "19.99",
        "201007": "19.90",
        "201008": "19.14",
        "201009": "18.01",
        "201010": "17.47",
        "201011": "15.13",
        "201012": "17.22",
        "201101": "17.08",
        "201102": "17.11",
        "201103": "17.59",
        "201104": "17.11",
        "201105": "16.55",
        "201106": "16.14",
        "201107": "15.08",
        "201108": "13.78",
        "201109": "14.83",
        "201110": "14.52",
        "201111": "14.70",
        "201112": "13.27",
        "201201": "13.28",
        "201202": "15.28",
        "201203": "15.85",
        "201204": "15.33",
        "201205": "13.80",
        "201206": "12.68",
        "201207": "12.30",
        "201208": "12.20",
        "201209": "12.10",
        "201210": "11.90",
        "201211": "10.83",
        "201212": "11.16",
        "201301": "11.74",
        "201302": "12.96",
        "201303": "13.24",
        "201304": "13.85",
        "201305": "14.58",
        "201306": "14.43",
        "201307": "14.47",
        "201308": "13.93",
        "201309": "14.18",
        "201310": "14.32",
        "201311": "14.92",
        "201312": "14.34",
        "201401": "15.02",
        "201402": "15.85",
        "201403": "17.96",
        "201404": "17.21",
        "201405": "19.42",
        "201406": "23.03",
        "201407": "23.21",
        "201408": "22.69",
        "201409": "19.43",
        "201410": "16.26",
        "201411": "15.41",
        "201412": "15.98",
        "201501": "16.13",
        "201502": "15.69",
        "201503": "15.89",
        "201504": "16.49",
        "201505": "15.12",
        "201506": "13.42",
        "201507": "13.59",
        "201508": "12.44",
        "201509": "13.63",
        "201510": "14.96",
        "201511": "14.67",
        "201512": "14.70",
        "201601": "14.75",
        "201602": "14.14",
        "201603": "13.97",
        "201604": "14.31",
        "201605": "13.82",
        "201606": "14.13",
        "201607": "14.50",
        "201608": "14.78",
        "201609": "14.53",
        "201610": "14.11",
        "201611": "13.78",
        "201612": "13.10",
        "201701": "13.52",
        "201702": "15.22",
        "201703": "16.64",
        "201704": "17.94",
        "201705": "18.01",
        "201706": "18.14",
        "201707": "17.80",
        "201708": "17.32",
        "201709": "17.48",
        "201710": "17.87",
        "201711": "18.66",
        "201712": "18.13",
        "201801": "18.49",
        "201802": "18.37",
        "201803": "20.49",
        "201804": "17.49",
        "201805": "16.54",
        "201806": "16.46",
        "201807": "15.89",
        "201808": "14.33",
        "201809": "13.11",
        "201810": "11.73",
        "201811": "11.56",
        "201812": "12.32",
        "201901": "12.52",
        "201902": "13.38",
        "201903": "14.21",
        "201904": "14.68",
        "201905": "13.95",
        "201906": "13.49",
        "201907": "14.58",
        "201908": "14.36",
        "201909": "14.28",
        "201910": "13.99",
        "201911": "13.62",
        "201912": "13.54",
        "202001": "14.19",
        "202002": "14.66",
        "202003": "12.90",
        "202004": "14.29",
        "202005": "15.94",
        "202006": "18.36",
        "202007": "18.72",
        "202008": "18.27",
        "202009": "17.74",
        "202010": "17.78",
        "202011": "16.57",
        "202012": "16.80",
        "202101": "15.76",
        "202102": "15.68",
        "202103": "15.98",
        "202104": "16.78",
        "202105": "16.45",
        "202106": "16.16",
        "202107": "16.97",
        "202108": "16.20",
        "202109": "16.01",
        "202110": "15.90",
        "202111": "16.51",
        "202112": "16.85",
        "202201": "17.08",
        "202202": "16.40",
        "202203": "15.72",
        "202204": "15.58",
        "202205": "15.49",
        "202206": "15.24",
        "202207": "14.98",
        "202208": "17.54",
        "202209": "16.98",
        "202210": "13.33",
        "202211": "13.98",
        "202212": "14.31",
        "202301": "13.85",
        "202302": "14.28",
        "202303": "14.90",
        "202304": "14.92",
        "202305": "14.75",
        "202306": "16.56",
        "202307": "24.88",
        "202308": "29.37",
        "202309": "34.07",
        "202310": "47.09",
        "202311": "51.25",
        "202312": "74.69"
    },
    "quarters": {
        "20011": {
            "year_quarter": 20011,
            "year": 2001,
            "quarter": 1,
            "eps": 2.05,
            "eps_growth_year": null,
            "eps_4q": null,
            "eps_4q_growth_year": null,
            "roe": 9.53,
            "roe_4q": 9.53,
            "gross_profit": 161677,
            "gross_margin": 23.49,
            "gross_margin_4q_avg": 23.49,
            "net_income": 71824,
            "net_income_4q": null,
            "revenue": 688321,
            "revenue_4q": null,
            "common_shares": 350000,
            "book_valuer_per_share": 22.55,
            "book_valuer_per_share_4q_avg": 22.55,
            "equity": 789178,
            "current_ratio": 118.08,
            "debt_ratio": 56.25,
            "inventory_turnover_ratio": 4.35,
            "account_receivable_turnover_ratio": null,
            "reinvestment_rate": null,
            "research_to_sale_ratio": null,
            "price_fair": 0,
            "eps_avg_yearly": 0,
            "eps_latest_yearly": 0,
            "eps_growth_yearly": 0
        },
        "20012": {
            "year_quarter": 20012,
            "year": 2001,
            "quarter": 2,
            "eps": 1.76,
            "eps_growth_year": null,
            "eps_4q": 7.88,
            "eps_4q_growth_year": null,
            "roe": 7.68,
            "roe_4q": 17.21,
            "gross_profit": 110457,
            "gross_margin": 21.53,
            "gross_margin_4q_avg": 22.51,
            "net_income": 61548,
            "net_income_4q": null,
            "revenue": 513027,
            "revenue_4q": null,
            "common_shares": 350000,
            "book_valuer_per_share": 23.26,
            "book_valuer_per_share_4q_avg": 22.91,
            "equity": 814121,
            "current_ratio": 114.95,
            "debt_ratio": 53.44,
            "inventory_turnover_ratio": 5.22,
            "account_receivable_turnover_ratio": null,
            "reinvestment_rate": null,
            "research_to_sale_ratio": null,
            "price_fair": 0,
            "eps_avg_yearly": 0,
            "eps_latest_yearly": 0,
            "eps_growth_yearly": 0
        },
        "20013": {
            "year_quarter": 20013,
            "year": 2001,
            "quarter": 3,
            "eps": 3.4,
            "eps_growth_year": 174.19,
            "eps_4q": 8.9,
            "eps_4q_growth_year": null,
            "roe": 16.18,
            "roe_4q": 33.39,
            "gross_profit": 263018,
            "gross_margin": 28,
            "gross_margin_4q_avg": 24.34,
            "net_income": 143468,
            "net_income_4q": null,
            "revenue": 939466,
            "revenue_4q": null,
            "common_shares": 422000,
            "book_valuer_per_share": 22.74,
            "book_valuer_per_share_4q_avg": 22.85,
            "equity": 959460,
            "current_ratio": 111.23,
            "debt_ratio": 54.54,
            "inventory_turnover_ratio": 6.57,
            "account_receivable_turnover_ratio": null,
            "reinvestment_rate": null,
            "research_to_sale_ratio": null,
            "price_fair": 0,
            "eps_avg_yearly": 0,
            "eps_latest_yearly": 0,
            "eps_growth_yearly": 0
        },
        "20014": {
            "year_quarter": 20014,
            "year": 2001,
            "quarter": 4,
            "eps": 3.25,
            "eps_growth_year": 15.25,
            "eps_4q": 9.81,
            "eps_4q_growth_year": null,
            "roe": 13.32,
            "roe_4q": 46.71,
            "gross_profit": 246332,
            "gross_margin": 25.48,
            "gross_margin_4q_avg": 24.63,
            "net_income": 137184,
            "net_income_4q": null,
            "revenue": 966898,
            "revenue_4q": null,
            "common_shares": 422000,
            "book_valuer_per_share": 26.09,
            "book_valuer_per_share_4q_avg": 23.66,
            "equity": 1100991,
            "current_ratio": 122.71,
            "debt_ratio": 51.8,
            "inventory_turnover_ratio": 4.21,
            "account_receivable_turnover_ratio": null,
            "reinvestment_rate": null,
            "research_to_sale_ratio": null,
            "price_fair": 0,
            "eps_avg_yearly": 0,
            "eps_latest_yearly": 0,
            "eps_growth_yearly": 0
        },
        "20021": {
            "year_quarter": 20021,
            "year": 2002,
            "quarter": 1,
            "eps": 2.42,
            "eps_growth_year": 18.05,
            "eps_4q": 10.52,
            "eps_4q_growth_year": null,
            "roe": 8.87,
            "roe_4q": 46.05,
            "gross_profit": 178135,
            "gross_margin": 25.24,
            "gross_margin_4q_avg": 25.06,
            "net_income": 102231,
            "net_income_4q": null,
            "revenue": 705669,
            "revenue_4q": null,
            "common_shares": 422000,
            "book_valuer_per_share": 28.51,
            "book_valuer_per_share_4q_avg": 25.15,
            "equity": 1203237,
            "current_ratio": 119.41,
            "debt_ratio": 45.72,
            "inventory_turnover_ratio": 2.94,
            "account_receivable_turnover_ratio": null,
            "reinvestment_rate": null,
            "research_to_sale_ratio": null,
            "price_fair": 29.04,
            "eps_avg_yearly": 9.68,
            "eps_latest_yearly": 9.68,
            "eps_growth_yearly": -102.15
        },
        "20022": {
            "year_quarter": 20022,
            "year": 2002,
            "quarter": 2,
            "eps": 0.77,
            "eps_growth_year": -56.25,
            "eps_4q": 7.4,
            "eps_4q_growth_year": -6.1,
            "roe": 3.75,
            "roe_4q": 42.12,
            "gross_profit": 118802,
            "gross_margin": 20.8,
            "gross_margin_4q_avg": 24.88,
            "net_income": 44489,
            "net_income_4q": null,
            "revenue": 571126,
            "revenue_4q": null,
            "common_shares": 575000,
            "book_valuer_per_share": 20.34,
            "book_valuer_per_share_4q_avg": 24.42,
            "equity": 1169584,
            "current_ratio": 104.29,
            "debt_ratio": 48.16,
            "inventory_turnover_ratio": 2.88,
            "account_receivable_turnover_ratio": null,
            "reinvestment_rate": null,
            "research_to_sale_ratio": null,
            "price_fair": 19.14,
            "eps_avg_yearly": 6.38,
            "eps_latest_yearly": 3.08,
            "eps_growth_yearly": -187.44
        },
        "20023": {
            "year_quarter": 20023,
            "year": 2002,
            "quarter": 3,
            "eps": 1.26,
            "eps_growth_year": -62.94,
            "eps_4q": 6.01,
            "eps_4q_growth_year": -32.47,
            "roe": 4.96,
            "roe_4q": 30.9,
            "gross_profit": 126831,
            "gross_margin": 21.22,
            "gross_margin_4q_avg": 23.19,
            "net_income": 75264,
            "net_income_4q": null,
            "revenue": 597783,
            "revenue_4q": null,
            "common_shares": 623000,
            "book_valuer_per_share": 29.96,
            "book_valuer_per_share_4q_avg": 26.23,
            "equity": 1866684,
            "current_ratio": 140.22,
            "debt_ratio": 29.89,
            "inventory_turnover_ratio": 2.22,
            "account_receivable_turnover_ratio": null,
            "reinvestment_rate": null,
            "research_to_sale_ratio": null,
            "price_fair": 17.8,
            "eps_avg_yearly": 5.93,
            "eps_latest_yearly": 5.04,
            "eps_growth_yearly": -40.11
        },
        "20024": {
            "year_quarter": 20024,
            "year": 2002,
            "quarter": 4,
            "eps": 1.11,
            "eps_growth_year": -65.85,
            "eps_4q": 4.84,
            "eps_4q_growth_year": -50.65,
            "roe": 3.48,
            "roe_4q": 21.06,
            "gross_profit": 165677,
            "gross_margin": 23.94,
            "gross_margin_4q_avg": 22.8,
            "net_income": 66048,
            "net_income_4q": null,
            "revenue": 692124,
            "revenue_4q": null,
            "common_shares": 623000,
            "book_valuer_per_share": 30.99,
            "book_valuer_per_share_4q_avg": 27.45,
            "equity": 1930842,
            "current_ratio": 114.69,
            "debt_ratio": 35.81,
            "inventory_turnover_ratio": 1.46,
            "account_receivable_turnover_ratio": null,
            "reinvestment_rate": null,
            "research_to_sale_ratio": null,
            "price_fair": 16.68,
            "eps_avg_yearly": 5.56,
            "eps_latest_yearly": 4.44,
            "eps_growth_yearly": -41.99
        },
        "20031": {
            "year_quarter": 20031,
            "year": 2003,
            "quarter": 1,
            "eps": 1.11,
            "eps_growth_year": -54.13,
            "eps_4q": 4.1,
            "eps_4q_growth_year": -61.06,
            "roe": 3.51,
            "roe_4q": 15.7,
            "gross_profit": 134245,
            "gross_margin": 23.27,
            "gross_margin_4q_avg": 22.31,
            "net_income": 69056,
            "net_income_4q": null,
            "revenue": 576792,
            "revenue_4q": null,
            "common_shares": 623000,
            "book_valuer_per_share": 32.1,
            "book_valuer_per_share_4q_avg": 28.35,
            "equity": 1999849,
            "current_ratio": 133.6,
            "debt_ratio": 24.12,
            "inventory_turnover_ratio": 1.32,
            "account_receivable_turnover_ratio": null,
            "reinvestment_rate": null,
            "research_to_sale_ratio": null,
            "price_fair": 16.01,
            "eps_avg_yearly": 5.34,
            "eps_latest_yearly": 4.44,
            "eps_growth_yearly": -33.59
        },
        "20032": {
            "year_quarter": 20032,
            "year": 2003,
            "quarter": 2,
            "eps": 0.13,
            "eps_growth_year": -83.12,
            "eps_4q": 3.6,
            "eps_4q_growth_year": -51.38,
            "roe": 0.4,
            "roe_4q": 12.35,
            "gross_profit": 111402,
            "gross_margin": 21.02,
            "gross_margin_4q_avg": 22.36,
            "net_income": 7890,
            "net_income_4q": null,
            "revenue": 530060,
            "revenue_4q": null,
            "common_shares": 623000,
            "book_valuer_per_share": 31.3,
            "book_valuer_per_share_4q_avg": 31.09,
            "equity": 1950256,
            "current_ratio": 103.52,
            "debt_ratio": 26.56,
            "inventory_turnover_ratio": 1.79,
            "account_receivable_turnover_ratio": null,
            "reinvestment_rate": null,
            "research_to_sale_ratio": null,
            "price_fair": 13.6,
            "eps_avg_yearly": 4.53,
            "eps_latest_yearly": 0.52,
            "eps_growth_yearly": -86.85
        },
        "20033": {
            "year_quarter": 20033,
            "year": 2003,
            "quarter": 3,
            "eps": 0.85,
            "eps_growth_year": -32.54,
            "eps_4q": 2.73,
            "eps_4q_growth_year": -54.52,
            "roe": 3.27,
            "roe_4q": 10.66,
            "gross_profit": 160938,
            "gross_margin": 20.64,
            "gross_margin_4q_avg": 22.22,
            "net_income": 64495,
            "net_income_4q": null,
            "revenue": 779768,
            "revenue_4q": null,
            "common_shares": 755000,
            "book_valuer_per_share": 26.4,
            "book_valuer_per_share_4q_avg": 30.2,
            "equity": 1993084,
            "current_ratio": 113.95,
            "debt_ratio": 30.64,
            "inventory_turnover_ratio": 2.33,
            "account_receivable_turnover_ratio": null,
            "reinvestment_rate": null,
            "research_to_sale_ratio": null,
            "price_fair": 153,
            "eps_avg_yearly": 4.37,
            "eps_latest_yearly": 3.4,
            "eps_growth_yearly": 242.04
        },
        "20034": {
            "year_quarter": 20034,
            "year": 2003,
            "quarter": 4,
            "eps": 0.69,
            "eps_growth_year": -37.84,
            "eps_4q": 2.57,
            "eps_4q_growth_year": -46.99,
            "roe": 2.56,
            "roe_4q": 9.74,
            "gross_profit": 137544,
            "gross_margin": 15.26,
            "gross_margin_4q_avg": 20.05,
            "net_income": 52021,
            "net_income_4q": null,
            "revenue": 901372,
            "revenue_4q": null,
            "common_shares": 755000,
            "book_valuer_per_share": 27.41,
            "book_valuer_per_share_4q_avg": 29.3,
            "equity": 2069276,
            "current_ratio": 83.29,
            "debt_ratio": 44.3,
            "inventory_turnover_ratio": 1.82,
            "account_receivable_turnover_ratio": null,
            "reinvestment_rate": null,
            "research_to_sale_ratio": null,
            "price_fair": 145.95,
            "eps_avg_yearly": 4.17,
            "eps_latest_yearly": 2.76,
            "eps_growth_yearly": 202.37
        },
        "20041": {
            "year_quarter": 20041,
            "year": 2004,
            "quarter": 1,
            "eps": 0.24,
            "eps_growth_year": -78.38,
            "eps_4q": 1.9,
            "eps_4q_growth_year": -53.56,
            "roe": 0.87,
            "roe_4q": 7.1000000000000005,
            "gross_profit": 122588,
            "gross_margin": 16.72,
            "gross_margin_4q_avg": 18.41,
            "net_income": 17962,
            "net_income_4q": null,
            "revenue": 733391,
            "revenue_4q": null,
            "common_shares": 755000,
            "book_valuer_per_share": 27.19,
            "book_valuer_per_share_4q_avg": 28.08,
            "equity": 2052644,
            "current_ratio": 128.46,
            "debt_ratio": 26.63,
            "inventory_turnover_ratio": 1.51,
            "account_receivable_turnover_ratio": null,
            "reinvestment_rate": null,
            "research_to_sale_ratio": null,
            "price_fair": 133.47,
            "eps_avg_yearly": 3.81,
            "eps_latest_yearly": 0.96,
            "eps_growth_yearly": 150.9
        },
        "20042": {
            "year_quarter": 20042,
            "year": 2004,
            "quarter": 2,
            "eps": 0.15,
            "eps_growth_year": 15.38,
            "eps_4q": 1.9,
            "eps_4q_growth_year": -47.3,
            "roe": 0.56,
            "roe_4q": 7.26,
            "gross_profit": 66121,
            "gross_margin": 11.98,
            "gross_margin_4q_avg": 16.15,
            "net_income": 11559,
            "net_income_4q": null,
            "revenue": 552000,
            "revenue_4q": null,
            "common_shares": 755000,
            "book_valuer_per_share": 27.13,
            "book_valuer_per_share_4q_avg": 27.03,
            "equity": 2048242,
            "current_ratio": 126.97,
            "debt_ratio": 27.97,
            "inventory_turnover_ratio": 2.05,
            "account_receivable_turnover_ratio": null,
            "reinvestment_rate": 76.93,
            "research_to_sale_ratio": null,
            "price_fair": 122.22,
            "eps_avg_yearly": 3.49,
            "eps_latest_yearly": 0.6,
            "eps_growth_yearly": 120.81
        },
        "20043": {
            "year_quarter": 20043,
            "year": 2004,
            "quarter": 3,
            "eps": -0.32,
            "eps_growth_year": -137.65,
            "eps_4q": 0.59,
            "eps_4q_growth_year": -78.58,
            "roe": -1.41,
            "roe_4q": 2.58,
            "gross_profit": 99373,
            "gross_margin": 14.13,
            "gross_margin_4q_avg": 14.52,
            "net_income": -28824,
            "net_income_4q": null,
            "revenue": 703297,
            "revenue_4q": null,
            "common_shares": 900000,
            "book_valuer_per_share": 22.56,
            "book_valuer_per_share_4q_avg": 26.07,
            "equity": 2029950,
            "current_ratio": 120.17,
            "debt_ratio": 39.05,
            "inventory_turnover_ratio": 2.38,
            "account_receivable_turnover_ratio": null,
            "reinvestment_rate": 0.28,
            "research_to_sale_ratio": null,
            "price_fair": 122.22,
            "eps_avg_yearly": 3.49,
            "eps_latest_yearly": 0.6,
            "eps_growth_yearly": 120.81
        },
        "20044": {
            "year_quarter": 20044,
            "year": 2004,
            "quarter": 4,
            "eps": -1.45,
            "eps_growth_year": -310.14,
            "eps_4q": -1.45,
            "eps_4q_growth_year": -156.51,
            "roe": -6.73,
            "roe_4q": -6.71,
            "gross_profit": 174777,
            "gross_margin": 17.81,
            "gross_margin_4q_avg": 15.16,
            "net_income": -130788,
            "net_income_4q": null,
            "revenue": 981267,
            "revenue_4q": null,
            "common_shares": 900000,
            "book_valuer_per_share": 20.61,
            "book_valuer_per_share_4q_avg": 24.37,
            "equity": 1855101,
            "current_ratio": 81.96,
            "debt_ratio": 54.92,
            "inventory_turnover_ratio": 2.12,
            "account_receivable_turnover_ratio": null,
            "reinvestment_rate": 141.04,
            "research_to_sale_ratio": null,
            "price_fair": 122.22,
            "eps_avg_yearly": 3.49,
            "eps_latest_yearly": 0.6,
            "eps_growth_yearly": 120.81
        },
        "20051": {
            "year_quarter": 20051,
            "year": 2005,
            "quarter": 1,
            "eps": 0.65,
            "eps_growth_year": 170.83,
            "eps_4q": -0.99,
            "eps_4q_growth_year": -152.31,
            "roe": 3.12,
            "roe_4q": -4.460000000000001,
            "gross_profit": 70586,
            "gross_margin": 12.13,
            "gross_margin_4q_avg": 14.01,
            "net_income": 58502,
            "net_income_4q": null,
            "revenue": 581877,
            "revenue_4q": null,
            "common_shares": 900000,
            "book_valuer_per_share": 21.11,
            "book_valuer_per_share_4q_avg": 22.85,
            "equity": 1899675,
            "current_ratio": 123.31,
            "debt_ratio": 37.17,
            "inventory_turnover_ratio": 1.52,
            "account_receivable_turnover_ratio": null,
            "reinvestment_rate": -15.82,
            "research_to_sale_ratio": null,
            "price_fair": 122.22,
            "eps_avg_yearly": 3.49,
            "eps_latest_yearly": 0.6,
            "eps_growth_yearly": 120.81
        },
        "20052": {
            "year_quarter": 20052,
            "year": 2005,
            "quarter": 2,
            "eps": -0.37,
            "eps_growth_year": -346.67,
            "eps_4q": -1.49,
            "eps_4q_growth_year": -178.78,
            "roe": -1.78,
            "roe_4q": -6.800000000000001,
            "gross_profit": 57355,
            "gross_margin": 11.05,
            "gross_margin_4q_avg": 13.78,
            "net_income": -33261,
            "net_income_4q": null,
            "revenue": 518958,
            "revenue_4q": null,
            "common_shares": 900000,
            "book_valuer_per_share": 20.35,
            "book_valuer_per_share_4q_avg": 21.16,
            "equity": 1831334,
            "current_ratio": 127.69,
            "debt_ratio": 32.7,
            "inventory_turnover_ratio": 2.62,
            "account_receivable_turnover_ratio": null,
            "reinvestment_rate": -25.69,
            "research_to_sale_ratio": null,
            "price_fair": 122.22,
            "eps_avg_yearly": 3.49,
            "eps_latest_yearly": 0.6,
            "eps_growth_yearly": 120.81
        },
        "20053": {
            "year_quarter": 20053,
            "year": 2005,
            "quarter": 3,
            "eps": 0.38,
            "eps_growth_year": null,
            "eps_4q": -0.78,
            "eps_4q_growth_year": -232.82,
            "roe": 1.85,
            "roe_4q": -3.54,
            "gross_profit": 103340,
            "gross_margin": 13.18,
            "gross_margin_4q_avg": 13.54,
            "net_income": 34635,
            "net_income_4q": null,
            "revenue": 783938,
            "revenue_4q": null,
            "common_shares": 900000,
            "book_valuer_per_share": 21.17,
            "book_valuer_per_share_4q_avg": 20.81,
            "equity": 1905203,
            "current_ratio": 131.89,
            "debt_ratio": 32.1,
            "inventory_turnover_ratio": 3.67,
            "account_receivable_turnover_ratio": null,
            "reinvestment_rate": -32.16,
            "research_to_sale_ratio": null,
            "price_fair": 122.22,
            "eps_avg_yearly": 3.49,
            "eps_latest_yearly": 0.6,
            "eps_growth_yearly": 120.81
        },
        "20054": {
            "year_quarter": 20054,
            "year": 2005,
            "quarter": 4,
            "eps": 0.45,
            "eps_growth_year": null,
            "eps_4q": 1.12,
            "eps_4q_growth_year": null,
            "roe": 2.1,
            "roe_4q": 5.29,
            "gross_profit": 107680,
            "gross_margin": 13.01,
            "gross_margin_4q_avg": 12.34,
            "net_income": 40248,
            "net_income_4q": null,
            "revenue": 827783,
            "revenue_4q": null,
            "common_shares": 900000,
            "book_valuer_per_share": 21.5,
            "book_valuer_per_share_4q_avg": 21.03,
            "equity": 1935214,
            "current_ratio": 92.25,
            "debt_ratio": 47.6,
            "inventory_turnover_ratio": 1.8,
            "account_receivable_turnover_ratio": null,
            "reinvestment_rate": 197.81,
            "research_to_sale_ratio": null,
            "price_fair": 116.84,
            "eps_avg_yearly": 3.34,
            "eps_latest_yearly": 1.8,
            "eps_growth_yearly": 116.53
        },
        "20061": {
            "year_quarter": 20061,
            "year": 2006,
            "quarter": 1,
            "eps": -0.12,
            "eps_growth_year": -118.46,
            "eps_4q": 0.36,
            "eps_4q_growth_year": null,
            "roe": -0.54,
            "roe_4q": 1.6300000000000001,
            "gross_profit": 64144,
            "gross_margin": 11.57,
            "gross_margin_4q_avg": 12.2,
            "net_income": -10485,
            "net_income_4q": null,
            "revenue": 554605,
            "revenue_4q": null,
            "common_shares": 900000,
            "book_valuer_per_share": 21.32,
            "book_valuer_per_share_4q_avg": 21.09,
            "equity": 1918877,
            "current_ratio": 140.01,
            "debt_ratio": 29.74,
            "inventory_turnover_ratio": 1.15,
            "account_receivable_turnover_ratio": null,
            "reinvestment_rate": -52.37,
            "research_to_sale_ratio": null,
            "price_fair": 94.64,
            "eps_avg_yearly": 2.7,
            "eps_latest_yearly": 1.8,
            "eps_growth_yearly": 138.4
        },
        "20062": {
            "year_quarter": 20062,
            "year": 2006,
            "quarter": 2,
            "eps": 0.4,
            "eps_growth_year": null,
            "eps_4q": 1.12,
            "eps_4q_growth_year": null,
            "roe": 1.88,
            "roe_4q": 5.29,
            "gross_profit": 98967,
            "gross_margin": 15.36,
            "gross_margin_4q_avg": 13.28,
            "net_income": 36018,
            "net_income_4q": null,
            "revenue": 644249,
            "revenue_4q": null,
            "common_shares": 900000,
            "book_valuer_per_share": 21.36,
            "book_valuer_per_share_4q_avg": 21.34,
            "equity": 1922512,
            "current_ratio": 133.55,
            "debt_ratio": 33.01,
            "inventory_turnover_ratio": 1.83,
            "account_receivable_turnover_ratio": null,
            "reinvestment_rate": -71.71,
            "research_to_sale_ratio": null,
            "price_fair": 93.18,
            "eps_avg_yearly": 2.66,
            "eps_latest_yearly": 1.8,
            "eps_growth_yearly": 184.08
        },
        "20063": {
            "year_quarter": 20063,
            "year": 2006,
            "quarter": 3,
            "eps": 0.6,
            "eps_growth_year": 57.89,
            "eps_4q": 1.34,
            "eps_4q_growth_year": null,
            "roe": 2.74,
            "roe_4q": 6.18,
            "gross_profit": 110701,
            "gross_margin": 13.48,
            "gross_margin_4q_avg": 13.36,
            "net_income": 53246,
            "net_income_4q": null,
            "revenue": 820984,
            "revenue_4q": null,
            "common_shares": 900000,
            "book_valuer_per_share": 21.76,
            "book_valuer_per_share_4q_avg": 21.49,
            "equity": 1958826,
            "current_ratio": 131.72,
            "debt_ratio": 35.75,
            "inventory_turnover_ratio": 2.31,
            "account_receivable_turnover_ratio": null,
            "reinvestment_rate": -53.83,
            "research_to_sale_ratio": null,
            "price_fair": 82.91,
            "eps_avg_yearly": 2.37,
            "eps_latest_yearly": 2.4,
            "eps_growth_yearly": 178.01
        },
        "20064": {
            "year_quarter": 20064,
            "year": 2006,
            "quarter": 4,
            "eps": 0.12,
            "eps_growth_year": -73.33,
            "eps_4q": 0.99,
            "eps_4q_growth_year": -12,
            "roe": 0.56,
            "roe_4q": 4.64,
            "gross_profit": 80286,
            "gross_margin": 9.99,
            "gross_margin_4q_avg": 12.6,
            "net_income": 10928,
            "net_income_4q": null,
            "revenue": 803414,
            "revenue_4q": null,
            "common_shares": 900000,
            "book_valuer_per_share": 21.81,
            "book_valuer_per_share_4q_avg": 21.56,
            "equity": 1967707,
            "current_ratio": 105.59,
            "debt_ratio": 48.98,
            "inventory_turnover_ratio": 1.45,
            "account_receivable_turnover_ratio": null,
            "reinvestment_rate": 52,
            "research_to_sale_ratio": null,
            "price_fair": 67.51,
            "eps_avg_yearly": 1.93,
            "eps_latest_yearly": 0.48,
            "eps_growth_yearly": 147.75
        },
        "20071": {
            "year_quarter": 20071,
            "year": 2007,
            "quarter": 1,
            "eps": 0.12,
            "eps_growth_year": null,
            "eps_4q": 1.31,
            "eps_4q_growth_year": 266.3,
            "roe": 0.51,
            "roe_4q": 5.69,
            "gross_profit": 73227,
            "gross_margin": 10.99,
            "gross_margin_4q_avg": 12.46,
            "net_income": 10143,
            "net_income_4q": null,
            "revenue": 666511,
            "revenue_4q": null,
            "common_shares": 900000,
            "book_valuer_per_share": 22.08,
            "book_valuer_per_share_4q_avg": 21.75,
            "equity": 1987519,
            "current_ratio": 136.4,
            "debt_ratio": 33.82,
            "inventory_turnover_ratio": 1.16,
            "account_receivable_turnover_ratio": null,
            "reinvestment_rate": -82.48,
            "research_to_sale_ratio": null,
            "price_fair": 52.11,
            "eps_avg_yearly": 1.49,
            "eps_latest_yearly": 0.48,
            "eps_growth_yearly": 147.75
        },
        "20072": {
            "year_quarter": 20072,
            "year": 2007,
            "quarter": 2,
            "eps": -0.28,
            "eps_growth_year": -170,
            "eps_4q": 0.55,
            "eps_4q_growth_year": -50.39,
            "roe": -1.26,
            "roe_4q": 2.5500000000000003,
            "gross_profit": 69420,
            "gross_margin": 10.47,
            "gross_margin_4q_avg": 11.23,
            "net_income": -24527,
            "net_income_4q": null,
            "revenue": 663130,
            "revenue_4q": null,
            "common_shares": 900000,
            "book_valuer_per_share": 21.23,
            "book_valuer_per_share_4q_avg": 21.72,
            "equity": 1910670,
            "current_ratio": 134.47,
            "debt_ratio": 32.39,
            "inventory_turnover_ratio": 1.9,
            "account_receivable_turnover_ratio": null,
            "reinvestment_rate": -88.49,
            "research_to_sale_ratio": null,
            "price_fair": 56.35,
            "eps_avg_yearly": 1.61,
            "eps_latest_yearly": 0.48,
            "eps_growth_yearly": 210.36
        },
        "20073": {
            "year_quarter": 20073,
            "year": 2007,
            "quarter": 3,
            "eps": 0.27,
            "eps_growth_year": -55,
            "eps_4q": 0.23,
            "eps_4q_growth_year": -82.85,
            "roe": 1.21,
            "roe_4q": 1.02,
            "gross_profit": 118052,
            "gross_margin": 11,
            "gross_margin_4q_avg": 10.61,
            "net_income": 23334,
            "net_income_4q": null,
            "revenue": 1073679,
            "revenue_4q": null,
            "common_shares": 900000,
            "book_valuer_per_share": 21.53,
            "book_valuer_per_share_4q_avg": 21.66,
            "equity": 1937675,
            "current_ratio": 130.45,
            "debt_ratio": 37.96,
            "inventory_turnover_ratio": 2.94,
            "account_receivable_turnover_ratio": null,
            "reinvestment_rate": -115.84,
            "research_to_sale_ratio": null,
            "price_fair": 4.06,
            "eps_avg_yearly": 1.35,
            "eps_latest_yearly": 0.48,
            "eps_growth_yearly": -76.07
        },
        "20074": {
            "year_quarter": 20074,
            "year": 2007,
            "quarter": 4,
            "eps": 0.33,
            "eps_growth_year": 175,
            "eps_4q": 0.43,
            "eps_4q_growth_year": -56.19,
            "roe": 1.48,
            "roe_4q": 1.94,
            "gross_profit": 83132,
            "gross_margin": 8.62,
            "gross_margin_4q_avg": 10.27,
            "net_income": 29068,
            "net_income_4q": null,
            "revenue": 964710,
            "revenue_4q": null,
            "common_shares": 900000,
            "book_valuer_per_share": 22.12,
            "book_valuer_per_share_4q_avg": 21.74,
            "equity": 1995059,
            "current_ratio": 91.44,
            "debt_ratio": 53.58,
            "inventory_turnover_ratio": 1.78,
            "account_receivable_turnover_ratio": null,
            "reinvestment_rate": -53.81,
            "research_to_sale_ratio": null,
            "price_fair": 3.45,
            "eps_avg_yearly": 1.15,
            "eps_latest_yearly": 1.32,
            "eps_growth_yearly": -52.61
        },
        "20081": {
            "year_quarter": 20081,
            "year": 2008,
            "quarter": 1,
            "eps": 0.3,
            "eps_growth_year": 150,
            "eps_4q": 0.61,
            "eps_4q_growth_year": -53.3,
            "roe": 1.34,
            "roe_4q": 2.7700000000000005,
            "gross_profit": 141554,
            "gross_margin": 14.64,
            "gross_margin_4q_avg": 11.18,
            "net_income": 26631,
            "net_income_4q": null,
            "revenue": 967014,
            "revenue_4q": null,
            "common_shares": 900000,
            "book_valuer_per_share": 21.96,
            "book_valuer_per_share_4q_avg": 21.71,
            "equity": 1980390,
            "current_ratio": 93.91,
            "debt_ratio": 52.33,
            "inventory_turnover_ratio": 1.13,
            "account_receivable_turnover_ratio": null,
            "reinvestment_rate": 1016.09,
            "research_to_sale_ratio": null,
            "price_fair": 3.55,
            "eps_avg_yearly": 1.18,
            "eps_latest_yearly": 1.2,
            "eps_growth_yearly": -20.54
        },
        "20082": {
            "year_quarter": 20082,
            "year": 2008,
            "quarter": 2,
            "eps": 0.35,
            "eps_growth_year": null,
            "eps_4q": 1.22,
            "eps_4q_growth_year": 120.86,
            "roe": 1.59,
            "roe_4q": 5.62,
            "gross_profit": 163769,
            "gross_margin": 17.37,
            "gross_margin_4q_avg": 12.91,
            "net_income": 31478,
            "net_income_4q": null,
            "revenue": 942578,
            "revenue_4q": null,
            "common_shares": 900000,
            "book_valuer_per_share": 21.96,
            "book_valuer_per_share_4q_avg": 21.89,
            "equity": 1980788,
            "current_ratio": 92.98,
            "debt_ratio": 52.52,
            "inventory_turnover_ratio": 0.96,
            "account_receivable_turnover_ratio": null,
            "reinvestment_rate": 868.22,
            "research_to_sale_ratio": null,
            "price_fair": 26.48,
            "eps_avg_yearly": 1.3,
            "eps_latest_yearly": 1.4,
            "eps_growth_yearly": 10.41
        },
        "20083": {
            "year_quarter": 20083,
            "year": 2008,
            "quarter": 3,
            "eps": 1.2,
            "eps_growth_year": 344.44,
            "eps_4q": 2.17,
            "eps_4q_growth_year": 843.64,
            "roe": 5.23,
            "roe_4q": 9.64,
            "gross_profit": 233856,
            "gross_margin": 14.34,
            "gross_margin_4q_avg": 13.74,
            "net_income": 106704,
            "net_income_4q": null,
            "revenue": 1630559,
            "revenue_4q": null,
            "common_shares": 900000,
            "book_valuer_per_share": 23.27,
            "book_valuer_per_share_4q_avg": 22.33,
            "equity": 2098990,
            "current_ratio": 96.65,
            "debt_ratio": 53.82,
            "inventory_turnover_ratio": 1.7,
            "account_receivable_turnover_ratio": null,
            "reinvestment_rate": 437.7,
            "research_to_sale_ratio": null,
            "price_fair": 60.73,
            "eps_avg_yearly": 1.74,
            "eps_latest_yearly": 4.8,
            "eps_growth_yearly": 130.54
        },
        "20084": {
            "year_quarter": 20084,
            "year": 2008,
            "quarter": 4,
            "eps": -0.28,
            "eps_growth_year": -184.85,
            "eps_4q": 1.57,
            "eps_4q_growth_year": 264.76,
            "roe": -1.19,
            "roe_4q": 6.970000000000001,
            "gross_profit": 92631,
            "gross_margin": 21.53,
            "gross_margin_4q_avg": 16.97,
            "net_income": -24744,
            "net_income_4q": null,
            "revenue": 430274,
            "revenue_4q": null,
            "common_shares": 900000,
            "book_valuer_per_share": 22.91,
            "book_valuer_per_share_4q_avg": 22.53,
            "equity": 2066228,
            "current_ratio": 94.72,
            "debt_ratio": 49.86,
            "inventory_turnover_ratio": 0.46,
            "account_receivable_turnover_ratio": 1.55,
            "reinvestment_rate": 10.42,
            "research_to_sale_ratio": null,
            "price_fair": 60.73,
            "eps_avg_yearly": 1.74,
            "eps_latest_yearly": 4.8,
            "eps_growth_yearly": 130.54
        },
        "20091": {
            "year_quarter": 20091,
            "year": 2009,
            "quarter": 1,
            "eps": 0,
            "eps_growth_year": -100,
            "eps_4q": 1.26,
            "eps_4q_growth_year": 106.8,
            "roe": -0.01,
            "roe_4q": 5.62,
            "gross_profit": 91099,
            "gross_margin": 15.58,
            "gross_margin_4q_avg": 17.21,
            "net_income": -181,
            "net_income_4q": null,
            "revenue": 584711,
            "revenue_4q": null,
            "common_shares": 900000,
            "book_valuer_per_share": 23.16,
            "book_valuer_per_share_4q_avg": 22.83,
            "equity": 2089302,
            "current_ratio": 92.4,
            "debt_ratio": 44.93,
            "inventory_turnover_ratio": 0.82,
            "account_receivable_turnover_ratio": 1.24,
            "reinvestment_rate": 390.73,
            "research_to_sale_ratio": null,
            "price_fair": 60.73,
            "eps_avg_yearly": 1.74,
            "eps_latest_yearly": 4.8,
            "eps_growth_yearly": 130.54
        },
        "20092": {
            "year_quarter": 20092,
            "year": 2009,
            "quarter": 2,
            "eps": -0.45,
            "eps_growth_year": -228.57,
            "eps_4q": 0.48,
            "eps_4q_growth_year": -60.74,
            "roe": -1.92,
            "roe_4q": 2.1100000000000003,
            "gross_profit": 117491,
            "gross_margin": 16.45,
            "gross_margin_4q_avg": 16.98,
            "net_income": -39132,
            "net_income_4q": null,
            "revenue": 714201,
            "revenue_4q": null,
            "common_shares": 900000,
            "book_valuer_per_share": 22.01,
            "book_valuer_per_share_4q_avg": 22.84,
            "equity": 1985150,
            "current_ratio": 86.48,
            "debt_ratio": 49.75,
            "inventory_turnover_ratio": 1.12,
            "account_receivable_turnover_ratio": 1.77,
            "reinvestment_rate": 414.65,
            "research_to_sale_ratio": null,
            "price_fair": 60.73,
            "eps_avg_yearly": 1.74,
            "eps_latest_yearly": 4.8,
            "eps_growth_yearly": 130.54
        },
        "20093": {
            "year_quarter": 20093,
            "year": 2009,
            "quarter": 3,
            "eps": 0.22,
            "eps_growth_year": -81.67,
            "eps_4q": -0.51,
            "eps_4q_growth_year": -123.56,
            "roe": 0.96,
            "roe_4q": -2.16,
            "gross_profit": 161859,
            "gross_margin": 18.46,
            "gross_margin_4q_avg": 18.01,
            "net_income": 19133,
            "net_income_4q": null,
            "revenue": 877003,
            "revenue_4q": null,
            "common_shares": 886500,
            "book_valuer_per_share": 22.4,
            "book_valuer_per_share_4q_avg": 22.62,
            "equity": 1989820,
            "current_ratio": 87.88,
            "debt_ratio": 51.98,
            "inventory_turnover_ratio": 1.38,
            "account_receivable_turnover_ratio": 1.79,
            "reinvestment_rate": 432.86,
            "research_to_sale_ratio": null,
            "price_fair": 60.73,
            "eps_avg_yearly": 1.74,
            "eps_latest_yearly": 4.8,
            "eps_growth_yearly": 130.54
        },
        "20094": {
            "year_quarter": 20094,
            "year": 2009,
            "quarter": 4,
            "eps": -0.13,
            "eps_growth_year": null,
            "eps_4q": -0.36,
            "eps_4q_growth_year": -122.87,
            "roe": -0.57,
            "roe_4q": -1.5399999999999998,
            "gross_profit": 101219,
            "gross_margin": 11.59,
            "gross_margin_4q_avg": 15.52,
            "net_income": -11339,
            "net_income_4q": null,
            "revenue": 873046,
            "revenue_4q": null,
            "common_shares": 886500,
            "book_valuer_per_share": 22.66,
            "book_valuer_per_share_4q_avg": 22.56,
            "equity": 1974205,
            "current_ratio": 87.95,
            "debt_ratio": 50.94,
            "inventory_turnover_ratio": 1.67,
            "account_receivable_turnover_ratio": 3.95,
            "reinvestment_rate": 356.58,
            "research_to_sale_ratio": null,
            "price_fair": 60.4,
            "eps_avg_yearly": 1.73,
            "eps_latest_yearly": 4.8,
            "eps_growth_yearly": 138.66
        },
        "20101": {
            "year_quarter": 20101,
            "year": 2010,
            "quarter": 1,
            "eps": 0.03,
            "eps_growth_year": null,
            "eps_4q": -0.33,
            "eps_4q_growth_year": -126.03,
            "roe": 0.15,
            "roe_4q": -1.38,
            "gross_profit": 134034,
            "gross_margin": 15.69,
            "gross_margin_4q_avg": 15.55,
            "net_income": 2897,
            "net_income_4q": null,
            "revenue": 854134,
            "revenue_4q": null,
            "common_shares": 886500,
            "book_valuer_per_share": 22.58,
            "book_valuer_per_share_4q_avg": 22.41,
            "equity": 1963459,
            "current_ratio": 97.84,
            "debt_ratio": 52.33,
            "inventory_turnover_ratio": 1.58,
            "account_receivable_turnover_ratio": 1.57,
            "reinvestment_rate": 892.8,
            "research_to_sale_ratio": 2.9,
            "price_fair": 60.4,
            "eps_avg_yearly": 1.73,
            "eps_latest_yearly": 4.8,
            "eps_growth_yearly": 138.66
        },
        "20102": {
            "year_quarter": 20102,
            "year": 2010,
            "quarter": 2,
            "eps": 0.5,
            "eps_growth_year": null,
            "eps_4q": 0.62,
            "eps_4q_growth_year": 28.94,
            "roe": 2.19,
            "roe_4q": 2.73,
            "gross_profit": 166393,
            "gross_margin": 17.78,
            "gross_margin_4q_avg": 15.88,
            "net_income": 43275,
            "net_income_4q": null,
            "revenue": 935682,
            "revenue_4q": null,
            "common_shares": 886500,
            "book_valuer_per_share": 22.96,
            "book_valuer_per_share_4q_avg": 22.65,
            "equity": 1996304,
            "current_ratio": 99.18,
            "debt_ratio": 54.82,
            "inventory_turnover_ratio": 1.32,
            "account_receivable_turnover_ratio": 1.36,
            "reinvestment_rate": 880.46,
            "research_to_sale_ratio": 2.66,
            "price_fair": 61.6,
            "eps_avg_yearly": 1.76,
            "eps_latest_yearly": 2,
            "eps_growth_yearly": 904.66
        },
        "20103": {
            "year_quarter": 20103,
            "year": 2010,
            "quarter": 3,
            "eps": 0.17,
            "eps_growth_year": -21.88,
            "eps_4q": 0.57,
            "eps_4q_growth_year": null,
            "roe": 0.75,
            "roe_4q": 2.52,
            "gross_profit": 148243,
            "gross_margin": 16.94,
            "gross_margin_4q_avg": 15.5,
            "net_income": 14943,
            "net_income_4q": null,
            "revenue": 875088,
            "revenue_4q": null,
            "common_shares": 886500,
            "book_valuer_per_share": 22.85,
            "book_valuer_per_share_4q_avg": 22.76,
            "equity": 1986586,
            "current_ratio": 100.81,
            "debt_ratio": 49.19,
            "inventory_turnover_ratio": 1.13,
            "account_receivable_turnover_ratio": 1.38,
            "reinvestment_rate": 1003.8,
            "research_to_sale_ratio": 2.98,
            "price_fair": 54.08,
            "eps_avg_yearly": 1.55,
            "eps_latest_yearly": 0.68,
            "eps_growth_yearly": 846.66
        },
        "20104": {
            "year_quarter": 20104,
            "year": 2010,
            "quarter": 4,
            "eps": -0.08,
            "eps_growth_year": null,
            "eps_4q": 0.62,
            "eps_4q_growth_year": null,
            "roe": -0.37,
            "roe_4q": 2.7199999999999998,
            "gross_profit": 112964,
            "gross_margin": 12.28,
            "gross_margin_4q_avg": 15.67,
            "net_income": -7252,
            "net_income_4q": null,
            "revenue": 920251,
            "revenue_4q": null,
            "common_shares": 886500,
            "book_valuer_per_share": 21.84,
            "book_valuer_per_share_4q_avg": 22.56,
            "equity": 1899177,
            "current_ratio": 101.76,
            "debt_ratio": 48.13,
            "inventory_turnover_ratio": 1.54,
            "account_receivable_turnover_ratio": 1.69,
            "reinvestment_rate": 476.12,
            "research_to_sale_ratio": 2.81,
            "price_fair": 59.4,
            "eps_avg_yearly": 1.7,
            "eps_latest_yearly": 0.68,
            "eps_growth_yearly": 1013.33
        },
        "20111": {
            "year_quarter": 20111,
            "year": 2011,
            "quarter": 1,
            "eps": 0.12,
            "eps_growth_year": 300,
            "eps_4q": 0.7,
            "eps_4q_growth_year": null,
            "roe": 0.56,
            "roe_4q": 3.13,
            "gross_profit": 143203,
            "gross_margin": 16.37,
            "gross_margin_4q_avg": 15.84,
            "net_income": 10824,
            "net_income_4q": null,
            "revenue": 874917,
            "revenue_4q": null,
            "common_shares": 886500,
            "book_valuer_per_share": 22.01,
            "book_valuer_per_share_4q_avg": 22.42,
            "equity": 1950907,
            "current_ratio": 105.07,
            "debt_ratio": 50.99,
            "inventory_turnover_ratio": 1.45,
            "account_receivable_turnover_ratio": 1.34,
            "reinvestment_rate": 1008.35,
            "research_to_sale_ratio": 3.3,
            "price_fair": 66.5,
            "eps_avg_yearly": 1.9,
            "eps_latest_yearly": 0.68,
            "eps_growth_yearly": 1182.21
        },
        "20112": {
            "year_quarter": 20112,
            "year": 2011,
            "quarter": 2,
            "eps": 0.31,
            "eps_growth_year": -38.27,
            "eps_4q": 0.52,
            "eps_4q_growth_year": -16.56,
            "roe": 1.39,
            "roe_4q": 2.33,
            "gross_profit": 156547,
            "gross_margin": 16.57,
            "gross_margin_4q_avg": 15.54,
            "net_income": 27236,
            "net_income_4q": null,
            "revenue": 944593,
            "revenue_4q": null,
            "common_shares": 886500,
            "book_valuer_per_share": 21.76,
            "book_valuer_per_share_4q_avg": 22.12,
            "equity": 1963447,
            "current_ratio": 106.29,
            "debt_ratio": 51.09,
            "inventory_turnover_ratio": 1.35,
            "account_receivable_turnover_ratio": 1.23,
            "reinvestment_rate": 815.63,
            "research_to_sale_ratio": 3.02,
            "price_fair": 63.2,
            "eps_avg_yearly": 1.81,
            "eps_latest_yearly": 1.24,
            "eps_growth_yearly": 1103.8
        },
        "20113": {
            "year_quarter": 20113,
            "year": 2011,
            "quarter": 3,
            "eps": 0.53,
            "eps_growth_year": 209.01,
            "eps_4q": 0.88,
            "eps_4q_growth_year": 53.01,
            "roe": 2.24,
            "roe_4q": 3.8199999999999994,
            "gross_profit": 183093,
            "gross_margin": 18.78,
            "gross_margin_4q_avg": 16,
            "net_income": 45314,
            "net_income_4q": null,
            "revenue": 975037,
            "revenue_4q": null,
            "common_shares": 886500,
            "book_valuer_per_share": 23.01,
            "book_valuer_per_share_4q_avg": 22.16,
            "equity": 2074764,
            "current_ratio": 111.05,
            "debt_ratio": 49.02,
            "inventory_turnover_ratio": 1.4,
            "account_receivable_turnover_ratio": 1.26,
            "reinvestment_rate": 781.49,
            "research_to_sale_ratio": 2.59,
            "price_fair": 64.58,
            "eps_avg_yearly": 1.85,
            "eps_latest_yearly": 2.12,
            "eps_growth_yearly": 1001.31
        },
        "20114": {
            "year_quarter": 20114,
            "year": 2011,
            "quarter": 4,
            "eps": -0.13,
            "eps_growth_year": null,
            "eps_4q": 0.83,
            "eps_4q_growth_year": 34.39,
            "roe": -0.67,
            "roe_4q": 3.52,
            "gross_profit": 91533,
            "gross_margin": 12.64,
            "gross_margin_4q_avg": 16.09,
            "net_income": -13894,
            "net_income_4q": null,
            "revenue": 724211,
            "revenue_4q": null,
            "common_shares": 886500,
            "book_valuer_per_share": 22.63,
            "book_valuer_per_share_4q_avg": 22.35,
            "equity": 2063294,
            "current_ratio": 112.05,
            "debt_ratio": 47.28,
            "inventory_turnover_ratio": 1.29,
            "account_receivable_turnover_ratio": 1.09,
            "reinvestment_rate": 386.73,
            "research_to_sale_ratio": 3.67,
            "price_fair": 67.2,
            "eps_avg_yearly": 1.92,
            "eps_latest_yearly": 2.12,
            "eps_growth_yearly": 1131.66
        },
        "20121": {
            "year_quarter": 20121,
            "year": 2012,
            "quarter": 1,
            "eps": -0.26,
            "eps_growth_year": -316.67,
            "eps_4q": 0.5,
            "eps_4q_growth_year": -28.35,
            "roe": -1.12,
            "roe_4q": 1.84,
            "gross_profit": 114337,
            "gross_margin": 15.7,
            "gross_margin_4q_avg": 15.92,
            "net_income": -22813,
            "net_income_4q": null,
            "revenue": 728287,
            "revenue_4q": null,
            "common_shares": 886500,
            "book_valuer_per_share": 22.11,
            "book_valuer_per_share_4q_avg": 22.38,
            "equity": 2011673,
            "current_ratio": 113.36,
            "debt_ratio": 45.6,
            "inventory_turnover_ratio": 1.35,
            "account_receivable_turnover_ratio": 1.28,
            "reinvestment_rate": 448.75,
            "research_to_sale_ratio": 3.87,
            "price_fair": 71.4,
            "eps_avg_yearly": 2.04,
            "eps_latest_yearly": 2.12,
            "eps_growth_yearly": 1326.33
        },
        "20122": {
            "year_quarter": 20122,
            "year": 2012,
            "quarter": 2,
            "eps": -0.02,
            "eps_growth_year": -106.25,
            "eps_4q": 0.17,
            "eps_4q_growth_year": -66.49,
            "roe": -0.17,
            "roe_4q": 0.28000000000000025,
            "gross_profit": 134615,
            "gross_margin": 16.49,
            "gross_margin_4q_avg": 15.9,
            "net_income": -3429,
            "net_income_4q": null,
            "revenue": 816313,
            "revenue_4q": null,
            "common_shares": 886500,
            "book_valuer_per_share": 21.81,
            "book_valuer_per_share_4q_avg": 22.39,
            "equity": 1983658,
            "current_ratio": 110.71,
            "debt_ratio": 49.89,
            "inventory_turnover_ratio": 1.37,
            "account_receivable_turnover_ratio": 1.27,
            "reinvestment_rate": 528,
            "research_to_sale_ratio": 3.48,
            "price_fair": 75.88,
            "eps_avg_yearly": 2.17,
            "eps_latest_yearly": 2.12,
            "eps_growth_yearly": 1578.26
        },
        "20123": {
            "year_quarter": 20123,
            "year": 2012,
            "quarter": 3,
            "eps": -0.13,
            "eps_growth_year": -124.38,
            "eps_4q": -0.49,
            "eps_4q_growth_year": -155.49,
            "roe": -0.71,
            "roe_4q": -2.67,
            "gross_profit": 131801,
            "gross_margin": 18.16,
            "gross_margin_4q_avg": 15.75,
            "net_income": -13936,
            "net_income_4q": null,
            "revenue": 725899,
            "revenue_4q": null,
            "common_shares": 886500,
            "book_valuer_per_share": 21.45,
            "book_valuer_per_share_4q_avg": 22,
            "equity": 1948452,
            "current_ratio": 110.3,
            "debt_ratio": 49.3,
            "inventory_turnover_ratio": 1.06,
            "account_receivable_turnover_ratio": 1.13,
            "reinvestment_rate": 1815.67,
            "research_to_sale_ratio": 3.66,
            "price_fair": 52.85,
            "eps_avg_yearly": 1.51,
            "eps_latest_yearly": 2.12,
            "eps_growth_yearly": 1729.97
        },
        "20124": {
            "year_quarter": 20124,
            "year": 2012,
            "quarter": 4,
            "eps": -0.07,
            "eps_growth_year": null,
            "eps_4q": -0.43,
            "eps_4q_growth_year": -152.08,
            "roe": -0.37,
            "roe_4q": -2.37,
            "gross_profit": 108325,
            "gross_margin": 13.76,
            "gross_margin_4q_avg": 16.03,
            "net_income": -7034,
            "net_income_4q": null,
            "revenue": 787534,
            "revenue_4q": null,
            "common_shares": 886500,
            "book_valuer_per_share": 21.15,
            "book_valuer_per_share_4q_avg": 21.63,
            "equity": 1874843,
            "current_ratio": 110.78,
            "debt_ratio": 48.29,
            "inventory_turnover_ratio": 1.22,
            "account_receivable_turnover_ratio": 1.25,
            "reinvestment_rate": 1125.59,
            "research_to_sale_ratio": 3.57,
            "price_fair": 52.85,
            "eps_avg_yearly": 1.51,
            "eps_latest_yearly": 2.12,
            "eps_growth_yearly": 1729.97
        },
        "20131": {
            "year_quarter": 20131,
            "year": 2013,
            "quarter": 1,
            "eps": 0.14,
            "eps_growth_year": null,
            "eps_4q": -0.08,
            "eps_4q_growth_year": -116.4,
            "roe": 0.66,
            "roe_4q": -0.59,
            "gross_profit": 151009,
            "gross_margin": 17.61,
            "gross_margin_4q_avg": 16.51,
            "net_income": 12467,
            "net_income_4q": null,
            "revenue": 857713,
            "revenue_4q": null,
            "common_shares": 886500,
            "book_valuer_per_share": 21.23,
            "book_valuer_per_share_4q_avg": 21.41,
            "equity": 1882101,
            "current_ratio": 110.57,
            "debt_ratio": 50.43,
            "inventory_turnover_ratio": 1.29,
            "account_receivable_turnover_ratio": 1.32,
            "reinvestment_rate": -482.66,
            "research_to_sale_ratio": 3.48,
            "price_fair": 52.85,
            "eps_avg_yearly": 1.51,
            "eps_latest_yearly": 2.12,
            "eps_growth_yearly": 1729.97
        },
        "20132": {
            "year_quarter": 20132,
            "year": 2013,
            "quarter": 2,
            "eps": 0.19,
            "eps_growth_year": null,
            "eps_4q": 0.13,
            "eps_4q_growth_year": -26.34,
            "roe": 0.89,
            "roe_4q": 0.4700000000000002,
            "gross_profit": 153092,
            "gross_margin": 21.11,
            "gross_margin_4q_avg": 17.66,
            "net_income": 16855,
            "net_income_4q": null,
            "revenue": 725351,
            "revenue_4q": null,
            "common_shares": 886500,
            "book_valuer_per_share": 21.44,
            "book_valuer_per_share_4q_avg": 21.32,
            "equity": 1900536,
            "current_ratio": 111.26,
            "debt_ratio": 50.14,
            "inventory_turnover_ratio": 0.94,
            "account_receivable_turnover_ratio": 1.21,
            "reinvestment_rate": -293.81,
            "research_to_sale_ratio": 3.78,
            "price_fair": 47.6,
            "eps_avg_yearly": 1.36,
            "eps_latest_yearly": 0.76,
            "eps_growth_yearly": 1412.55
        },
        "20133": {
            "year_quarter": 20133,
            "year": 2013,
            "quarter": 3,
            "eps": -0.29,
            "eps_growth_year": null,
            "eps_4q": -0.03,
            "eps_4q_growth_year": null,
            "roe": -1.36,
            "roe_4q": -0.18000000000000005,
            "gross_profit": 110502,
            "gross_margin": 14.85,
            "gross_margin_4q_avg": 16.83,
            "net_income": -25522,
            "net_income_4q": null,
            "revenue": 744263,
            "revenue_4q": null,
            "common_shares": 886500,
            "book_valuer_per_share": 21.05,
            "book_valuer_per_share_4q_avg": 21.22,
            "equity": 1866258,
            "current_ratio": 112.5,
            "debt_ratio": 47.64,
            "inventory_turnover_ratio": 1.03,
            "account_receivable_turnover_ratio": 1.4,
            "reinvestment_rate": -477.12,
            "research_to_sale_ratio": 4.09,
            "price_fair": 47.6,
            "eps_avg_yearly": 1.36,
            "eps_latest_yearly": 0.76,
            "eps_growth_yearly": 1412.55
        },
        "20134": {
            "year_quarter": 20134,
            "year": 2013,
            "quarter": 4,
            "eps": 0.19,
            "eps_growth_year": null,
            "eps_4q": 0.23,
            "eps_4q_growth_year": null,
            "roe": 0.88,
            "roe_4q": 1.0699999999999998,
            "gross_profit": 159780,
            "gross_margin": 19.36,
            "gross_margin_4q_avg": 18.23,
            "net_income": 16675,
            "net_income_4q": null,
            "revenue": 825260,
            "revenue_4q": null,
            "common_shares": 886500,
            "book_valuer_per_share": 21.51,
            "book_valuer_per_share_4q_avg": 21.31,
            "equity": 1907146,
            "current_ratio": 113.68,
            "debt_ratio": 48.49,
            "inventory_turnover_ratio": 1.17,
            "account_receivable_turnover_ratio": 1.62,
            "reinvestment_rate": -1018.02,
            "research_to_sale_ratio": 3.4,
            "price_fair": 47.6,
            "eps_avg_yearly": 1.36,
            "eps_latest_yearly": 0.76,
            "eps_growth_yearly": 1412.55
        },
        "20141": {
            "year_quarter": 20141,
            "year": 2014,
            "quarter": 1,
            "eps": 0.38,
            "eps_growth_year": 171.43,
            "eps_4q": 0.47,
            "eps_4q_growth_year": null,
            "roe": 1.75,
            "roe_4q": 2.1599999999999997,
            "gross_profit": 175610,
            "gross_margin": 20.38,
            "gross_margin_4q_avg": 18.93,
            "net_income": 33806,
            "net_income_4q": null,
            "revenue": 861561,
            "revenue_4q": null,
            "common_shares": 886500,
            "book_valuer_per_share": 22.07,
            "book_valuer_per_share_4q_avg": 21.52,
            "equity": 1956115,
            "current_ratio": 116.16,
            "debt_ratio": 48.4,
            "inventory_turnover_ratio": 1.2,
            "account_receivable_turnover_ratio": 1.51,
            "reinvestment_rate": -988.07,
            "research_to_sale_ratio": 3.41,
            "price_fair": 48.53,
            "eps_avg_yearly": 1.39,
            "eps_latest_yearly": 1.52,
            "eps_growth_yearly": 1243.79
        },
        "20142": {
            "year_quarter": 20142,
            "year": 2014,
            "quarter": 2,
            "eps": 0.47,
            "eps_growth_year": 147.37,
            "eps_4q": 0.75,
            "eps_4q_growth_year": 492.37,
            "roe": 2.15,
            "roe_4q": 3.42,
            "gross_profit": 202768,
            "gross_margin": 22.16,
            "gross_margin_4q_avg": 19.19,
            "net_income": 41949,
            "net_income_4q": null,
            "revenue": 914843,
            "revenue_4q": null,
            "common_shares": 886500,
            "book_valuer_per_share": 22.05,
            "book_valuer_per_share_4q_avg": 21.67,
            "equity": 1954873,
            "current_ratio": 118.41,
            "debt_ratio": 49.11,
            "inventory_turnover_ratio": 1.16,
            "account_receivable_turnover_ratio": 1.47,
            "reinvestment_rate": -1044.12,
            "research_to_sale_ratio": 3.75,
            "price_fair": 47.83,
            "eps_avg_yearly": 1.37,
            "eps_latest_yearly": 1.88,
            "eps_growth_yearly": 215.13
        },
        "20143": {
            "year_quarter": 20143,
            "year": 2014,
            "quarter": 3,
            "eps": -0.19,
            "eps_growth_year": null,
            "eps_4q": 0.85,
            "eps_4q_growth_year": null,
            "roe": -0.85,
            "roe_4q": 3.9299999999999997,
            "gross_profit": 103651,
            "gross_margin": 15.56,
            "gross_margin_4q_avg": 19.37,
            "net_income": -16704,
            "net_income_4q": null,
            "revenue": 665941,
            "revenue_4q": null,
            "common_shares": 886500,
            "book_valuer_per_share": 22.04,
            "book_valuer_per_share_4q_avg": 21.92,
            "equity": 1954082,
            "current_ratio": 118.91,
            "debt_ratio": 46.59,
            "inventory_turnover_ratio": 0.88,
            "account_receivable_turnover_ratio": 1.14,
            "reinvestment_rate": -1254.61,
            "research_to_sale_ratio": 4.76,
            "price_fair": 52.64,
            "eps_avg_yearly": 1.5,
            "eps_latest_yearly": 1.88,
            "eps_growth_yearly": 310.96
        },
        "20144": {
            "year_quarter": 20144,
            "year": 2014,
            "quarter": 4,
            "eps": -0.24,
            "eps_growth_year": -226.35,
            "eps_4q": 0.43,
            "eps_4q_growth_year": 85.5,
            "roe": -1.07,
            "roe_4q": 1.98,
            "gross_profit": 89300,
            "gross_margin": 16.37,
            "gross_margin_4q_avg": 18.62,
            "net_income": -21069,
            "net_income_4q": null,
            "revenue": 545500,
            "revenue_4q": null,
            "common_shares": 886500,
            "book_valuer_per_share": 22.29,
            "book_valuer_per_share_4q_avg": 22.11,
            "equity": 1976443,
            "current_ratio": 122.28,
            "debt_ratio": 43.4,
            "inventory_turnover_ratio": 0.75,
            "account_receivable_turnover_ratio": 1.13,
            "reinvestment_rate": -1242.58,
            "research_to_sale_ratio": 5.8,
            "price_fair": 52.64,
            "eps_avg_yearly": 1.5,
            "eps_latest_yearly": 1.88,
            "eps_growth_yearly": 310.96
        },
        "20151": {
            "year_quarter": 20151,
            "year": 2015,
            "quarter": 1,
            "eps": -0.6,
            "eps_growth_year": -257.89,
            "eps_4q": -0.55,
            "eps_4q_growth_year": -217.27,
            "roe": -2.74,
            "roe_4q": -2.5100000000000002,
            "gross_profit": 75476,
            "gross_margin": 16.52,
            "gross_margin_4q_avg": 17.65,
            "net_income": -53212,
            "net_income_4q": null,
            "revenue": 456753,
            "revenue_4q": null,
            "common_shares": 886500,
            "book_valuer_per_share": 21.47,
            "book_valuer_per_share_4q_avg": 21.96,
            "equity": 1903744,
            "current_ratio": 120.51,
            "debt_ratio": 42.82,
            "inventory_turnover_ratio": 0.66,
            "account_receivable_turnover_ratio": 1.12,
            "reinvestment_rate": -4000.68,
            "research_to_sale_ratio": 6.99,
            "price_fair": 52.64,
            "eps_avg_yearly": 1.5,
            "eps_latest_yearly": 1.88,
            "eps_growth_yearly": 310.96
        },
        "20152": {
            "year_quarter": 20152,
            "year": 2015,
            "quarter": 2,
            "eps": -0.84,
            "eps_growth_year": -278.72,
            "eps_4q": -1.87,
            "eps_4q_growth_year": -347.11,
            "roe": -4.05,
            "roe_4q": -8.71,
            "gross_profit": 51013,
            "gross_margin": 10.65,
            "gross_margin_4q_avg": 14.78,
            "net_income": -74351,
            "net_income_4q": null,
            "revenue": 479171,
            "revenue_4q": null,
            "common_shares": 886500,
            "book_valuer_per_share": 19.99,
            "book_valuer_per_share_4q_avg": 21.45,
            "equity": 1771695,
            "current_ratio": 114.07,
            "debt_ratio": 43.32,
            "inventory_turnover_ratio": 0.78,
            "account_receivable_turnover_ratio": 1.3,
            "reinvestment_rate": null,
            "research_to_sale_ratio": 6.96,
            "price_fair": 54.95,
            "eps_avg_yearly": 1.57,
            "eps_latest_yearly": 1.88,
            "eps_growth_yearly": 230.37
        },
        "20153": {
            "year_quarter": 20153,
            "year": 2015,
            "quarter": 3,
            "eps": -0.49,
            "eps_growth_year": null,
            "eps_4q": -2.17,
            "eps_4q_growth_year": -353.66,
            "roe": -2.46,
            "roe_4q": -10.32,
            "gross_profit": 82504,
            "gross_margin": 14.78,
            "gross_margin_4q_avg": 14.58,
            "net_income": -43452,
            "net_income_4q": null,
            "revenue": 558169,
            "revenue_4q": null,
            "common_shares": 886500,
            "book_valuer_per_share": 19.83,
            "book_valuer_per_share_4q_avg": 20.9,
            "equity": 1758241,
            "current_ratio": 112.24,
            "debt_ratio": 46.49,
            "inventory_turnover_ratio": 0.86,
            "account_receivable_turnover_ratio": 1.55,
            "reinvestment_rate": null,
            "research_to_sale_ratio": 5.79,
            "price_fair": 48.53,
            "eps_avg_yearly": 1.39,
            "eps_latest_yearly": 1.88,
            "eps_growth_yearly": 212.53
        },
        "20154": {
            "year_quarter": 20154,
            "year": 2015,
            "quarter": 4,
            "eps": -0.7,
            "eps_growth_year": null,
            "eps_4q": -2.63,
            "eps_4q_growth_year": -714.32,
            "roe": -3.61,
            "roe_4q": -12.860000000000001,
            "gross_profit": 122242,
            "gross_margin": 19.51,
            "gross_margin_4q_avg": 15.37,
            "net_income": -62316,
            "net_income_4q": null,
            "revenue": 626422,
            "revenue_4q": null,
            "common_shares": 886500,
            "book_valuer_per_share": 19.12,
            "book_valuer_per_share_4q_avg": 20.1,
            "equity": 1694611,
            "current_ratio": 111.7,
            "debt_ratio": 46.29,
            "inventory_turnover_ratio": 0.86,
            "account_receivable_turnover_ratio": 1.62,
            "reinvestment_rate": null,
            "research_to_sale_ratio": 5.41,
            "price_fair": 48.53,
            "eps_avg_yearly": 1.39,
            "eps_latest_yearly": 1.88,
            "eps_growth_yearly": 212.53
        },
        "20161": {
            "year_quarter": 20161,
            "year": 2016,
            "quarter": 1,
            "eps": -0.47,
            "eps_growth_year": null,
            "eps_4q": -2.5,
            "eps_4q_growth_year": null,
            "roe": -2.64,
            "roe_4q": -12.760000000000002,
            "gross_profit": 93341,
            "gross_margin": 17.83,
            "gross_margin_4q_avg": 15.69,
            "net_income": -44716,
            "net_income_4q": null,
            "revenue": 523479,
            "revenue_4q": null,
            "common_shares": 886500,
            "book_valuer_per_share": 18.69,
            "book_valuer_per_share_4q_avg": 19.41,
            "equity": 1686991,
            "current_ratio": 113.56,
            "debt_ratio": 44.57,
            "inventory_turnover_ratio": 0.73,
            "account_receivable_turnover_ratio": 1.32,
            "reinvestment_rate": null,
            "research_to_sale_ratio": 6.29,
            "price_fair": 48.53,
            "eps_avg_yearly": 1.39,
            "eps_latest_yearly": 1.88,
            "eps_growth_yearly": 212.53
        },
        "20162": {
            "year_quarter": 20162,
            "year": 2016,
            "quarter": 2,
            "eps": -0.38,
            "eps_growth_year": null,
            "eps_4q": -2.05,
            "eps_4q_growth_year": null,
            "roe": -2.28,
            "roe_4q": -10.989999999999998,
            "gross_profit": 111738,
            "gross_margin": 20.71,
            "gross_margin_4q_avg": 18.21,
            "net_income": -37774,
            "net_income_4q": null,
            "revenue": 539430,
            "revenue_4q": null,
            "common_shares": 886500,
            "book_valuer_per_share": 18.12,
            "book_valuer_per_share_4q_avg": 18.94,
            "equity": 1632718,
            "current_ratio": 110.94,
            "debt_ratio": 47.26,
            "inventory_turnover_ratio": 0.73,
            "account_receivable_turnover_ratio": 1.38,
            "reinvestment_rate": null,
            "research_to_sale_ratio": 5.74,
            "price_fair": 48.53,
            "eps_avg_yearly": 1.39,
            "eps_latest_yearly": 1.88,
            "eps_growth_yearly": 212.53
        },
        "20163": {
            "year_quarter": 20163,
            "year": 2016,
            "quarter": 3,
            "eps": -0.11,
            "eps_growth_year": null,
            "eps_4q": -1.67,
            "eps_4q_growth_year": null,
            "roe": -0.84,
            "roe_4q": -9.37,
            "gross_profit": 133426,
            "gross_margin": 20.22,
            "gross_margin_4q_avg": 19.57,
            "net_income": -13550,
            "net_income_4q": null,
            "revenue": 659900,
            "revenue_4q": null,
            "common_shares": 886500,
            "book_valuer_per_share": 17.68,
            "book_valuer_per_share_4q_avg": 18.4,
            "equity": 1589192,
            "current_ratio": 109.4,
            "debt_ratio": 50.69,
            "inventory_turnover_ratio": 0.83,
            "account_receivable_turnover_ratio": 1.58,
            "reinvestment_rate": null,
            "research_to_sale_ratio": 4.51,
            "price_fair": 48.53,
            "eps_avg_yearly": 1.39,
            "eps_latest_yearly": 1.88,
            "eps_growth_yearly": 212.53
        },
        "20164": {
            "year_quarter": 20164,
            "year": 2016,
            "quarter": 4,
            "eps": -0.95,
            "eps_growth_year": null,
            "eps_4q": -1.91,
            "eps_4q_growth_year": null,
            "roe": -5.69,
            "roe_4q": -11.450000000000001,
            "gross_profit": 62669,
            "gross_margin": 12.55,
            "gross_margin_4q_avg": 17.83,
            "net_income": -87788,
            "net_income_4q": null,
            "revenue": 499352,
            "revenue_4q": null,
            "common_shares": 886500,
            "book_valuer_per_share": 16.7,
            "book_valuer_per_share_4q_avg": 17.8,
            "equity": 1498836,
            "current_ratio": 106.11,
            "debt_ratio": 51.01,
            "inventory_turnover_ratio": 0.66,
            "account_receivable_turnover_ratio": 1.26,
            "reinvestment_rate": null,
            "research_to_sale_ratio": 6.25,
            "price_fair": 48.53,
            "eps_avg_yearly": 1.39,
            "eps_latest_yearly": 1.88,
            "eps_growth_yearly": 212.53
        },
        "20171": {
            "year_quarter": 20171,
            "year": 2017,
            "quarter": 1,
            "eps": -0.83,
            "eps_growth_year": null,
            "eps_4q": -2.28,
            "eps_4q_growth_year": null,
            "roe": -5.34,
            "roe_4q": -14.15,
            "gross_profit": 67462,
            "gross_margin": 15.7,
            "gross_margin_4q_avg": 17.3,
            "net_income": -76703,
            "net_income_4q": null,
            "revenue": 429815,
            "revenue_4q": null,
            "common_shares": 886500,
            "book_valuer_per_share": 15.34,
            "book_valuer_per_share_4q_avg": 16.96,
            "equity": 1375511,
            "current_ratio": 101.13,
            "debt_ratio": 50.74,
            "inventory_turnover_ratio": 0.57,
            "account_receivable_turnover_ratio": 1.35,
            "reinvestment_rate": null,
            "research_to_sale_ratio": 6.75,
            "price_fair": 48.53,
            "eps_avg_yearly": 1.39,
            "eps_latest_yearly": 1.88,
            "eps_growth_yearly": 212.53
        },
        "20172": {
            "year_quarter": 20172,
            "year": 2017,
            "quarter": 2,
            "eps": -0.72,
            "eps_growth_year": null,
            "eps_4q": -2.61,
            "eps_4q_growth_year": null,
            "roe": -5,
            "roe_4q": -16.87,
            "gross_profit": 59136,
            "gross_margin": 12.75,
            "gross_margin_4q_avg": 15.31,
            "net_income": -67406,
            "net_income_4q": null,
            "revenue": 463637,
            "revenue_4q": null,
            "common_shares": 886500,
            "book_valuer_per_share": 14.78,
            "book_valuer_per_share_4q_avg": 16.13,
            "equity": 1322849,
            "current_ratio": 122.55,
            "debt_ratio": 57.12,
            "inventory_turnover_ratio": 0.63,
            "account_receivable_turnover_ratio": 1.58,
            "reinvestment_rate": null,
            "research_to_sale_ratio": 6.13,
            "price_fair": 59.5,
            "eps_avg_yearly": 1.7,
            "eps_latest_yearly": 1.88,
            "eps_growth_yearly": 247.37
        },
        "20173": {
            "year_quarter": 20173,
            "year": 2017,
            "quarter": 3,
            "eps": -0.29,
            "eps_growth_year": null,
            "eps_4q": -2.8,
            "eps_4q_growth_year": null,
            "roe": -2.17,
            "roe_4q": -18.2,
            "gross_profit": 91513,
            "gross_margin": 17.18,
            "gross_margin_4q_avg": 14.55,
            "net_income": -28439,
            "net_income_4q": null,
            "revenue": 532824,
            "revenue_4q": null,
            "common_shares": 886500,
            "book_valuer_per_share": 14.51,
            "book_valuer_per_share_4q_avg": 15.33,
            "equity": 1296056,
            "current_ratio": 121.44,
            "debt_ratio": 57.67,
            "inventory_turnover_ratio": 0.68,
            "account_receivable_turnover_ratio": 1.53,
            "reinvestment_rate": null,
            "research_to_sale_ratio": 5.58,
            "price_fair": 59.5,
            "eps_avg_yearly": 1.7,
            "eps_latest_yearly": 1.88,
            "eps_growth_yearly": 247.37
        },
        "20174": {
            "year_quarter": 20174,
            "year": 2017,
            "quarter": 4,
            "eps": 5.05,
            "eps_growth_year": null,
            "eps_4q": 3.2,
            "eps_4q_growth_year": null,
            "roe": 29.3,
            "roe_4q": 16.790000000000003,
            "gross_profit": 55306,
            "gross_margin": 11.13,
            "gross_margin_4q_avg": 14.19,
            "net_income": 445020,
            "net_income_4q": null,
            "revenue": 496931,
            "revenue_4q": null,
            "common_shares": 886500,
            "book_valuer_per_share": 19.56,
            "book_valuer_per_share_4q_avg": 16.05,
            "equity": 1741754,
            "current_ratio": 160.21,
            "debt_ratio": 47.34,
            "inventory_turnover_ratio": 0.71,
            "account_receivable_turnover_ratio": 1.35,
            "reinvestment_rate": null,
            "research_to_sale_ratio": 5.51,
            "price_fair": 59.5,
            "eps_avg_yearly": 1.7,
            "eps_latest_yearly": 1.88,
            "eps_growth_yearly": 247.37
        },
        "20181": {
            "year_quarter": 20181,
            "year": 2018,
            "quarter": 1,
            "eps": -0.5,
            "eps_growth_year": null,
            "eps_4q": 3.54,
            "eps_4q_growth_year": null,
            "roe": -2.73,
            "roe_4q": 19.4,
            "gross_profit": 61209,
            "gross_margin": 11.88,
            "gross_margin_4q_avg": 13.24,
            "net_income": -47167,
            "net_income_4q": null,
            "revenue": 515214,
            "revenue_4q": null,
            "common_shares": 886500,
            "book_valuer_per_share": 19.17,
            "book_valuer_per_share_4q_avg": 17.01,
            "equity": 1711953,
            "current_ratio": 156.01,
            "debt_ratio": 48.15,
            "inventory_turnover_ratio": 0.76,
            "account_receivable_turnover_ratio": 1.43,
            "reinvestment_rate": null,
            "research_to_sale_ratio": 5.3,
            "price_fair": 65.8,
            "eps_avg_yearly": 1.88,
            "eps_latest_yearly": 1.88,
            "eps_growth_yearly": 94.74
        },
        "20182": {
            "year_quarter": 20182,
            "year": 2018,
            "quarter": 2,
            "eps": -0.46,
            "eps_growth_year": null,
            "eps_4q": 3.79,
            "eps_4q_growth_year": null,
            "roe": -2.73,
            "roe_4q": 21.67,
            "gross_profit": 69347,
            "gross_margin": 14.04,
            "gross_margin_4q_avg": 13.56,
            "net_income": -44694,
            "net_income_4q": null,
            "revenue": 494036,
            "revenue_4q": null,
            "common_shares": 886500,
            "book_valuer_per_share": 17.49,
            "book_valuer_per_share_4q_avg": 17.68,
            "equity": 1559704,
            "current_ratio": 137.87,
            "debt_ratio": 53.55,
            "inventory_turnover_ratio": 0.65,
            "account_receivable_turnover_ratio": 1.29,
            "reinvestment_rate": null,
            "research_to_sale_ratio": 5.5,
            "price_fair": 0,
            "eps_avg_yearly": 0,
            "eps_latest_yearly": 0,
            "eps_growth_yearly": 0
        },
        "20183": {
            "year_quarter": 20183,
            "year": 2018,
            "quarter": 3,
            "eps": -0.39,
            "eps_growth_year": null,
            "eps_4q": 3.69,
            "eps_4q_growth_year": null,
            "roe": -2.43,
            "roe_4q": 21.41,
            "gross_profit": 59778,
            "gross_margin": 13.6,
            "gross_margin_4q_avg": 12.66,
            "net_income": -36991,
            "net_income_4q": null,
            "revenue": 439697,
            "revenue_4q": null,
            "common_shares": 886500,
            "book_valuer_per_share": 16.61,
            "book_valuer_per_share_4q_avg": 18.21,
            "equity": 1479403,
            "current_ratio": 137.74,
            "debt_ratio": 51.07,
            "inventory_turnover_ratio": 0.54,
            "account_receivable_turnover_ratio": 1.24,
            "reinvestment_rate": null,
            "research_to_sale_ratio": 6.22,
            "price_fair": 0,
            "eps_avg_yearly": 0,
            "eps_latest_yearly": 0,
            "eps_growth_yearly": 0
        },
        "20184": {
            "year_quarter": 20184,
            "year": 2018,
            "quarter": 4,
            "eps": -0.8,
            "eps_growth_year": -115.88,
            "eps_4q": -2.15,
            "eps_4q_growth_year": -167.32,
            "roe": -4.79,
            "roe_4q": -12.680000000000001,
            "gross_profit": 50621,
            "gross_margin": 10.4,
            "gross_margin_4q_avg": 12.48,
            "net_income": -69707,
            "net_income_4q": null,
            "revenue": 486746,
            "revenue_4q": null,
            "common_shares": 886500,
            "book_valuer_per_share": 15.91,
            "book_valuer_per_share_4q_avg": 17.3,
            "equity": 1429066,
            "current_ratio": 135.59,
            "debt_ratio": 50.19,
            "inventory_turnover_ratio": 0.65,
            "account_receivable_turnover_ratio": 1.38,
            "reinvestment_rate": null,
            "research_to_sale_ratio": 5.14,
            "price_fair": 0,
            "eps_avg_yearly": 0,
            "eps_latest_yearly": 0,
            "eps_growth_yearly": 0
        },
        "20191": {
            "year_quarter": 20191,
            "year": 2019,
            "quarter": 1,
            "eps": -0.86,
            "eps_growth_year": null,
            "eps_4q": -2.51,
            "eps_4q_growth_year": -171.05,
            "roe": -5.67,
            "roe_4q": -15.620000000000001,
            "gross_profit": 56186,
            "gross_margin": 13.16,
            "gross_margin_4q_avg": 12.8,
            "net_income": -79189,
            "net_income_4q": null,
            "revenue": 426803,
            "revenue_4q": null,
            "common_shares": 886500,
            "book_valuer_per_share": 15.21,
            "book_valuer_per_share_4q_avg": 16.31,
            "equity": 1363322,
            "current_ratio": 132.33,
            "debt_ratio": 51.82,
            "inventory_turnover_ratio": 0.61,
            "account_receivable_turnover_ratio": 1.18,
            "reinvestment_rate": null,
            "research_to_sale_ratio": 7.24,
            "price_fair": 0,
            "eps_avg_yearly": 0,
            "eps_latest_yearly": 0,
            "eps_growth_yearly": 0
        },
        "20192": {
            "year_quarter": 20192,
            "year": 2019,
            "quarter": 2,
            "eps": -0.38,
            "eps_growth_year": null,
            "eps_4q": -2.43,
            "eps_4q_growth_year": -164.16,
            "roe": -2.7,
            "roe_4q": -15.59,
            "gross_profit": 91489,
            "gross_margin": 18.21,
            "gross_margin_4q_avg": 13.84,
            "net_income": -36266,
            "net_income_4q": null,
            "revenue": 502348,
            "revenue_4q": null,
            "common_shares": 886500,
            "book_valuer_per_share": 14.75,
            "book_valuer_per_share_4q_avg": 15.62,
            "equity": 1320165,
            "current_ratio": 125.69,
            "debt_ratio": 55.01,
            "inventory_turnover_ratio": 0.71,
            "account_receivable_turnover_ratio": 1.31,
            "reinvestment_rate": null,
            "research_to_sale_ratio": 5.94,
            "price_fair": 0,
            "eps_avg_yearly": 0,
            "eps_latest_yearly": 0,
            "eps_growth_yearly": 0
        },
        "20193": {
            "year_quarter": 20193,
            "year": 2019,
            "quarter": 3,
            "eps": -0.25,
            "eps_growth_year": null,
            "eps_4q": -2.29,
            "eps_4q_growth_year": -162.04,
            "roe": -2.01,
            "roe_4q": -15.169999999999998,
            "gross_profit": 102383,
            "gross_margin": 18.27,
            "gross_margin_4q_avg": 15.01,
            "net_income": -26122,
            "net_income_4q": null,
            "revenue": 560275,
            "revenue_4q": null,
            "common_shares": 886500,
            "book_valuer_per_share": 14.31,
            "book_valuer_per_share_4q_avg": 15.05,
            "equity": 1277152,
            "current_ratio": 124.77,
            "debt_ratio": 55.82,
            "inventory_turnover_ratio": 0.83,
            "account_receivable_turnover_ratio": 1.24,
            "reinvestment_rate": null,
            "research_to_sale_ratio": 5.1,
            "price_fair": 0,
            "eps_avg_yearly": 0,
            "eps_latest_yearly": 0,
            "eps_growth_yearly": 0
        },
        "20194": {
            "year_quarter": 20194,
            "year": 2019,
            "quarter": 4,
            "eps": -0.24,
            "eps_growth_year": null,
            "eps_4q": -1.73,
            "eps_4q_growth_year": null,
            "roe": -1.42,
            "roe_4q": -11.8,
            "gross_profit": 128663,
            "gross_margin": 22.48,
            "gross_margin_4q_avg": 18.03,
            "net_income": -17879,
            "net_income_4q": null,
            "revenue": 572308,
            "revenue_4q": null,
            "common_shares": 886500,
            "book_valuer_per_share": 13.86,
            "book_valuer_per_share_4q_avg": 14.53,
            "equity": 1240928,
            "current_ratio": 125.85,
            "debt_ratio": 54.82,
            "inventory_turnover_ratio": 0.86,
            "account_receivable_turnover_ratio": 1.18,
            "reinvestment_rate": null,
            "research_to_sale_ratio": 5.98,
            "price_fair": 0,
            "eps_avg_yearly": 0,
            "eps_latest_yearly": 0,
            "eps_growth_yearly": 0
        },
        "20201": {
            "year_quarter": 20201,
            "year": 2020,
            "quarter": 1,
            "eps": -0.11,
            "eps_growth_year": null,
            "eps_4q": -0.98,
            "eps_4q_growth_year": null,
            "roe": -1.08,
            "roe_4q": -7.21,
            "gross_profit": 102309,
            "gross_margin": 19.62,
            "gross_margin_4q_avg": 19.65,
            "net_income": -13254,
            "net_income_4q": null,
            "revenue": 521516,
            "revenue_4q": null,
            "common_shares": 886500,
            "book_valuer_per_share": 13.71,
            "book_valuer_per_share_4q_avg": 14.16,
            "equity": 1223568,
            "current_ratio": 126.73,
            "debt_ratio": 54.79,
            "inventory_turnover_ratio": 0.83,
            "account_receivable_turnover_ratio": 1.16,
            "reinvestment_rate": null,
            "research_to_sale_ratio": 5.68,
            "price_fair": 0,
            "eps_avg_yearly": 0,
            "eps_latest_yearly": 0,
            "eps_growth_yearly": 0
        },
        "20202": {
            "year_quarter": 20202,
            "year": 2020,
            "quarter": 2,
            "eps": -0.06,
            "eps_growth_year": null,
            "eps_4q": -0.66,
            "eps_4q_growth_year": null,
            "roe": -0.72,
            "roe_4q": -5.2299999999999995,
            "gross_profit": 116916,
            "gross_margin": 19.67,
            "gross_margin_4q_avg": 20.01,
            "net_income": -8724,
            "net_income_4q": null,
            "revenue": 594376,
            "revenue_4q": null,
            "common_shares": 886500,
            "book_valuer_per_share": 13.51,
            "book_valuer_per_share_4q_avg": 13.85,
            "equity": 1202749,
            "current_ratio": 112.69,
            "debt_ratio": 60.22,
            "inventory_turnover_ratio": 0.86,
            "account_receivable_turnover_ratio": 1.3,
            "reinvestment_rate": null,
            "research_to_sale_ratio": 4.99,
            "price_fair": 0,
            "eps_avg_yearly": 0,
            "eps_latest_yearly": 0,
            "eps_growth_yearly": 0
        },
        "20203": {
            "year_quarter": 20203,
            "year": 2020,
            "quarter": 3,
            "eps": -0.15,
            "eps_growth_year": null,
            "eps_4q": -0.56,
            "eps_4q_growth_year": null,
            "roe": -1.48,
            "roe_4q": -4.7,
            "gross_profit": 116236,
            "gross_margin": 19.1,
            "gross_margin_4q_avg": 20.22,
            "net_income": -17815,
            "net_income_4q": null,
            "revenue": 608450,
            "revenue_4q": null,
            "common_shares": 886500,
            "book_valuer_per_share": 13.46,
            "book_valuer_per_share_4q_avg": 13.64,
            "equity": 1203860,
            "current_ratio": 112.68,
            "debt_ratio": 63.52,
            "inventory_turnover_ratio": 0.85,
            "account_receivable_turnover_ratio": 1.3,
            "reinvestment_rate": null,
            "research_to_sale_ratio": 5.8,
            "price_fair": 0,
            "eps_avg_yearly": 0,
            "eps_latest_yearly": 0,
            "eps_growth_yearly": 0
        },
        "20204": {
            "year_quarter": 20204,
            "year": 2020,
            "quarter": 4,
            "eps": -0.54,
            "eps_growth_year": null,
            "eps_4q": -0.86,
            "eps_4q_growth_year": null,
            "roe": -4.35,
            "roe_4q": -7.63,
            "gross_profit": 81675,
            "gross_margin": 17.06,
            "gross_margin_4q_avg": 18.86,
            "net_income": -51510,
            "net_income_4q": null,
            "revenue": 478652,
            "revenue_4q": null,
            "common_shares": 886500,
            "book_valuer_per_share": 13.03,
            "book_valuer_per_share_4q_avg": 13.43,
            "equity": 1162267,
            "current_ratio": 107.77,
            "debt_ratio": 62.28,
            "inventory_turnover_ratio": 0.72,
            "account_receivable_turnover_ratio": 1.27,
            "reinvestment_rate": null,
            "research_to_sale_ratio": 6.7,
            "price_fair": 0,
            "eps_avg_yearly": 0,
            "eps_latest_yearly": 0,
            "eps_growth_yearly": 0
        },
        "20211": {
            "year_quarter": 20211,
            "year": 2021,
            "quarter": 1,
            "eps": -0.32,
            "eps_growth_year": null,
            "eps_4q": -1.07,
            "eps_4q_growth_year": null,
            "roe": -2.77,
            "roe_4q": -9.32,
            "gross_profit": 92615,
            "gross_margin": 17.13,
            "gross_margin_4q_avg": 18.24,
            "net_income": -31694,
            "net_income_4q": null,
            "revenue": 540662,
            "revenue_4q": null,
            "common_shares": 886500,
            "book_valuer_per_share": 12.69,
            "book_valuer_per_share_4q_avg": 13.17,
            "equity": 1128353,
            "current_ratio": 103.58,
            "debt_ratio": 66.27,
            "inventory_turnover_ratio": 0.84,
            "account_receivable_turnover_ratio": 1.47,
            "reinvestment_rate": null,
            "research_to_sale_ratio": 6.37,
            "price_fair": 0,
            "eps_avg_yearly": 0,
            "eps_latest_yearly": 0,
            "eps_growth_yearly": 0
        },
        "20212": {
            "year_quarter": 20212,
            "year": 2021,
            "quarter": 2,
            "eps": -0.23,
            "eps_growth_year": null,
            "eps_4q": -1.24,
            "eps_4q_growth_year": null,
            "roe": -2.16,
            "roe_4q": -10.76,
            "gross_profit": 102984,
            "gross_margin": 17.77,
            "gross_margin_4q_avg": 17.77,
            "net_income": -24127,
            "net_income_4q": null,
            "revenue": 579592,
            "revenue_4q": null,
            "common_shares": 886500,
            "book_valuer_per_share": 12.4,
            "book_valuer_per_share_4q_avg": 12.9,
            "equity": 1108967,
            "current_ratio": 98.94,
            "debt_ratio": 68.72,
            "inventory_turnover_ratio": 0.83,
            "account_receivable_turnover_ratio": 1.35,
            "reinvestment_rate": null,
            "research_to_sale_ratio": 5.36,
            "price_fair": 0,
            "eps_avg_yearly": 0,
            "eps_latest_yearly": 0,
            "eps_growth_yearly": 0
        },
        "20213": {
            "year_quarter": 20213,
            "year": 2021,
            "quarter": 3,
            "eps": 0.13,
            "eps_growth_year": null,
            "eps_4q": -0.95,
            "eps_4q_growth_year": null,
            "roe": 0.79,
            "roe_4q": -8.49,
            "gross_profit": 120550,
            "gross_margin": 19.14,
            "gross_margin_4q_avg": 17.78,
            "net_income": 8765,
            "net_income_4q": null,
            "revenue": 629966,
            "revenue_4q": null,
            "common_shares": 886500,
            "book_valuer_per_share": 12.51,
            "book_valuer_per_share_4q_avg": 12.66,
            "equity": 1115607,
            "current_ratio": 109.05,
            "debt_ratio": 69.43,
            "inventory_turnover_ratio": 0.82,
            "account_receivable_turnover_ratio": 1.2,
            "reinvestment_rate": null,
            "research_to_sale_ratio": 4.55,
            "price_fair": 0,
            "eps_avg_yearly": 0,
            "eps_latest_yearly": 0,
            "eps_growth_yearly": 0
        },
        "20214": {
            "year_quarter": 20214,
            "year": 2021,
            "quarter": 4,
            "eps": -0.57,
            "eps_growth_year": null,
            "eps_4q": -0.98,
            "eps_4q_growth_year": null,
            "roe": -4.87,
            "roe_4q": -9.01,
            "gross_profit": 72156,
            "gross_margin": 12.86,
            "gross_margin_4q_avg": 16.73,
            "net_income": -53057,
            "net_income_4q": null,
            "revenue": 561214,
            "revenue_4q": null,
            "common_shares": 886500,
            "book_valuer_per_share": 11.92,
            "book_valuer_per_share_4q_avg": 12.38,
            "equity": 1061340,
            "current_ratio": 103.15,
            "debt_ratio": 72.12,
            "inventory_turnover_ratio": 0.76,
            "account_receivable_turnover_ratio": 0.95,
            "reinvestment_rate": null,
            "research_to_sale_ratio": 4.86,
            "price_fair": 0,
            "eps_avg_yearly": 0,
            "eps_latest_yearly": 0,
            "eps_growth_yearly": 0
        },
        "20221": {
            "year_quarter": 20221,
            "year": 2022,
            "quarter": 1,
            "eps": -0.25,
            "eps_growth_year": null,
            "eps_4q": -0.92,
            "eps_4q_growth_year": null,
            "roe": -2.35,
            "roe_4q": -8.59,
            "gross_profit": 87115,
            "gross_margin": 14.29,
            "gross_margin_4q_avg": 16.02,
            "net_income": -24800,
            "net_income_4q": null,
            "revenue": 609616,
            "revenue_4q": null,
            "common_shares": 886500,
            "book_valuer_per_share": 11.86,
            "book_valuer_per_share_4q_avg": 12.17,
            "equity": 1053031,
            "current_ratio": 99.86,
            "debt_ratio": 71.55,
            "inventory_turnover_ratio": 0.81,
            "account_receivable_turnover_ratio": 1.09,
            "reinvestment_rate": null,
            "research_to_sale_ratio": 4.77,
            "price_fair": 0,
            "eps_avg_yearly": 0,
            "eps_latest_yearly": 0,
            "eps_growth_yearly": 0
        },
        "20222": {
            "year_quarter": 20222,
            "year": 2022,
            "quarter": 2,
            "eps": 0.2,
            "eps_growth_year": null,
            "eps_4q": -0.48,
            "eps_4q_growth_year": null,
            "roe": 1.45,
            "roe_4q": -4.98,
            "gross_profit": 114846,
            "gross_margin": 18.79,
            "gross_margin_4q_avg": 16.27,
            "net_income": 15447,
            "net_income_4q": null,
            "revenue": 611359,
            "revenue_4q": null,
            "common_shares": 886500,
            "book_valuer_per_share": 12.03,
            "book_valuer_per_share_4q_avg": 12.08,
            "equity": 1076223,
            "current_ratio": 107.8,
            "debt_ratio": 71.21,
            "inventory_turnover_ratio": 0.75,
            "account_receivable_turnover_ratio": 1.18,
            "reinvestment_rate": null,
            "research_to_sale_ratio": 4.16,
            "price_fair": 0,
            "eps_avg_yearly": 0,
            "eps_latest_yearly": 0,
            "eps_growth_yearly": 0
        },
        "20223": {
            "year_quarter": 20223,
            "year": 2022,
            "quarter": 3,
            "eps": 0.75,
            "eps_growth_year": 476.92,
            "eps_4q": 0.13,
            "eps_4q_growth_year": null,
            "roe": 5.81,
            "roe_4q": 0.040000000000000036,
            "gross_profit": 152370,
            "gross_margin": 23.97,
            "gross_margin_4q_avg": 17.48,
            "net_income": 64780,
            "net_income_4q": null,
            "revenue": 635587,
            "revenue_4q": null,
            "common_shares": 886500,
            "book_valuer_per_share": 12.91,
            "book_valuer_per_share_4q_avg": 12.18,
            "equity": 1152394,
            "current_ratio": 112.45,
            "debt_ratio": 69.08,
            "inventory_turnover_ratio": 0.73,
            "account_receivable_turnover_ratio": 1.32,
            "reinvestment_rate": null,
            "research_to_sale_ratio": 3.45,
            "price_fair": 105,
            "eps_avg_yearly": 3,
            "eps_latest_yearly": 3,
            "eps_growth_yearly": 1100
        },
        "20224": {
            "year_quarter": 20224,
            "year": 2022,
            "quarter": 4,
            "eps": -0.08,
            "eps_growth_year": null,
            "eps_4q": 0.62,
            "eps_4q_growth_year": null,
            "roe": -0.72,
            "roe_4q": 4.1899999999999995,
            "gross_profit": 119222,
            "gross_margin": 22.03,
            "gross_margin_4q_avg": 19.77,
            "net_income": -8234,
            "net_income_4q": null,
            "revenue": 541102,
            "revenue_4q": null,
            "common_shares": 886500,
            "book_valuer_per_share": 12.76,
            "book_valuer_per_share_4q_avg": 12.39,
            "equity": 1137877,
            "current_ratio": 111.84,
            "debt_ratio": 67.86,
            "inventory_turnover_ratio": 0.67,
            "account_receivable_turnover_ratio": 1.27,
            "reinvestment_rate": null,
            "research_to_sale_ratio": 4.6,
            "price_fair": 105,
            "eps_avg_yearly": 3,
            "eps_latest_yearly": 3,
            "eps_growth_yearly": 1100
        },
        "20231": {
            "year_quarter": 20231,
            "year": 2023,
            "quarter": 1,
            "eps": -0.49,
            "eps_growth_year": null,
            "eps_4q": 0.37,
            "eps_4q_growth_year": null,
            "roe": -4.01,
            "roe_4q": 2.5300000000000002,
            "gross_profit": 67180,
            "gross_margin": 14.38,
            "gross_margin_4q_avg": 19.79,
            "net_income": -44723,
            "net_income_4q": null,
            "revenue": 467162,
            "revenue_4q": null,
            "common_shares": 886500,
            "book_valuer_per_share": 12.27,
            "book_valuer_per_share_4q_avg": 12.49,
            "equity": 1093918,
            "current_ratio": 110.61,
            "debt_ratio": 67.25,
            "inventory_turnover_ratio": 0.67,
            "account_receivable_turnover_ratio": 1.28,
            "reinvestment_rate": null,
            "research_to_sale_ratio": 4.31,
            "price_fair": 105,
            "eps_avg_yearly": 3,
            "eps_latest_yearly": 3,
            "eps_growth_yearly": 1100
        },
        "20232": {
            "year_quarter": 20232,
            "year": 2023,
            "quarter": 2,
            "eps": -0.08,
            "eps_growth_year": -140,
            "eps_4q": 0.09,
            "eps_4q_growth_year": null,
            "roe": -0.73,
            "roe_4q": 0.34999999999999964,
            "gross_profit": 101926,
            "gross_margin": 19.24,
            "gross_margin_4q_avg": 19.91,
            "net_income": -7946,
            "net_income_4q": null,
            "revenue": 529658,
            "revenue_4q": null,
            "common_shares": 886500,
            "book_valuer_per_share": 12.16,
            "book_valuer_per_share_4q_avg": 12.53,
            "equity": 1083161,
            "current_ratio": 108.34,
            "debt_ratio": 68.84,
            "inventory_turnover_ratio": 0.73,
            "account_receivable_turnover_ratio": 1.42,
            "reinvestment_rate": null,
            "research_to_sale_ratio": 3.99,
            "price_fair": 105,
            "eps_avg_yearly": 3,
            "eps_latest_yearly": 3,
            "eps_growth_yearly": 1100
        },
        "20233": {
            "year_quarter": 20233,
            "year": 2023,
            "quarter": 3,
            "eps": 0.71,
            "eps_growth_year": -5.33,
            "eps_4q": 0.06,
            "eps_4q_growth_year": -55.26,
            "roe": 5.57,
            "roe_4q": 0.1100000000000001,
            "gross_profit": 166889,
            "gross_margin": 25.56,
            "gross_margin_4q_avg": 20.3,
            "net_income": 62436,
            "net_income_4q": null,
            "revenue": 652986,
            "revenue_4q": null,
            "common_shares": 886500,
            "book_valuer_per_share": 13.02,
            "book_valuer_per_share_4q_avg": 12.55,
            "equity": 1158798,
            "current_ratio": 112.68,
            "debt_ratio": 68.24,
            "inventory_turnover_ratio": 0.81,
            "account_receivable_turnover_ratio": 1.5,
            "reinvestment_rate": null,
            "research_to_sale_ratio": 3.41,
            "price_fair": 105,
            "eps_avg_yearly": 3,
            "eps_latest_yearly": 3,
            "eps_growth_yearly": 1100
        }
    },
    "months": {
        "2001-12": {
            "month": "2001-12",
            "price": "136.03",
            "revenue": 259824
        },
        "2002-01": {
            "month": "2002-01",
            "price": "253.86",
            "revenue": 262709
        },
        "2002-02": {
            "month": "2002-02",
            "price": "247.83",
            "revenue": 192350
        },
        "2002-03": {
            "month": "2002-03",
            "price": "226.52",
            "revenue": 250611
        },
        "2002-04": {
            "month": "2002-04",
            "price": "196.52",
            "revenue": 219728
        },
        "2002-05": {
            "month": "2002-05",
            "price": "160.45",
            "revenue": 138818
        },
        "2002-06": {
            "month": "2002-06",
            "price": "128.08",
            "revenue": 212579
        },
        "2002-07": {
            "month": "2002-07",
            "price": "112.09",
            "revenue": 218065
        },
        "2002-08": {
            "month": "2002-08",
            "price": "93.07",
            "revenue": 189511
        },
        "2002-09": {
            "month": "2002-09",
            "price": "75.98",
            "revenue": 190208
        },
        "2002-10": {
            "month": "2002-10",
            "price": "65.57",
            "revenue": 260962
        },
        "2002-11": {
            "month": "2002-11",
            "price": "70.88",
            "revenue": 235782
        },
        "2002-12": {
            "month": "2002-12",
            "price": "67.00",
            "revenue": 195380
        },
        "2003-01": {
            "month": "2003-01",
            "price": "55.45",
            "revenue": 194498
        },
        "2003-02": {
            "month": "2003-02",
            "price": "48.58",
            "revenue": 160555
        },
        "2003-03": {
            "month": "2003-03",
            "price": "48.10",
            "revenue": 221739
        },
        "2003-04": {
            "month": "2003-04",
            "price": "47.49",
            "revenue": 210182
        },
        "2003-05": {
            "month": "2003-05",
            "price": "44.46",
            "revenue": 155586
        },
        "2003-06": {
            "month": "2003-06",
            "price": "48.96",
            "revenue": 164292
        },
        "2003-07": {
            "month": "2003-07",
            "price": "52.70",
            "revenue": 208567
        },
        "2003-08": {
            "month": "2003-08",
            "price": "51.38",
            "revenue": 262964
        },
        "2003-09": {
            "month": "2003-09",
            "price": "49.74",
            "revenue": 308171
        },
        "2003-10": {
            "month": "2003-10",
            "price": "52.46",
            "revenue": 358579
        },
        "2003-11": {
            "month": "2003-11",
            "price": "54.78",
            "revenue": 304273
        },
        "2003-12": {
            "month": "2003-12",
            "price": "60.39",
            "revenue": 238520
        },
        "2004-01": {
            "month": "2004-01",
            "price": "71.00",
            "revenue": 220944
        },
        "2004-02": {
            "month": "2004-02",
            "price": "73.32",
            "revenue": 277530
        },
        "2004-03": {
            "month": "2004-03",
            "price": "51.27",
            "revenue": 234917
        },
        "2004-04": {
            "month": "2004-04",
            "price": "44.12",
            "revenue": 193829
        },
        "2004-05": {
            "month": "2004-05",
            "price": "32.05",
            "revenue": 157733
        },
        "2004-06": {
            "month": "2004-06",
            "price": "30.92",
            "revenue": 200439
        },
        "2004-07": {
            "month": "2004-07",
            "price": "25.22",
            "revenue": 197981
        },
        "2004-08": {
            "month": "2004-08",
            "price": "20.88",
            "revenue": 196966
        },
        "2004-09": {
            "month": "2004-09",
            "price": "15.29",
            "revenue": 308350
        },
        "2004-10": {
            "month": "2004-10",
            "price": "15.04",
            "revenue": 407012
        },
        "2004-11": {
            "month": "2004-11",
            "price": "14.63",
            "revenue": 336678
        },
        "2004-12": {
            "month": "2004-12",
            "price": "14.74",
            "revenue": 237530
        },
        "2005-01": {
            "month": "2005-01",
            "price": "13.99",
            "revenue": 208200
        },
        "2005-02": {
            "month": "2005-02",
            "price": "14.85",
            "revenue": 158686
        },
        "2005-03": {
            "month": "2005-03",
            "price": "15.42",
            "revenue": 214991
        },
        "2005-04": {
            "month": "2005-04",
            "price": "13.84",
            "revenue": 185614
        },
        "2005-05": {
            "month": "2005-05",
            "price": "16.56",
            "revenue": 164288
        },
        "2005-06": {
            "month": "2005-06",
            "price": "20.12",
            "revenue": 169057
        },
        "2005-07": {
            "month": "2005-07",
            "price": "22.25",
            "revenue": 172907
        },
        "2005-08": {
            "month": "2005-08",
            "price": "16.85",
            "revenue": 292680
        },
        "2005-09": {
            "month": "2005-09",
            "price": "16.42",
            "revenue": 318349
        },
        "2005-10": {
            "month": "2005-10",
            "price": "15.75",
            "revenue": 425556
        },
        "2005-11": {
            "month": "2005-11",
            "price": "17.39",
            "revenue": 289685
        },
        "2005-12": {
            "month": "2005-12",
            "price": "17.80",
            "revenue": 112542
        },
        "2006-01": {
            "month": "2006-01",
            "price": "16.55",
            "revenue": 143713
        },
        "2006-02": {
            "month": "2006-02",
            "price": "15.59",
            "revenue": 130845
        },
        "2006-03": {
            "month": "2006-03",
            "price": "14.68",
            "revenue": 280046
        },
        "2006-04": {
            "month": "2006-04",
            "price": "15.48",
            "revenue": 221149
        },
        "2006-05": {
            "month": "2006-05",
            "price": "14.96",
            "revenue": 187028
        },
        "2006-06": {
            "month": "2006-06",
            "price": "13.91",
            "revenue": 236073
        },
        "2006-07": {
            "month": "2006-07",
            "price": "14.15",
            "revenue": 225138
        },
        "2006-08": {
            "month": "2006-08",
            "price": "14.76",
            "revenue": 293215
        },
        "2006-09": {
            "month": "2006-09",
            "price": "14.03",
            "revenue": 302631
        },
        "2006-10": {
            "month": "2006-10",
            "price": "15.02",
            "revenue": 363176
        },
        "2006-11": {
            "month": "2006-11",
            "price": "17.13",
            "revenue": 207097
        },
        "2006-12": {
            "month": "2006-12",
            "price": "17.40",
            "revenue": 233141
        },
        "2007-01": {
            "month": "2007-01",
            "price": "19.68",
            "revenue": 187457
        },
        "2007-02": {
            "month": "2007-02",
            "price": "19.34",
            "revenue": 255730
        },
        "2007-03": {
            "month": "2007-03",
            "price": "21.22",
            "revenue": 223325
        },
        "2007-04": {
            "month": "2007-04",
            "price": "23.84",
            "revenue": 177810
        },
        "2007-05": {
            "month": "2007-05",
            "price": "21.87",
            "revenue": 258677
        },
        "2007-06": {
            "month": "2007-06",
            "price": "24.13",
            "revenue": 226642
        },
        "2007-07": {
            "month": "2007-07",
            "price": "24.65",
            "revenue": 304697
        },
        "2007-08": {
            "month": "2007-08",
            "price": "21.23",
            "revenue": 363815
        },
        "2007-09": {
            "month": "2007-09",
            "price": "20.81",
            "revenue": 405166
        },
        "2007-10": {
            "month": "2007-10",
            "price": "20.95",
            "revenue": 464770
        },
        "2007-11": {
            "month": "2007-11",
            "price": "18.96",
            "revenue": 233977
        },
        "2007-12": {
            "month": "2007-12",
            "price": "16.10",
            "revenue": 265965
        },
        "2008-01": {
            "month": "2008-01",
            "price": "14.12",
            "revenue": 328436
        },
        "2008-02": {
            "month": "2008-02",
            "price": "14.65",
            "revenue": 205673
        },
        "2008-03": {
            "month": "2008-03",
            "price": "14.99",
            "revenue": 371933
        },
        "2008-04": {
            "month": "2008-04",
            "price": "15.37",
            "revenue": 330774
        },
        "2008-05": {
            "month": "2008-05",
            "price": "17.63",
            "revenue": 194803
        },
        "2008-06": {
            "month": "2008-06",
            "price": "16.13",
            "revenue": 265535
        },
        "2008-07": {
            "month": "2008-07",
            "price": "14.37",
            "revenue": 282211
        },
        "2008-08": {
            "month": "2008-08",
            "price": "14.58",
            "revenue": 342769
        },
        "2008-09": {
            "month": "2008-09",
            "price": "13.96",
            "revenue": 445041
        },
        "2008-10": {
            "month": "2008-10",
            "price": "13.51",
            "revenue": 376866
        },
        "2008-11": {
            "month": "2008-11",
            "price": "13.32",
            "revenue": 118684
        },
        "2008-12": {
            "month": "2008-12",
            "price": "12.08",
            "revenue": 136370
        },
        "2009-01": {
            "month": "2009-01",
            "price": "11.66",
            "revenue": 151007
        },
        "2009-02": {
            "month": "2009-02",
            "price": "11.16",
            "revenue": 187122
        },
        "2009-03": {
            "month": "2009-03",
            "price": "12.76",
            "revenue": 239574
        },
        "2009-04": {
            "month": "2009-04",
            "price": "14.35",
            "revenue": 254580
        },
        "2009-05": {
            "month": "2009-05",
            "price": "15.30",
            "revenue": 221929
        },
        "2009-06": {
            "month": "2009-06",
            "price": "14.07",
            "revenue": 230801
        },
        "2009-07": {
            "month": "2009-07",
            "price": "14.77",
            "revenue": 283643
        },
        "2009-08": {
            "month": "2009-08",
            "price": "15.09",
            "revenue": 281086
        },
        "2009-09": {
            "month": "2009-09",
            "price": "15.08",
            "revenue": 322436
        },
        "2009-10": {
            "month": "2009-10",
            "price": "15.90",
            "revenue": 373773
        },
        "2009-11": {
            "month": "2009-11",
            "price": "17.14",
            "revenue": 237284
        },
        "2009-12": {
            "month": "2009-12",
            "price": "17.60",
            "revenue": 252410
        },
        "2010-01": {
            "month": "2010-01",
            "price": "24.84",
            "revenue": 261477
        },
        "2010-02": {
            "month": "2010-02",
            "price": "22.47",
            "revenue": 247999
        },
        "2010-03": {
            "month": "2010-03",
            "price": "24.52",
            "revenue": 348643
        },
        "2010-04": {
            "month": "2010-04",
            "price": "23.54",
            "revenue": 325183
        },
        "2010-05": {
            "month": "2010-05",
            "price": "20.89",
            "revenue": 377811
        },
        "2010-06": {
            "month": "2010-06",
            "price": "19.99",
            "revenue": 273470
        },
        "2010-07": {
            "month": "2010-07",
            "price": "19.90",
            "revenue": 257551
        },
        "2010-08": {
            "month": "2010-08",
            "price": "19.14",
            "revenue": 232218
        },
        "2010-09": {
            "month": "2010-09",
            "price": "18.01",
            "revenue": 336740
        },
        "2010-10": {
            "month": "2010-10",
            "price": "17.47",
            "revenue": 318173
        },
        "2010-11": {
            "month": "2010-11",
            "price": "15.13",
            "revenue": 296894
        },
        "2010-12": {
            "month": "2010-12",
            "price": "17.22",
            "revenue": 296058
        },
        "2011-01": {
            "month": "2011-01",
            "price": "17.08",
            "revenue": 280750
        },
        "2011-02": {
            "month": "2011-02",
            "price": "17.11",
            "revenue": 217836
        },
        "2011-03": {
            "month": "2011-03",
            "price": "17.59",
            "revenue": 376563
        },
        "2011-04": {
            "month": "2011-04",
            "price": "17.11",
            "revenue": 308839
        },
        "2011-05": {
            "month": "2011-05",
            "price": "16.55",
            "revenue": 371510
        },
        "2011-06": {
            "month": "2011-06",
            "price": "16.14",
            "revenue": 263001
        },
        "2011-07": {
            "month": "2011-07",
            "price": "15.08",
            "revenue": 303503
        },
        "2011-08": {
            "month": "2011-08",
            "price": "13.78",
            "revenue": 325444
        },
        "2011-09": {
            "month": "2011-09",
            "price": "14.83",
            "revenue": 347669
        },
        "2011-10": {
            "month": "2011-10",
            "price": "14.52",
            "revenue": 293213
        },
        "2011-11": {
            "month": "2011-11",
            "price": "14.70",
            "revenue": 193914
        },
        "2011-12": {
            "month": "2011-12",
            "price": "13.27",
            "revenue": 226904
        },
        "2012-01": {
            "month": "2012-01",
            "price": "13.28",
            "revenue": 217306
        },
        "2012-02": {
            "month": "2012-02",
            "price": "15.28",
            "revenue": 238730
        },
        "2012-03": {
            "month": "2012-03",
            "price": "15.85",
            "revenue": 273336
        },
        "2012-04": {
            "month": "2012-04",
            "price": "15.33",
            "revenue": 277552
        },
        "2012-05": {
            "month": "2012-05",
            "price": "13.80",
            "revenue": 289249
        },
        "2012-06": {
            "month": "2012-06",
            "price": "12.68",
            "revenue": 248163
        },
        "2012-07": {
            "month": "2012-07",
            "price": "12.30",
            "revenue": 259629
        },
        "2012-08": {
            "month": "2012-08",
            "price": "12.20",
            "revenue": 219062
        },
        "2012-09": {
            "month": "2012-09",
            "price": "12.10",
            "revenue": 246505
        },
        "2012-10": {
            "month": "2012-10",
            "price": "11.90",
            "revenue": 313049
        },
        "2012-11": {
            "month": "2012-11",
            "price": "10.83",
            "revenue": 217985
        },
        "2012-12": {
            "month": "2012-12",
            "price": "11.16",
            "revenue": 256991
        },
        "2013-01": {
            "month": "2013-01",
            "price": "11.74",
            "revenue": 326343
        },
        "2013-02": {
            "month": "2013-02",
            "price": "12.96",
            "revenue": 212796
        },
        "2013-03": {
            "month": "2013-03",
            "price": "13.24",
            "revenue": 319182
        },
        "2013-04": {
            "month": "2013-04",
            "price": "13.85",
            "revenue": 275887
        },
        "2013-05": {
            "month": "2013-05",
            "price": "14.58",
            "revenue": 266412
        },
        "2013-06": {
            "month": "2013-06",
            "price": "14.43",
            "revenue": 181863
        },
        "2013-07": {
            "month": "2013-07",
            "price": "14.47",
            "revenue": 262300
        },
        "2013-08": {
            "month": "2013-08",
            "price": "13.93",
            "revenue": 236525
        },
        "2013-09": {
            "month": "2013-09",
            "price": "14.18",
            "revenue": 244215
        },
        "2013-10": {
            "month": "2013-10",
            "price": "14.32",
            "revenue": 324310
        },
        "2013-11": {
            "month": "2013-11",
            "price": "14.92",
            "revenue": 222086
        },
        "2013-12": {
            "month": "2013-12",
            "price": "14.34",
            "revenue": 278648
        },
        "2014-01": {
            "month": "2014-01",
            "price": "15.02",
            "revenue": 308815
        },
        "2014-02": {
            "month": "2014-02",
            "price": "15.85",
            "revenue": 210914
        },
        "2014-03": {
            "month": "2014-03",
            "price": "17.96",
            "revenue": 336505
        },
        "2014-04": {
            "month": "2014-04",
            "price": "17.21",
            "revenue": 330342
        },
        "2014-05": {
            "month": "2014-05",
            "price": "19.42",
            "revenue": 311493
        },
        "2014-06": {
            "month": "2014-06",
            "price": "23.03",
            "revenue": 279111
        },
        "2014-07": {
            "month": "2014-07",
            "price": "23.21",
            "revenue": 276985
        },
        "2014-08": {
            "month": "2014-08",
            "price": "22.69",
            "revenue": 202081
        },
        "2014-09": {
            "month": "2014-09",
            "price": "19.43",
            "revenue": 188177
        },
        "2014-10": {
            "month": "2014-10",
            "price": "16.26",
            "revenue": 210724
        },
        "2014-11": {
            "month": "2014-11",
            "price": "15.41",
            "revenue": 162034
        },
        "2014-12": {
            "month": "2014-12",
            "price": "15.98",
            "revenue": 177298
        },
        "2015-01": {
            "month": "2015-01",
            "price": "16.13",
            "revenue": 179237
        },
        "2015-02": {
            "month": "2015-02",
            "price": "15.69",
            "revenue": 117110
        },
        "2015-03": {
            "month": "2015-03",
            "price": "15.89",
            "revenue": 160444
        },
        "2015-04": {
            "month": "2015-04",
            "price": "16.49",
            "revenue": 165164
        },
        "2015-05": {
            "month": "2015-05",
            "price": "15.12",
            "revenue": 148893
        },
        "2015-06": {
            "month": "2015-06",
            "price": "13.42",
            "revenue": 161697
        },
        "2015-07": {
            "month": "2015-07",
            "price": "13.59",
            "revenue": 182612
        },
        "2015-08": {
            "month": "2015-08",
            "price": "12.44",
            "revenue": 187040
        },
        "2015-09": {
            "month": "2015-09",
            "price": "13.63",
            "revenue": 192979
        },
        "2015-10": {
            "month": "2015-10",
            "price": "14.96",
            "revenue": 230150
        },
        "2015-11": {
            "month": "2015-11",
            "price": "14.67",
            "revenue": 185362
        },
        "2015-12": {
            "month": "2015-12",
            "price": "14.70",
            "revenue": 213722
        },
        "2016-01": {
            "month": "2016-01",
            "price": "14.75",
            "revenue": 204128
        },
        "2016-02": {
            "month": "2016-02",
            "price": "14.14",
            "revenue": 126149
        },
        "2016-03": {
            "month": "2016-03",
            "price": "13.97",
            "revenue": 189324
        },
        "2016-04": {
            "month": "2016-04",
            "price": "14.31",
            "revenue": 149703
        },
        "2016-05": {
            "month": "2016-05",
            "price": "13.82",
            "revenue": 204268
        },
        "2016-06": {
            "month": "2016-06",
            "price": "14.13",
            "revenue": 190008
        },
        "2016-07": {
            "month": "2016-07",
            "price": "14.50",
            "revenue": 219262
        },
        "2016-08": {
            "month": "2016-08",
            "price": "14.78",
            "revenue": 234521
        },
        "2016-09": {
            "month": "2016-09",
            "price": "14.53",
            "revenue": 206385
        },
        "2016-10": {
            "month": "2016-10",
            "price": "14.11",
            "revenue": 183326
        },
        "2016-11": {
            "month": "2016-11",
            "price": "13.78",
            "revenue": 158256
        },
        "2016-12": {
            "month": "2016-12",
            "price": "13.10",
            "revenue": 156834
        },
        "2017-01": {
            "month": "2017-01",
            "price": "13.52",
            "revenue": 129182
        },
        "2017-02": {
            "month": "2017-02",
            "price": "15.22",
            "revenue": 116796
        },
        "2017-03": {
            "month": "2017-03",
            "price": "16.64",
            "revenue": 182681
        },
        "2017-04": {
            "month": "2017-04",
            "price": "17.94",
            "revenue": 151817
        },
        "2017-05": {
            "month": "2017-05",
            "price": "18.01",
            "revenue": 169911
        },
        "2017-06": {
            "month": "2017-06",
            "price": "18.14",
            "revenue": 139748
        },
        "2017-07": {
            "month": "2017-07",
            "price": "17.80",
            "revenue": 154282
        },
        "2017-08": {
            "month": "2017-08",
            "price": "17.32",
            "revenue": 162379
        },
        "2017-09": {
            "month": "2017-09",
            "price": "17.48",
            "revenue": 217291
        },
        "2017-10": {
            "month": "2017-10",
            "price": "17.87",
            "revenue": 152012
        },
        "2017-11": {
            "month": "2017-11",
            "price": "18.66",
            "revenue": 173073
        },
        "2017-12": {
            "month": "2017-12",
            "price": "18.13",
            "revenue": 171951
        },
        "2018-01": {
            "month": "2018-01",
            "price": "18.49",
            "revenue": 207003
        },
        "2018-02": {
            "month": "2018-02",
            "price": "18.37",
            "revenue": 136059
        },
        "2018-03": {
            "month": "2018-03",
            "price": "20.49",
            "revenue": 172440
        },
        "2018-04": {
            "month": "2018-04",
            "price": "17.49",
            "revenue": 158385
        },
        "2018-05": {
            "month": "2018-05",
            "price": "16.54",
            "revenue": 167171
        },
        "2018-06": {
            "month": "2018-06",
            "price": "16.46",
            "revenue": 167027
        },
        "2018-07": {
            "month": "2018-07",
            "price": "15.89",
            "revenue": 154915
        },
        "2018-08": {
            "month": "2018-08",
            "price": "14.33",
            "revenue": 151951
        },
        "2018-09": {
            "month": "2018-09",
            "price": "13.11",
            "revenue": 130246
        },
        "2018-10": {
            "month": "2018-10",
            "price": "11.73",
            "revenue": 138892
        },
        "2018-11": {
            "month": "2018-11",
            "price": "11.56",
            "revenue": 145686
        },
        "2018-12": {
            "month": "2018-12",
            "price": "12.32",
            "revenue": 205250
        },
        "2019-01": {
            "month": "2019-01",
            "price": "12.52",
            "revenue": 184754
        },
        "2019-02": {
            "month": "2019-02",
            "price": "13.38",
            "revenue": 102347
        },
        "2019-03": {
            "month": "2019-03",
            "price": "14.21",
            "revenue": 139614
        },
        "2019-04": {
            "month": "2019-04",
            "price": "14.68",
            "revenue": 166461
        },
        "2019-05": {
            "month": "2019-05",
            "price": "13.95",
            "revenue": 181127
        },
        "2019-06": {
            "month": "2019-06",
            "price": "13.49",
            "revenue": 160084
        },
        "2019-07": {
            "month": "2019-07",
            "price": "14.58",
            "revenue": 181194
        },
        "2019-08": {
            "month": "2019-08",
            "price": "14.36",
            "revenue": 193911
        },
        "2019-09": {
            "month": "2019-09",
            "price": "14.28",
            "revenue": 184888
        },
        "2019-10": {
            "month": "2019-10",
            "price": "13.99",
            "revenue": 154695
        },
        "2019-11": {
            "month": "2019-11",
            "price": "13.62",
            "revenue": 194642
        },
        "2019-12": {
            "month": "2019-12",
            "price": "13.54",
            "revenue": 223337
        },
        "2020-01": {
            "month": "2020-01",
            "price": "14.19",
            "revenue": 173889
        },
        "2020-02": {
            "month": "2020-02",
            "price": "14.66",
            "revenue": 163718
        },
        "2020-03": {
            "month": "2020-03",
            "price": "12.90",
            "revenue": 182699
        },
        "2020-04": {
            "month": "2020-04",
            "price": "14.29",
            "revenue": 175398
        },
        "2020-05": {
            "month": "2020-05",
            "price": "15.94",
            "revenue": 248195
        },
        "2020-06": {
            "month": "2020-06",
            "price": "18.36",
            "revenue": 170399
        },
        "2020-07": {
            "month": "2020-07",
            "price": "18.72",
            "revenue": 236612
        },
        "2020-08": {
            "month": "2020-08",
            "price": "18.27",
            "revenue": 170611
        },
        "2020-09": {
            "month": "2020-09",
            "price": "17.74",
            "revenue": 207718
        },
        "2020-10": {
            "month": "2020-10",
            "price": "17.78",
            "revenue": 163107
        },
        "2020-11": {
            "month": "2020-11",
            "price": "16.57",
            "revenue": 155224
        },
        "2020-12": {
            "month": "2020-12",
            "price": "16.80",
            "revenue": 153979
        },
        "2021-01": {
            "month": "2021-01",
            "price": "15.76",
            "revenue": 202010
        },
        "2021-02": {
            "month": "2021-02",
            "price": "15.68",
            "revenue": 136843
        },
        "2021-03": {
            "month": "2021-03",
            "price": "15.98",
            "revenue": 201798
        },
        "2021-04": {
            "month": "2021-04",
            "price": "16.78",
            "revenue": 171395
        },
        "2021-05": {
            "month": "2021-05",
            "price": "16.45",
            "revenue": 187376
        },
        "2021-06": {
            "month": "2021-06",
            "price": "16.16",
            "revenue": 219899
        },
        "2021-07": {
            "month": "2021-07",
            "price": "16.97",
            "revenue": 200415
        },
        "2021-08": {
            "month": "2021-08",
            "price": "16.20",
            "revenue": 184004
        },
        "2021-09": {
            "month": "2021-09",
            "price": "16.01",
            "revenue": 245178
        },
        "2021-10": {
            "month": "2021-10",
            "price": "15.90",
            "revenue": 183262
        },
        "2021-11": {
            "month": "2021-11",
            "price": "16.51",
            "revenue": 186914
        },
        "2021-12": {
            "month": "2021-12",
            "price": "16.85",
            "revenue": 190881
        },
        "2022-01": {
            "month": "2022-01",
            "price": "17.08",
            "revenue": 200141
        },
        "2022-02": {
            "month": "2022-02",
            "price": "16.40",
            "revenue": 182776
        },
        "2022-03": {
            "month": "2022-03",
            "price": "15.72",
            "revenue": 226617
        },
        "2022-04": {
            "month": "2022-04",
            "price": "15.58",
            "revenue": 197556
        },
        "2022-05": {
            "month": "2022-05",
            "price": "15.49",
            "revenue": 198294
        },
        "2022-06": {
            "month": "2022-06",
            "price": "15.24",
            "revenue": 214712
        },
        "2022-07": {
            "month": "2022-07",
            "price": "14.98",
            "revenue": 234013
        },
        "2022-08": {
            "month": "2022-08",
            "price": "17.54",
            "revenue": 205477
        },
        "2022-09": {
            "month": "2022-09",
            "price": "16.98",
            "revenue": 191991
        },
        "2022-10": {
            "month": "2022-10",
            "price": "13.33",
            "revenue": 218982
        },
        "2022-11": {
            "month": "2022-11",
            "price": "13.98",
            "revenue": 161270
        },
        "2022-12": {
            "month": "2022-12",
            "price": "14.31",
            "revenue": 164101
        },
        "2023-01": {
            "month": "2023-01",
            "price": "13.85",
            "revenue": 147570
        },
        "2023-02": {
            "month": "2023-02",
            "price": "14.28",
            "revenue": 157440
        },
        "2023-03": {
            "month": "2023-03",
            "price": "14.90",
            "revenue": 161996
        },
        "2023-04": {
            "month": "2023-04",
            "price": "14.92",
            "revenue": 159152
        },
        "2023-05": {
            "month": "2023-05",
            "price": "14.75",
            "revenue": 187072
        },
        "2023-06": {
            "month": "2023-06",
            "price": "16.56",
            "revenue": 183637
        },
        "2023-07": {
            "month": "2023-07",
            "price": "24.88",
            "revenue": 202792
        },
        "2023-08": {
            "month": "2023-08",
            "price": "29.37",
            "revenue": 246764
        },
        "2023-09": {
            "month": "2023-09",
            "price": "34.07",
            "revenue": 201649
        },
        "2023-10": {
            "month": "2023-10",
            "price": "47.09",
            "revenue": 245007
        },
        "2023-11": {
            "month": "2023-11",
            "price": "51.25",
            "revenue": 251713
        },
        "2023-12": {
            "month": "2023-12",
            "price": "74.69",
            "revenue": 222275
        }
    }
}
