{
    "summary": {
        "stock_name": "建達",
        "stock_id": "6118",
        "category": "電子通路",
        "main_business": "電腦及事務性機器設備批發<br>資訊軟體批發<br>電腦設備安裝",
        "website_url": "http://www.xander.com.tw",
        "ceo": "陳文康",
        "pe_ratio": 100,
        "report_year_from": 2001,
        "report_year_to": 2023,
        "age": 22,
        "eps_negative_percentage": 30,
        "eps_growth_avg": {
            "last_all": -25.87,
            "last_2y": 5.83,
            "last_4y": -29.44,
            "last_8y": -17.67,
            "last_12y": -14.62,
            "last_16y": -16.84,
            "last_20y": -25.87,
            "at_2006_last_3y": -97.39,
            "at_2007_last_3y": -100,
            "at_2008_last_3y": -65,
            "at_2009_last_3y": -23.49,
            "at_2010_last_3y": -9.56,
            "at_2011_last_3y": -15.21,
            "at_2012_last_3y": 13.35,
            "at_2013_last_3y": -10.82,
            "at_2014_last_3y": -21.27,
            "at_2015_last_3y": -17.64,
            "at_2016_last_3y": -68.57,
            "at_2017_last_3y": 0,
            "at_2018_last_3y": 0,
            "at_2019_last_3y": 0,
            "at_2020_last_3y": 0,
            "at_2021_last_3y": -25,
            "at_2022_last_3y": 5.83,
            "at_2023_last_3y": 5.83,
            "at_2006_last_all": -71.48,
            "at_2007_last_all": -71.48,
            "at_2008_last_all": -63.18,
            "at_2009_last_all": -42.73,
            "at_2010_last_all": -44.94,
            "at_2011_last_all": -43.34,
            "at_2012_last_all": -29.17,
            "at_2013_last_all": -29.97,
            "at_2014_last_all": -36.33,
            "at_2015_last_all": -36.33,
            "at_2016_last_all": -36.33,
            "at_2017_last_all": -24.97,
            "at_2018_last_all": -30.74,
            "at_2019_last_all": -30.74,
            "at_2020_last_all": -30.74,
            "at_2021_last_all": -24.98,
            "at_2022_last_all": -25.87,
            "at_2023_last_all": -25.87
        },
        "latest_eps": 0.26,
        "latest_price": 31.7,
        "latest_roe": 2.28,
        "latest_gross_margin": 3.35,
        "latest_equity": 1041272,
        "latest_revenue": 2029137,
        "latest_gross_profit": 68045,
        "latest_net_income": -3244,
        "latest_debt_ratio": 64.69,
        "latest_current_ratio": 144.54,
        "latest_account_receivable_turnover_ratio": 1.36,
        "latest_inventory_turnover_ratio": 2.07,
        "latest_reinvestment_rate": 10.52,
        "latest_research_to_sale_ratio": null
    },
    "eps_dividends": {
        "2001": {
            "cash": 0,
            "stock": 0.15,
            "eps": 0.48
        },
        "2002": {
            "cash": 0,
            "stock": 0.5,
            "eps": 0.51
        },
        "2003": {
            "cash": 0.2,
            "stock": 0.1,
            "eps": 0.04
        },
        "2004": {
            "cash": 0,
            "stock": 0,
            "eps": -3.71
        },
        "2005": {
            "cash": 0,
            "stock": 0,
            "eps": 1.24
        },
        "2006": {
            "cash": 0.5,
            "stock": 0,
            "eps": 0
        },
        "2007": {
            "cash": 0,
            "stock": 0,
            "eps": 0.6
        },
        "2008": {
            "cash": 0.3,
            "stock": 0.3,
            "eps": 0.42
        },
        "2009": {
            "cash": 0.2,
            "stock": 0.2,
            "eps": 0.67
        },
        "2010": {
            "cash": 0.3,
            "stock": 0.3,
            "eps": 0.28
        },
        "2011": {
            "cash": 0.25,
            "stock": 0,
            "eps": 0.19
        },
        "2012": {
            "cash": 0.2,
            "stock": 0,
            "eps": 0.35
        },
        "2013": {
            "cash": 0.3,
            "stock": 0,
            "eps": 0.22
        },
        "2014": {
            "cash": 0.2,
            "stock": 0,
            "eps": -0.23
        },
        "2015": {
            "cash": 0,
            "stock": 0,
            "eps": -0.03
        },
        "2016": {
            "cash": 0,
            "stock": 0,
            "eps": 0.05
        },
        "2017": {
            "cash": 0,
            "stock": 0,
            "eps": 0.1
        },
        "2018": {
            "cash": 0,
            "stock": 0,
            "eps": -0.32
        },
        "2019": {
            "cash": 0,
            "stock": 0,
            "eps": -0.29
        },
        "2020": {
            "cash": 0,
            "stock": 0,
            "eps": 0.4
        },
        "2021": {
            "cash": 0,
            "stock": 0,
            "eps": 0.6
        },
        "2022": {
            "cash": 0.3,
            "stock": 0,
            "eps": 0.37
        },
        "2023": {
            "cash": 0,
            "stock": 0,
            "eps": -0.04
        }
    },
    "dividends": {
        "2001-06-29": {
            "cash": 0,
            "stock": 0.15
        },
        "2002-06-27": {
            "cash": 0,
            "stock": 0.5
        },
        "2003-06-25": {
            "cash": 0.2,
            "stock": 0.1
        },
        "2006-04-27": {
            "cash": 0.5,
            "stock": 0
        },
        "2008-04-30": {
            "cash": 0.3,
            "stock": 0.3
        },
        "2009-03-25": {
            "cash": 0.2,
            "stock": 0.2
        },
        "2010-04-29": {
            "cash": 0.3,
            "stock": 0.3
        },
        "2011-04-29": {
            "cash": 0.25,
            "stock": 0
        },
        "2012-06-12": {
            "cash": 0.2,
            "stock": 0
        },
        "2013-06-19": {
            "cash": 0.3,
            "stock": 0
        },
        "2014-06-19": {
            "cash": 0.2,
            "stock": 0
        },
        "2022-09-28": {
            "cash": 0.3,
            "stock": 0
        }
    },
    "prices": {
        "200101": "無",
        "200102": "無",
        "200103": "無",
        "200104": "無",
        "200105": "無",
        "200106": "無",
        "200107": "無",
        "200108": "無",
        "200109": "無",
        "200110": "15.54",
        "200111": "17.60",
        "200112": "31.75",
        "200201": "40.19",
        "200202": "32.82",
        "200203": "31.81",
        "200204": "29.48",
        "200205": "24.12",
        "200206": "24.72",
        "200207": "21.43",
        "200208": "19.79",
        "200209": "15.76",
        "200210": "16.39",
        "200211": "18.09",
        "200212": "16.98",
        "200301": "17.09",
        "200302": "16.48",
        "200303": "14.92",
        "200304": "14.43",
        "200305": "12.29",
        "200306": "13.68",
        "200307": "18.07",
        "200308": "16.75",
        "200309": "13.88",
        "200310": "14.92",
        "200311": "15.49",
        "200312": "16.26",
        "200401": "16.43",
        "200402": "16.41",
        "200403": "15.18",
        "200404": "15.18",
        "200405": "15.20",
        "200406": "16.17",
        "200407": "12.68",
        "200408": "9.90",
        "200409": "8.98",
        "200410": "9.13",
        "200411": "7.99",
        "200412": "6.92",
        "200501": "5.94",
        "200502": "5.60",
        "200503": "5.72",
        "200504": "5.36",
        "200505": "5.90",
        "200506": "6.68",
        "200507": "8.02",
        "200508": "8.98",
        "200509": "10.31",
        "200510": "9.28",
        "200511": "8.90",
        "200512": "9.84",
        "200601": "9.56",
        "200602": "8.83",
        "200603": "8.63",
        "200604": "9.25",
        "200605": "12.39",
        "200606": "12.31",
        "200607": "12.95",
        "200608": "11.90",
        "200609": "9.85",
        "200610": "10.11",
        "200611": "12.40",
        "200612": "22.52",
        "200701": "43.72",
        "200702": "31.19",
        "200703": "32.82",
        "200704": "32.09",
        "200705": "30.04",
        "200706": "33.84",
        "200707": "36.74",
        "200708": "27.29",
        "200709": "24.80",
        "200710": "29.34",
        "200711": "25.34",
        "200712": "21.98",
        "200801": "17.86",
        "200802": "14.76",
        "200803": "22.34",
        "200804": "23.98",
        "200805": "22.71",
        "200806": "18.69",
        "200807": "17.52",
        "200808": "17.81",
        "200809": "13.61",
        "200810": "11.92",
        "200811": "9.55",
        "200812": "9.47",
        "200901": "10.15",
        "200902": "10.40",
        "200903": "12.63",
        "200904": "15.36",
        "200905": "15.84",
        "200906": "13.99",
        "200907": "14.62",
        "200908": "14.66",
        "200909": "14.78",
        "200910": "15.66",
        "200911": "15.51",
        "200912": "18.85",
        "201001": "25.12",
        "201002": "22.49",
        "201003": "24.35",
        "201004": "24.60",
        "201005": "21.22",
        "201006": "20.35",
        "201007": "22.08",
        "201008": "22.70",
        "201009": "20.91",
        "201010": "20.47",
        "201011": "18.10",
        "201012": "20.06",
        "201101": "19.58",
        "201102": "18.34",
        "201103": "17.88",
        "201104": "17.37",
        "201105": "16.14",
        "201106": "15.26",
        "201107": "13.68",
        "201108": "13.22",
        "201109": "14.26",
        "201110": "13.02",
        "201111": "12.18",
        "201112": "10.23",
        "201201": "10.07",
        "201202": "13.18",
        "201203": "14.17",
        "201204": "11.64",
        "201205": "11.10",
        "201206": "10.30",
        "201207": "10.28",
        "201208": "10.60",
        "201209": "11.51",
        "201210": "10.01",
        "201211": "9.75",
        "201212": "10.29",
        "201301": "10.19",
        "201302": "10.10",
        "201303": "10.27",
        "201304": "10.79",
        "201305": "10.98",
        "201306": "10.34",
        "201307": "10.02",
        "201308": "9.67",
        "201309": "9.59",
        "201310": "9.67",
        "201311": "9.63",
        "201312": "9.42",
        "201401": "10.08",
        "201402": "10.58",
        "201403": "10.96",
        "201404": "10.36",
        "201405": "10.02",
        "201406": "10.06",
        "201407": "10.09",
        "201408": "10.05",
        "201409": "13.36",
        "201410": "11.40",
        "201411": "10.93",
        "201412": "12.19",
        "201501": "12.23",
        "201502": "12.15",
        "201503": "11.83",
        "201504": "11.10",
        "201505": "10.84",
        "201506": "9.79",
        "201507": "8.87",
        "201508": "7.28",
        "201509": "7.17",
        "201510": "7.80",
        "201511": "7.80",
        "201512": "7.56",
        "201601": "7.93",
        "201602": "8.10",
        "201603": "8.42",
        "201604": "7.53",
        "201605": "6.20",
        "201606": "6.09",
        "201607": "6.30",
        "201608": "6.48",
        "201609": "6.44",
        "201610": "6.64",
        "201611": "6.35",
        "201612": "6.45",
        "201701": "6.70",
        "201702": "7.03",
        "201703": "7.13",
        "201704": "6.62",
        "201705": "6.73",
        "201706": "6.88",
        "201707": "7.10",
        "201708": "6.94",
        "201709": "7.11",
        "201710": "7.19",
        "201711": "7.03",
        "201712": "7.16",
        "201801": "7.49",
        "201802": "8.00",
        "201803": "13.16",
        "201804": "13.08",
        "201805": "11.76",
        "201806": "15.75",
        "201807": "18.26",
        "201808": "15.24",
        "201809": "14.59",
        "201810": "10.82",
        "201811": "10.68",
        "201812": "11.29",
        "201901": "10.24",
        "201902": "11.13",
        "201903": "11.34",
        "201904": "11.17",
        "201905": "10.06",
        "201906": "9.81",
        "201907": "9.94",
        "201908": "9.58",
        "201909": "10.60",
        "201910": "11.08",
        "201911": "10.90",
        "201912": "10.24",
        "202001": "9.84",
        "202002": "8.94",
        "202003": "7.29",
        "202004": "7.56",
        "202005": "8.53",
        "202006": "9.52",
        "202007": "11.48",
        "202008": "11.16",
        "202009": "11.06",
        "202010": "10.26",
        "202011": "10.48",
        "202012": "11.51",
        "202101": "12.94",
        "202102": "12.58",
        "202103": "13.29",
        "202104": "14.54",
        "202105": "12.98",
        "202106": "13.66",
        "202107": "14.72",
        "202108": "13.48",
        "202109": "14.02",
        "202110": "14.14",
        "202111": "23.88",
        "202112": "40.72",
        "202201": "35.14",
        "202202": "31.98",
        "202203": "30.52",
        "202204": "30.10",
        "202205": "26.55",
        "202206": "25.56",
        "202207": "37.58",
        "202208": "44.50",
        "202209": "40.08",
        "202210": "30.06",
        "202211": "32.65",
        "202212": "36.09",
        "202301": "36.59",
        "202302": "39.37",
        "202303": "37.48",
        "202304": "35.15",
        "202305": "32.88",
        "202306": "32.86"
    },
    "quarters": {
        "20011": {
            "year_quarter": 20011,
            "year": 2001,
            "quarter": 1,
            "eps": 0.3,
            "eps_growth_year": -53.85,
            "eps_4q": null,
            "eps_4q_growth_year": null,
            "roe": 2.21,
            "roe_4q": 2.21,
            "gross_profit": 74434,
            "gross_margin": 7.14,
            "gross_margin_4q_avg": 7.14,
            "net_income": 11356,
            "revenue": 1041924,
            "common_shares": 380000,
            "book_valuer_per_share": 13.67,
            "book_valuer_per_share_4q_avg": 13.67,
            "equity": 519320,
            "current_ratio": 149.87,
            "debt_ratio": 64.84,
            "inventory_turnover_ratio": 2.3,
            "account_receivable_turnover_ratio": null,
            "reinvestment_rate": null,
            "research_to_sale_ratio": null,
            "price_fair": 0,
            "eps_avg_yearly": 0,
            "eps_latest_yearly": 0,
            "eps_growth_yearly": 0
        },
        "20012": {
            "year_quarter": 20012,
            "year": 2001,
            "quarter": 2,
            "eps": 0.05,
            "eps_growth_year": null,
            "eps_4q": null,
            "eps_4q_growth_year": null,
            "roe": 0.41,
            "roe_4q": 2.62,
            "gross_profit": 68775,
            "gross_margin": 8.52,
            "gross_margin_4q_avg": 7.83,
            "net_income": 2126,
            "revenue": 807548,
            "common_shares": 380000,
            "book_valuer_per_share": 13.71,
            "book_valuer_per_share_4q_avg": 13.69,
            "equity": 520840,
            "current_ratio": 148.3,
            "debt_ratio": 65.66,
            "inventory_turnover_ratio": 1.68,
            "account_receivable_turnover_ratio": null,
            "reinvestment_rate": null,
            "research_to_sale_ratio": null,
            "price_fair": 0,
            "eps_avg_yearly": 0,
            "eps_latest_yearly": 0,
            "eps_growth_yearly": 0
        },
        "20013": {
            "year_quarter": 20013,
            "year": 2001,
            "quarter": 3,
            "eps": 0.11,
            "eps_growth_year": null,
            "eps_4q": 1.25,
            "eps_4q_growth_year": null,
            "roe": 0.94,
            "roe_4q": 3.5599999999999996,
            "gross_profit": 85316,
            "gross_margin": 7.2,
            "gross_margin_4q_avg": 7.62,
            "net_income": 4895,
            "revenue": 1184804,
            "common_shares": 440000,
            "book_valuer_per_share": 11.95,
            "book_valuer_per_share_4q_avg": 13.11,
            "equity": 525736,
            "current_ratio": 130.51,
            "debt_ratio": 73.29,
            "inventory_turnover_ratio": 2.5,
            "account_receivable_turnover_ratio": null,
            "reinvestment_rate": null,
            "research_to_sale_ratio": null,
            "price_fair": 0,
            "eps_avg_yearly": 0,
            "eps_latest_yearly": 0,
            "eps_growth_yearly": 0
        },
        "20014": {
            "year_quarter": 20014,
            "year": 2001,
            "quarter": 4,
            "eps": 0.02,
            "eps_growth_year": -98.25,
            "eps_4q": 0.39,
            "eps_4q_growth_year": null,
            "roe": 0.19,
            "roe_4q": 3.75,
            "gross_profit": 85537,
            "gross_margin": 5.85,
            "gross_margin_4q_avg": 7.18,
            "net_income": 1001,
            "revenue": 1461787,
            "common_shares": 440000,
            "book_valuer_per_share": 11.97,
            "book_valuer_per_share_4q_avg": 12.83,
            "equity": 526736,
            "current_ratio": 125.53,
            "debt_ratio": 76.24,
            "inventory_turnover_ratio": 2.7,
            "account_receivable_turnover_ratio": null,
            "reinvestment_rate": null,
            "research_to_sale_ratio": null,
            "price_fair": 0,
            "eps_avg_yearly": 0,
            "eps_latest_yearly": 0,
            "eps_growth_yearly": 0
        },
        "20021": {
            "year_quarter": 20021,
            "year": 2002,
            "quarter": 1,
            "eps": 0.22,
            "eps_growth_year": -26.67,
            "eps_4q": 0.38,
            "eps_4q_growth_year": null,
            "roe": 1.64,
            "roe_4q": 3.1799999999999997,
            "gross_profit": 85779,
            "gross_margin": 6.05,
            "gross_margin_4q_avg": 6.91,
            "net_income": 11349,
            "revenue": 1418819,
            "common_shares": 600000,
            "book_valuer_per_share": 14.3,
            "book_valuer_per_share_4q_avg": 12.98,
            "equity": 858085,
            "current_ratio": 146.86,
            "debt_ratio": 65.62,
            "inventory_turnover_ratio": 2.34,
            "account_receivable_turnover_ratio": null,
            "reinvestment_rate": null,
            "research_to_sale_ratio": null,
            "price_fair": 30.8,
            "eps_avg_yearly": 0.88,
            "eps_latest_yearly": 0.88,
            "eps_growth_yearly": 4000
        },
        "20022": {
            "year_quarter": 20022,
            "year": 2002,
            "quarter": 2,
            "eps": 0.01,
            "eps_growth_year": -80,
            "eps_4q": 0.29,
            "eps_4q_growth_year": null,
            "roe": 0.04,
            "roe_4q": 2.8099999999999996,
            "gross_profit": 72770,
            "gross_margin": 5.81,
            "gross_margin_4q_avg": 6.23,
            "net_income": 311,
            "revenue": 1251773,
            "common_shares": 600000,
            "book_valuer_per_share": 14.31,
            "book_valuer_per_share_4q_avg": 13.13,
            "equity": 858356,
            "current_ratio": 148.09,
            "debt_ratio": 64.63,
            "inventory_turnover_ratio": 2.1,
            "account_receivable_turnover_ratio": null,
            "reinvestment_rate": null,
            "research_to_sale_ratio": null,
            "price_fair": 16.1,
            "eps_avg_yearly": 0.46,
            "eps_latest_yearly": 0.04,
            "eps_growth_yearly": 1809.09
        },
        "20023": {
            "year_quarter": 20023,
            "year": 2002,
            "quarter": 3,
            "eps": 0.13,
            "eps_growth_year": 18.18,
            "eps_4q": 0.35,
            "eps_4q_growth_year": -71.75,
            "roe": 0.83,
            "roe_4q": 2.6999999999999997,
            "gross_profit": 86784,
            "gross_margin": 5.92,
            "gross_margin_4q_avg": 5.91,
            "net_income": 7380,
            "revenue": 1465273,
            "common_shares": 646676,
            "book_valuer_per_share": 14.14,
            "book_valuer_per_share_4q_avg": 13.68,
            "equity": 914105,
            "current_ratio": 161.61,
            "debt_ratio": 56.65,
            "inventory_turnover_ratio": 2.62,
            "account_receivable_turnover_ratio": null,
            "reinvestment_rate": null,
            "research_to_sale_ratio": null,
            "price_fair": 16.8,
            "eps_avg_yearly": 0.48,
            "eps_latest_yearly": 0.52,
            "eps_growth_yearly": 2806.06
        },
        "20024": {
            "year_quarter": 20024,
            "year": 2002,
            "quarter": 4,
            "eps": 0.15,
            "eps_growth_year": 650,
            "eps_4q": 0.45,
            "eps_4q_growth_year": 17.17,
            "roe": 1.02,
            "roe_4q": 3.5300000000000002,
            "gross_profit": 111174,
            "gross_margin": 5.86,
            "gross_margin_4q_avg": 5.91,
            "net_income": 9406,
            "revenue": 1897564,
            "common_shares": 681010,
            "book_valuer_per_share": 13.56,
            "book_valuer_per_share_4q_avg": 14.08,
            "equity": 923511,
            "current_ratio": 138.16,
            "debt_ratio": 67.73,
            "inventory_turnover_ratio": 3.09,
            "account_receivable_turnover_ratio": null,
            "reinvestment_rate": null,
            "research_to_sale_ratio": null,
            "price_fair": 17.85,
            "eps_avg_yearly": 0.51,
            "eps_latest_yearly": 0.6,
            "eps_growth_yearly": 2119.93
        },
        "20031": {
            "year_quarter": 20031,
            "year": 2003,
            "quarter": 1,
            "eps": 0.24,
            "eps_growth_year": 9.09,
            "eps_4q": 0.49,
            "eps_4q_growth_year": 29.81,
            "roe": 1.78,
            "roe_4q": 3.67,
            "gross_profit": 123402,
            "gross_margin": 7.2,
            "gross_margin_4q_avg": 6.2,
            "net_income": 16583,
            "revenue": 1713959,
            "common_shares": 681010,
            "book_valuer_per_share": 13.8,
            "book_valuer_per_share_4q_avg": 13.95,
            "equity": 940094,
            "current_ratio": 130.68,
            "debt_ratio": 71.71,
            "inventory_turnover_ratio": 2.03,
            "account_receivable_turnover_ratio": null,
            "reinvestment_rate": null,
            "research_to_sale_ratio": null,
            "price_fair": 21,
            "eps_avg_yearly": 0.6,
            "eps_latest_yearly": 0.96,
            "eps_growth_yearly": 1743.94
        },
        "20032": {
            "year_quarter": 20032,
            "year": 2003,
            "quarter": 2,
            "eps": -0.7,
            "eps_growth_year": -7100,
            "eps_4q": -0.24,
            "eps_4q_growth_year": -181.29,
            "roe": -5.25,
            "roe_4q": -1.6199999999999997,
            "gross_profit": 90462,
            "gross_margin": 4.57,
            "gross_margin_4q_avg": 5.89,
            "net_income": -52779,
            "revenue": 1980311,
            "common_shares": 816010,
            "book_valuer_per_share": 13.13,
            "book_valuer_per_share_4q_avg": 13.66,
            "equity": 1071045,
            "current_ratio": 134.85,
            "debt_ratio": 67.77,
            "inventory_turnover_ratio": 2.03,
            "account_receivable_turnover_ratio": null,
            "reinvestment_rate": null,
            "research_to_sale_ratio": null,
            "price_fair": 21,
            "eps_avg_yearly": 0.6,
            "eps_latest_yearly": 0.96,
            "eps_growth_yearly": 1743.94
        },
        "20033": {
            "year_quarter": 20033,
            "year": 2003,
            "quarter": 3,
            "eps": 0.32,
            "eps_growth_year": 146.15,
            "eps_4q": -0.02,
            "eps_4q_growth_year": -106.33,
            "roe": 2.33,
            "roe_4q": -0.11999999999999988,
            "gross_profit": 121656,
            "gross_margin": 4.72,
            "gross_margin_4q_avg": 5.59,
            "net_income": 25041,
            "revenue": 2575737,
            "common_shares": 824170,
            "book_valuer_per_share": 13.11,
            "book_valuer_per_share_4q_avg": 13.4,
            "equity": 1080794,
            "current_ratio": 130.08,
            "debt_ratio": 70.67,
            "inventory_turnover_ratio": 2.66,
            "account_receivable_turnover_ratio": null,
            "reinvestment_rate": null,
            "research_to_sale_ratio": null,
            "price_fair": 21,
            "eps_avg_yearly": 0.6,
            "eps_latest_yearly": 0.96,
            "eps_growth_yearly": 1743.94
        },
        "20034": {
            "year_quarter": 20034,
            "year": 2003,
            "quarter": 4,
            "eps": 0.18,
            "eps_growth_year": 20,
            "eps_4q": 0.03,
            "eps_4q_growth_year": -92.43,
            "roe": 1.29,
            "roe_4q": 0.15000000000000013,
            "gross_profit": 141857,
            "gross_margin": 4.44,
            "gross_margin_4q_avg": 5.23,
            "net_income": 13784,
            "revenue": 3192710,
            "common_shares": 824170,
            "book_valuer_per_share": 12.75,
            "book_valuer_per_share_4q_avg": 13.2,
            "equity": 1050431,
            "current_ratio": 128.18,
            "debt_ratio": 77.17,
            "inventory_turnover_ratio": 3.01,
            "account_receivable_turnover_ratio": null,
            "reinvestment_rate": null,
            "research_to_sale_ratio": null,
            "price_fair": 21.7,
            "eps_avg_yearly": 0.62,
            "eps_latest_yearly": 0.72,
            "eps_growth_yearly": 1424.12
        },
        "20041": {
            "year_quarter": 20041,
            "year": 2004,
            "quarter": 1,
            "eps": 0.24,
            "eps_growth_year": 0,
            "eps_4q": 0.06,
            "eps_4q_growth_year": -87.12,
            "roe": 1.78,
            "roe_4q": 0.15000000000000036,
            "gross_profit": 122163,
            "gross_margin": 4.65,
            "gross_margin_4q_avg": 4.6,
            "net_income": 18899,
            "revenue": 2624825,
            "common_shares": 824170,
            "book_valuer_per_share": 12.96,
            "book_valuer_per_share_4q_avg": 12.99,
            "equity": 1067995,
            "current_ratio": 132.13,
            "debt_ratio": 73.98,
            "inventory_turnover_ratio": 2.29,
            "account_receivable_turnover_ratio": null,
            "reinvestment_rate": null,
            "research_to_sale_ratio": null,
            "price_fair": 23.4,
            "eps_avg_yearly": 0.67,
            "eps_latest_yearly": 0.96,
            "eps_growth_yearly": 1239.72
        },
        "20042": {
            "year_quarter": 20042,
            "year": 2004,
            "quarter": 2,
            "eps": -0.14,
            "eps_growth_year": null,
            "eps_4q": 0.57,
            "eps_4q_growth_year": null,
            "roe": -1,
            "roe_4q": 4.4,
            "gross_profit": 89737,
            "gross_margin": 3.35,
            "gross_margin_4q_avg": 4.29,
            "net_income": -10560,
            "revenue": 2675548,
            "common_shares": 824170,
            "book_valuer_per_share": 12.67,
            "book_valuer_per_share_4q_avg": 12.87,
            "equity": 1044202,
            "current_ratio": 131.33,
            "debt_ratio": 74.53,
            "inventory_turnover_ratio": 2.35,
            "account_receivable_turnover_ratio": null,
            "reinvestment_rate": null,
            "research_to_sale_ratio": null,
            "price_fair": 23.4,
            "eps_avg_yearly": 0.67,
            "eps_latest_yearly": 0.96,
            "eps_growth_yearly": 1239.72
        },
        "20043": {
            "year_quarter": 20043,
            "year": 2004,
            "quarter": 3,
            "eps": -2.49,
            "eps_growth_year": -878.12,
            "eps_4q": -2.08,
            "eps_4q_growth_year": null,
            "roe": -20.51,
            "roe_4q": -18.44,
            "gross_profit": 86000,
            "gross_margin": 2.77,
            "gross_margin_4q_avg": 3.8,
            "net_income": -193731,
            "revenue": 3104147,
            "common_shares": 824170,
            "book_valuer_per_share": 10.26,
            "book_valuer_per_share_4q_avg": 12.16,
            "equity": 845248,
            "current_ratio": 128.59,
            "debt_ratio": 79.51,
            "inventory_turnover_ratio": 2.99,
            "account_receivable_turnover_ratio": null,
            "reinvestment_rate": null,
            "research_to_sale_ratio": null,
            "price_fair": 23.4,
            "eps_avg_yearly": 0.67,
            "eps_latest_yearly": 0.96,
            "eps_growth_yearly": 1239.72
        },
        "20044": {
            "year_quarter": 20044,
            "year": 2004,
            "quarter": 4,
            "eps": -1.32,
            "eps_growth_year": -833.33,
            "eps_4q": -3.72,
            "eps_4q_growth_year": -10935.69,
            "roe": -12.94,
            "roe_4q": -32.67,
            "gross_profit": -111510,
            "gross_margin": -3.71,
            "gross_margin_4q_avg": 1.77,
            "net_income": -102195,
            "revenue": 3006052,
            "common_shares": 824170,
            "book_valuer_per_share": 8.91,
            "book_valuer_per_share_4q_avg": 11.2,
            "equity": 734743,
            "current_ratio": 123.19,
            "debt_ratio": 83.34,
            "inventory_turnover_ratio": 3.63,
            "account_receivable_turnover_ratio": null,
            "reinvestment_rate": null,
            "research_to_sale_ratio": null,
            "price_fair": 23.4,
            "eps_avg_yearly": 0.67,
            "eps_latest_yearly": 0.96,
            "eps_growth_yearly": 1239.72
        },
        "20051": {
            "year_quarter": 20051,
            "year": 2005,
            "quarter": 1,
            "eps": 0.27,
            "eps_growth_year": 12.5,
            "eps_4q": -3.63,
            "eps_4q_growth_year": -5873.3,
            "roe": 2.85,
            "roe_4q": -31.6,
            "gross_profit": 100292,
            "gross_margin": 4.17,
            "gross_margin_4q_avg": 1.65,
            "net_income": 21243,
            "revenue": 2403117,
            "common_shares": 824170,
            "book_valuer_per_share": 9.17,
            "book_valuer_per_share_4q_avg": 10.25,
            "equity": 755986,
            "current_ratio": 130.88,
            "debt_ratio": 76.76,
            "inventory_turnover_ratio": 3.16,
            "account_receivable_turnover_ratio": null,
            "reinvestment_rate": null,
            "research_to_sale_ratio": null,
            "price_fair": 23.4,
            "eps_avg_yearly": 0.67,
            "eps_latest_yearly": 0.96,
            "eps_growth_yearly": 1239.72
        },
        "20052": {
            "year_quarter": 20052,
            "year": 2005,
            "quarter": 2,
            "eps": 0.62,
            "eps_growth_year": null,
            "eps_4q": -3.02,
            "eps_4q_growth_year": -628.2,
            "roe": 6,
            "roe_4q": -24.6,
            "gross_profit": 130061,
            "gross_margin": 5.6,
            "gross_margin_4q_avg": 2.21,
            "net_income": 46752,
            "revenue": 2321552,
            "common_shares": 824170,
            "book_valuer_per_share": 9.74,
            "book_valuer_per_share_4q_avg": 9.52,
            "equity": 802738,
            "current_ratio": 137.29,
            "debt_ratio": 73.44,
            "inventory_turnover_ratio": 3.68,
            "account_receivable_turnover_ratio": null,
            "reinvestment_rate": null,
            "research_to_sale_ratio": null,
            "price_fair": 31.33,
            "eps_avg_yearly": 0.9,
            "eps_latest_yearly": 2.48,
            "eps_growth_yearly": 1149.57
        },
        "20053": {
            "year_quarter": 20053,
            "year": 2005,
            "quarter": 3,
            "eps": 0.34,
            "eps_growth_year": null,
            "eps_4q": -0.12,
            "eps_4q_growth_year": null,
            "roe": 3.12,
            "roe_4q": -0.9699999999999989,
            "gross_profit": 134338,
            "gross_margin": 4.95,
            "gross_margin_4q_avg": 2.75,
            "net_income": 25435,
            "revenue": 2714506,
            "common_shares": 824170,
            "book_valuer_per_share": 10.05,
            "book_valuer_per_share_4q_avg": 9.47,
            "equity": 828173,
            "current_ratio": 141.42,
            "debt_ratio": 71.82,
            "inventory_turnover_ratio": 4.58,
            "account_receivable_turnover_ratio": null,
            "reinvestment_rate": null,
            "research_to_sale_ratio": null,
            "price_fair": 33.13,
            "eps_avg_yearly": 0.95,
            "eps_latest_yearly": 1.36,
            "eps_growth_yearly": 1001.77
        },
        "20054": {
            "year_quarter": 20054,
            "year": 2005,
            "quarter": 4,
            "eps": 0.01,
            "eps_growth_year": null,
            "eps_4q": 1.26,
            "eps_4q_growth_year": null,
            "roe": 0.08,
            "roe_4q": 12.049999999999999,
            "gross_profit": 146158,
            "gross_margin": 5.69,
            "gross_margin_4q_avg": 5.1,
            "net_income": 688,
            "revenue": 2569092,
            "common_shares": 824170,
            "book_valuer_per_share": 10.06,
            "book_valuer_per_share_4q_avg": 9.76,
            "equity": 838128,
            "current_ratio": 126.81,
            "debt_ratio": 74.17,
            "inventory_turnover_ratio": 3.92,
            "account_receivable_turnover_ratio": null,
            "reinvestment_rate": null,
            "research_to_sale_ratio": null,
            "price_fair": 29.96,
            "eps_avg_yearly": 0.86,
            "eps_latest_yearly": 0.04,
            "eps_growth_yearly": 862.77
        },
        "20061": {
            "year_quarter": 20061,
            "year": 2006,
            "quarter": 1,
            "eps": 0.3,
            "eps_growth_year": 11.11,
            "eps_4q": 1.27,
            "eps_4q_growth_year": null,
            "roe": 2.66,
            "roe_4q": 11.86,
            "gross_profit": 132398,
            "gross_margin": 6.14,
            "gross_margin_4q_avg": 5.6,
            "net_income": 22448,
            "revenue": 2155435,
            "common_shares": 824170,
            "book_valuer_per_share": 10.33,
            "book_valuer_per_share_4q_avg": 10.05,
            "equity": 851309,
            "current_ratio": 132.57,
            "debt_ratio": 69.69,
            "inventory_turnover_ratio": 2.86,
            "account_receivable_turnover_ratio": null,
            "reinvestment_rate": null,
            "research_to_sale_ratio": null,
            "price_fair": 31.08,
            "eps_avg_yearly": 0.89,
            "eps_latest_yearly": 1.2,
            "eps_growth_yearly": 1622.77
        },
        "20062": {
            "year_quarter": 20062,
            "year": 2006,
            "quarter": 2,
            "eps": -0.38,
            "eps_growth_year": -161.29,
            "eps_4q": 0.24,
            "eps_4q_growth_year": null,
            "roe": -3.49,
            "roe_4q": 2.37,
            "gross_profit": 82356,
            "gross_margin": 4.27,
            "gross_margin_4q_avg": 5.26,
            "net_income": -28496,
            "revenue": 1929051,
            "common_shares": 823400,
            "book_valuer_per_share": 9.48,
            "book_valuer_per_share_4q_avg": 9.98,
            "equity": 780777,
            "current_ratio": 129.09,
            "debt_ratio": 71.81,
            "inventory_turnover_ratio": 2.31,
            "account_receivable_turnover_ratio": null,
            "reinvestment_rate": null,
            "research_to_sale_ratio": null,
            "price_fair": 34.38,
            "eps_avg_yearly": 0.98,
            "eps_latest_yearly": 1.2,
            "eps_growth_yearly": 1845.5
        },
        "20063": {
            "year_quarter": 20063,
            "year": 2006,
            "quarter": 3,
            "eps": 0.24,
            "eps_growth_year": -29.41,
            "eps_4q": 0.17,
            "eps_4q_growth_year": null,
            "roe": 2.32,
            "roe_4q": 1.5699999999999998,
            "gross_profit": 138808,
            "gross_margin": 5.51,
            "gross_margin_4q_avg": 5.4,
            "net_income": 18364,
            "revenue": 2520219,
            "common_shares": 823400,
            "book_valuer_per_share": 9.71,
            "book_valuer_per_share_4q_avg": 9.9,
            "equity": 799141,
            "current_ratio": 128.75,
            "debt_ratio": 72.68,
            "inventory_turnover_ratio": 3.08,
            "account_receivable_turnover_ratio": null,
            "reinvestment_rate": null,
            "research_to_sale_ratio": null,
            "price_fair": 36.4,
            "eps_avg_yearly": 1.04,
            "eps_latest_yearly": 1.2,
            "eps_growth_yearly": 1476.19
        },
        "20064": {
            "year_quarter": 20064,
            "year": 2006,
            "quarter": 4,
            "eps": -0.16,
            "eps_growth_year": -1700,
            "eps_4q": 0,
            "eps_4q_growth_year": -99.72,
            "roe": -1.46,
            "roe_4q": 0.029999999999999805,
            "gross_profit": 61096,
            "gross_margin": 2.37,
            "gross_margin_4q_avg": 4.57,
            "net_income": -12041,
            "revenue": 2575408,
            "common_shares": 773730,
            "book_valuer_per_share": 10.93,
            "book_valuer_per_share_4q_avg": 10.11,
            "equity": 854649,
            "current_ratio": 132.03,
            "debt_ratio": 72.51,
            "inventory_turnover_ratio": 3.09,
            "account_receivable_turnover_ratio": null,
            "reinvestment_rate": null,
            "research_to_sale_ratio": null,
            "price_fair": 38.6,
            "eps_avg_yearly": 1.1,
            "eps_latest_yearly": 1.2,
            "eps_growth_yearly": 1678.28
        },
        "20071": {
            "year_quarter": 20071,
            "year": 2007,
            "quarter": 1,
            "eps": 0.04,
            "eps_growth_year": -86.67,
            "eps_4q": -0.23,
            "eps_4q_growth_year": -117.72,
            "roe": 0.38,
            "roe_4q": -2.2500000000000004,
            "gross_profit": 92226,
            "gross_margin": 4.3,
            "gross_margin_4q_avg": 4.11,
            "net_income": 3338,
            "revenue": 2145729,
            "common_shares": 839701,
            "book_valuer_per_share": 10.6,
            "book_valuer_per_share_4q_avg": 10.18,
            "equity": 890343,
            "current_ratio": 135.59,
            "debt_ratio": 68.64,
            "inventory_turnover_ratio": 2.25,
            "account_receivable_turnover_ratio": null,
            "reinvestment_rate": null,
            "research_to_sale_ratio": null,
            "price_fair": 39.43,
            "eps_avg_yearly": 1.13,
            "eps_latest_yearly": 1.2,
            "eps_growth_yearly": 1918
        },
        "20072": {
            "year_quarter": 20072,
            "year": 2007,
            "quarter": 2,
            "eps": 0.1,
            "eps_growth_year": null,
            "eps_4q": 0.21,
            "eps_4q_growth_year": -12.54,
            "roe": 0.95,
            "roe_4q": 2.19,
            "gross_profit": 99825,
            "gross_margin": 4.33,
            "gross_margin_4q_avg": 4.13,
            "net_income": 8532,
            "revenue": 2305209,
            "common_shares": 839701,
            "book_valuer_per_share": 10.7,
            "book_valuer_per_share_4q_avg": 10.49,
            "equity": 898875,
            "current_ratio": 133.78,
            "debt_ratio": 69.18,
            "inventory_turnover_ratio": 2.49,
            "account_receivable_turnover_ratio": null,
            "reinvestment_rate": null,
            "research_to_sale_ratio": null,
            "price_fair": 35.8,
            "eps_avg_yearly": 1.02,
            "eps_latest_yearly": 0.4,
            "eps_growth_yearly": 1729.71
        },
        "20073": {
            "year_quarter": 20073,
            "year": 2007,
            "quarter": 3,
            "eps": 0.16,
            "eps_growth_year": -33.33,
            "eps_4q": 0.16,
            "eps_4q_growth_year": -7.1,
            "roe": 1.4,
            "roe_4q": 1.2699999999999996,
            "gross_profit": 92289,
            "gross_margin": 3.23,
            "gross_margin_4q_avg": 3.56,
            "net_income": 12954,
            "revenue": 2853668,
            "common_shares": 839701,
            "book_valuer_per_share": 11.26,
            "book_valuer_per_share_4q_avg": 10.87,
            "equity": 945173,
            "current_ratio": 150.2,
            "debt_ratio": 70.77,
            "inventory_turnover_ratio": 3.37,
            "account_receivable_turnover_ratio": null,
            "reinvestment_rate": null,
            "research_to_sale_ratio": null,
            "price_fair": 34.13,
            "eps_avg_yearly": 0.98,
            "eps_latest_yearly": 0.64,
            "eps_growth_yearly": 1543.5
        },
        "20074": {
            "year_quarter": 20074,
            "year": 2007,
            "quarter": 4,
            "eps": 0.3,
            "eps_growth_year": null,
            "eps_4q": 0.6,
            "eps_4q_growth_year": 16674.96,
            "roe": 2.62,
            "roe_4q": 5.35,
            "gross_profit": 131259,
            "gross_margin": 4.58,
            "gross_margin_4q_avg": 4.11,
            "net_income": 25144,
            "revenue": 2866499,
            "common_shares": 839701,
            "book_valuer_per_share": 11.55,
            "book_valuer_per_share_4q_avg": 11.03,
            "equity": 976252,
            "current_ratio": 146.86,
            "debt_ratio": 73.23,
            "inventory_turnover_ratio": 2.92,
            "account_receivable_turnover_ratio": null,
            "reinvestment_rate": null,
            "research_to_sale_ratio": null,
            "price_fair": 36.23,
            "eps_avg_yearly": 1.04,
            "eps_latest_yearly": 1.2,
            "eps_growth_yearly": 1609.12
        },
        "20081": {
            "year_quarter": 20081,
            "year": 2008,
            "quarter": 1,
            "eps": 0.16,
            "eps_growth_year": 300,
            "eps_4q": 0.73,
            "eps_4q_growth_year": null,
            "roe": 1.32,
            "roe_4q": 6.29,
            "gross_profit": 112595,
            "gross_margin": 4.29,
            "gross_margin_4q_avg": 4.11,
            "net_income": 13061,
            "revenue": 2623283,
            "common_shares": 839701,
            "book_valuer_per_share": 11.82,
            "book_valuer_per_share_4q_avg": 11.33,
            "equity": 998537,
            "current_ratio": 156.23,
            "debt_ratio": 68.81,
            "inventory_turnover_ratio": 2.28,
            "account_receivable_turnover_ratio": null,
            "reinvestment_rate": null,
            "research_to_sale_ratio": null,
            "price_fair": 34.83,
            "eps_avg_yearly": 1,
            "eps_latest_yearly": 0.64,
            "eps_growth_yearly": 1569.12
        },
        "20082": {
            "year_quarter": 20082,
            "year": 2008,
            "quarter": 2,
            "eps": -0.1,
            "eps_growth_year": -200,
            "eps_4q": 0.51,
            "eps_4q_growth_year": 137.38,
            "roe": -0.88,
            "roe_4q": 4.46,
            "gross_profit": 98811,
            "gross_margin": 4.17,
            "gross_margin_4q_avg": 4.07,
            "net_income": -8588,
            "revenue": 2367028,
            "common_shares": 839701,
            "book_valuer_per_share": 11.38,
            "book_valuer_per_share_4q_avg": 11.5,
            "equity": 962508,
            "current_ratio": 148.87,
            "debt_ratio": 70.9,
            "inventory_turnover_ratio": 1.97,
            "account_receivable_turnover_ratio": null,
            "reinvestment_rate": null,
            "research_to_sale_ratio": null,
            "price_fair": 34.83,
            "eps_avg_yearly": 1,
            "eps_latest_yearly": 0.64,
            "eps_growth_yearly": 1569.12
        },
        "20083": {
            "year_quarter": 20083,
            "year": 2008,
            "quarter": 3,
            "eps": -0.02,
            "eps_growth_year": -112.5,
            "eps_4q": 0.32,
            "eps_4q_growth_year": 103.82,
            "roe": -0.18,
            "roe_4q": 2.88,
            "gross_profit": 124397,
            "gross_margin": 3.98,
            "gross_margin_4q_avg": 4.26,
            "net_income": -1733,
            "revenue": 3127989,
            "common_shares": 864892,
            "book_valuer_per_share": 11.03,
            "book_valuer_per_share_4q_avg": 11.45,
            "equity": 956925,
            "current_ratio": 129.1,
            "debt_ratio": 73.57,
            "inventory_turnover_ratio": 2.65,
            "account_receivable_turnover_ratio": null,
            "reinvestment_rate": -169.36,
            "research_to_sale_ratio": null,
            "price_fair": 34.83,
            "eps_avg_yearly": 1,
            "eps_latest_yearly": 0.64,
            "eps_growth_yearly": 1569.12
        },
        "20084": {
            "year_quarter": 20084,
            "year": 2008,
            "quarter": 4,
            "eps": 0.38,
            "eps_growth_year": 26.67,
            "eps_4q": 0.41,
            "eps_4q_growth_year": -30.95,
            "roe": 3.38,
            "roe_4q": 3.6399999999999997,
            "gross_profit": 128359,
            "gross_margin": 3.89,
            "gross_margin_4q_avg": 4.08,
            "net_income": 32847,
            "revenue": 3297233,
            "common_shares": 864892,
            "book_valuer_per_share": 11.41,
            "book_valuer_per_share_4q_avg": 11.41,
            "equity": 989300,
            "current_ratio": 129.95,
            "debt_ratio": 73.32,
            "inventory_turnover_ratio": 3.22,
            "account_receivable_turnover_ratio": 3.06,
            "reinvestment_rate": 75.49,
            "research_to_sale_ratio": null,
            "price_fair": 34.83,
            "eps_avg_yearly": 1,
            "eps_latest_yearly": 0.64,
            "eps_growth_yearly": 1569.12
        },
        "20091": {
            "year_quarter": 20091,
            "year": 2009,
            "quarter": 1,
            "eps": 0.1,
            "eps_growth_year": -37.5,
            "eps_4q": 0.35,
            "eps_4q_growth_year": -51.72,
            "roe": 0.89,
            "roe_4q": 3.21,
            "gross_profit": 92681,
            "gross_margin": 3.75,
            "gross_margin_4q_avg": 3.95,
            "net_income": 8860,
            "revenue": 2473656,
            "common_shares": 864892,
            "book_valuer_per_share": 11.54,
            "book_valuer_per_share_4q_avg": 11.34,
            "equity": 1000335,
            "current_ratio": 140.09,
            "debt_ratio": 67.86,
            "inventory_turnover_ratio": 2.64,
            "account_receivable_turnover_ratio": 1.28,
            "reinvestment_rate": 82.37,
            "research_to_sale_ratio": null,
            "price_fair": 32.51,
            "eps_avg_yearly": 0.93,
            "eps_latest_yearly": 0.4,
            "eps_growth_yearly": 1362.03
        },
        "20092": {
            "year_quarter": 20092,
            "year": 2009,
            "quarter": 2,
            "eps": -0.26,
            "eps_growth_year": null,
            "eps_4q": 0.19,
            "eps_4q_growth_year": -61.72,
            "roe": -2.38,
            "roe_4q": 1.7100000000000002,
            "gross_profit": 88525,
            "gross_margin": 3.7,
            "gross_margin_4q_avg": 3.83,
            "net_income": -23303,
            "revenue": 2390879,
            "common_shares": 864892,
            "book_valuer_per_share": 11.01,
            "book_valuer_per_share_4q_avg": 11.25,
            "equity": 955054,
            "current_ratio": 136.93,
            "debt_ratio": 68.99,
            "inventory_turnover_ratio": 2.53,
            "account_receivable_turnover_ratio": 1.49,
            "reinvestment_rate": 158.14,
            "research_to_sale_ratio": null,
            "price_fair": 25.73,
            "eps_avg_yearly": 0.74,
            "eps_latest_yearly": 0.4,
            "eps_growth_yearly": 1467.46
        },
        "20093": {
            "year_quarter": 20093,
            "year": 2009,
            "quarter": 3,
            "eps": 0.5,
            "eps_growth_year": null,
            "eps_4q": 0.71,
            "eps_4q_growth_year": 119.87,
            "roe": 4.58,
            "roe_4q": 6.470000000000001,
            "gross_profit": 130477,
            "gross_margin": 4.41,
            "gross_margin_4q_avg": 3.94,
            "net_income": 44532,
            "revenue": 2958527,
            "common_shares": 882190,
            "book_valuer_per_share": 11.18,
            "book_valuer_per_share_4q_avg": 11.29,
            "equity": 988677,
            "current_ratio": 136.5,
            "debt_ratio": 70.18,
            "inventory_turnover_ratio": 3.02,
            "account_receivable_turnover_ratio": 1.79,
            "reinvestment_rate": 135.6,
            "research_to_sale_ratio": null,
            "price_fair": 22.6,
            "eps_avg_yearly": 0.65,
            "eps_latest_yearly": 0.4,
            "eps_growth_yearly": 1702.91
        },
        "20094": {
            "year_quarter": 20094,
            "year": 2009,
            "quarter": 4,
            "eps": 0.33,
            "eps_growth_year": -13.16,
            "eps_4q": 0.67,
            "eps_4q_growth_year": 63.16,
            "roe": 2.77,
            "roe_4q": 5.859999999999999,
            "gross_profit": 150742,
            "gross_margin": 4.7,
            "gross_margin_4q_avg": 4.14,
            "net_income": 27820,
            "revenue": 3208361,
            "common_shares": 882190,
            "book_valuer_per_share": 11.55,
            "book_valuer_per_share_4q_avg": 11.32,
            "equity": 1020573,
            "current_ratio": 133.25,
            "debt_ratio": 72.25,
            "inventory_turnover_ratio": 3,
            "account_receivable_turnover_ratio": 3.14,
            "reinvestment_rate": 120.59,
            "research_to_sale_ratio": null,
            "price_fair": 29,
            "eps_avg_yearly": 0.83,
            "eps_latest_yearly": 1.32,
            "eps_growth_yearly": 1738.94
        },
        "20101": {
            "year_quarter": 20101,
            "year": 2010,
            "quarter": 1,
            "eps": 0.11,
            "eps_growth_year": 10,
            "eps_4q": 0.68,
            "eps_4q_growth_year": 93.13,
            "roe": 0.96,
            "roe_4q": 5.930000000000001,
            "gross_profit": 112332,
            "gross_margin": 4.23,
            "gross_margin_4q_avg": 4.26,
            "net_income": 9824,
            "revenue": 2654371,
            "common_shares": 882190,
            "book_valuer_per_share": 11.7,
            "book_valuer_per_share_4q_avg": 11.36,
            "equity": 1033657,
            "current_ratio": 143.53,
            "debt_ratio": 66.94,
            "inventory_turnover_ratio": 2.39,
            "account_receivable_turnover_ratio": 1.46,
            "reinvestment_rate": 132.98,
            "research_to_sale_ratio": null,
            "price_fair": 25.2,
            "eps_avg_yearly": 0.72,
            "eps_latest_yearly": 0.44,
            "eps_growth_yearly": 43.7
        },
        "20102": {
            "year_quarter": 20102,
            "year": 2010,
            "quarter": 2,
            "eps": -0.02,
            "eps_growth_year": null,
            "eps_4q": 0.9,
            "eps_4q_growth_year": 365.27,
            "roe": -0.16,
            "roe_4q": 8.15,
            "gross_profit": 89805,
            "gross_margin": 3.83,
            "gross_margin_4q_avg": 4.29,
            "net_income": -1603,
            "revenue": 2343510,
            "common_shares": 882190,
            "book_valuer_per_share": 11.42,
            "book_valuer_per_share_4q_avg": 11.46,
            "equity": 1008874,
            "current_ratio": 149.53,
            "debt_ratio": 65.07,
            "inventory_turnover_ratio": 2.23,
            "account_receivable_turnover_ratio": 1.58,
            "reinvestment_rate": 109.93,
            "research_to_sale_ratio": null,
            "price_fair": 25.2,
            "eps_avg_yearly": 0.72,
            "eps_latest_yearly": 0.44,
            "eps_growth_yearly": 43.7
        },
        "20103": {
            "year_quarter": 20103,
            "year": 2010,
            "quarter": 3,
            "eps": 0.03,
            "eps_growth_year": -93.32,
            "eps_4q": 0.44,
            "eps_4q_growth_year": -37.15,
            "roe": 0.3,
            "roe_4q": 3.87,
            "gross_profit": 92530,
            "gross_margin": 3.58,
            "gross_margin_4q_avg": 4.09,
            "net_income": 3028,
            "revenue": 2583334,
            "common_shares": 908656,
            "book_valuer_per_share": 11.13,
            "book_valuer_per_share_4q_avg": 11.45,
            "equity": 1012593,
            "current_ratio": 141.99,
            "debt_ratio": 67.45,
            "inventory_turnover_ratio": 2.63,
            "account_receivable_turnover_ratio": 1.77,
            "reinvestment_rate": 123.42,
            "research_to_sale_ratio": null,
            "price_fair": 25.2,
            "eps_avg_yearly": 0.72,
            "eps_latest_yearly": 0.44,
            "eps_growth_yearly": 43.7
        },
        "20104": {
            "year_quarter": 20104,
            "year": 2010,
            "quarter": 4,
            "eps": 0.16,
            "eps_growth_year": -51.44,
            "eps_4q": 0.28,
            "eps_4q_growth_year": -57.67,
            "roe": 1.42,
            "roe_4q": 2.52,
            "gross_profit": 95923,
            "gross_margin": 3.87,
            "gross_margin_4q_avg": 3.88,
            "net_income": 14536,
            "revenue": 2478235,
            "common_shares": 908656,
            "book_valuer_per_share": 11.33,
            "book_valuer_per_share_4q_avg": 11.4,
            "equity": 1030302,
            "current_ratio": 142.89,
            "debt_ratio": 67.02,
            "inventory_turnover_ratio": 2.62,
            "account_receivable_turnover_ratio": 1.58,
            "reinvestment_rate": 104.98,
            "research_to_sale_ratio": null,
            "price_fair": 24.85,
            "eps_avg_yearly": 0.71,
            "eps_latest_yearly": 0.64,
            "eps_growth_yearly": 254.91
        },
        "20111": {
            "year_quarter": 20111,
            "year": 2011,
            "quarter": 1,
            "eps": -0.09,
            "eps_growth_year": -181.82,
            "eps_4q": 0.09,
            "eps_4q_growth_year": -86.91,
            "roe": -0.77,
            "roe_4q": 0.7899999999999999,
            "gross_profit": 74562,
            "gross_margin": 3.35,
            "gross_margin_4q_avg": 3.66,
            "net_income": -7915,
            "revenue": 2225818,
            "common_shares": 908656,
            "book_valuer_per_share": 11.27,
            "book_valuer_per_share_4q_avg": 11.29,
            "equity": 1025649,
            "current_ratio": 155.4,
            "debt_ratio": 61.39,
            "inventory_turnover_ratio": 2.49,
            "account_receivable_turnover_ratio": 1.51,
            "reinvestment_rate": 113.21,
            "research_to_sale_ratio": null,
            "price_fair": 24.85,
            "eps_avg_yearly": 0.71,
            "eps_latest_yearly": 0.64,
            "eps_growth_yearly": 254.91
        },
        "20112": {
            "year_quarter": 20112,
            "year": 2011,
            "quarter": 2,
            "eps": 0.03,
            "eps_growth_year": null,
            "eps_4q": 0.14,
            "eps_4q_growth_year": -84.88,
            "roe": 0.26,
            "roe_4q": 1.21,
            "gross_profit": 86351,
            "gross_margin": 4.15,
            "gross_margin_4q_avg": 3.74,
            "net_income": 2663,
            "revenue": 2078461,
            "common_shares": 908656,
            "book_valuer_per_share": 11.08,
            "book_valuer_per_share_4q_avg": 11.2,
            "equity": 1007787,
            "current_ratio": 154.98,
            "debt_ratio": 61.56,
            "inventory_turnover_ratio": 2.68,
            "account_receivable_turnover_ratio": 1.52,
            "reinvestment_rate": 99.4,
            "research_to_sale_ratio": null,
            "price_fair": 26.4,
            "eps_avg_yearly": 0.75,
            "eps_latest_yearly": 0.64,
            "eps_growth_yearly": 205.61
        },
        "20113": {
            "year_quarter": 20113,
            "year": 2011,
            "quarter": 3,
            "eps": 0.04,
            "eps_growth_year": 27.46,
            "eps_4q": 0.15,
            "eps_4q_growth_year": -67.29,
            "roe": 0.38,
            "roe_4q": 1.29,
            "gross_profit": 95618,
            "gross_margin": 3.88,
            "gross_margin_4q_avg": 3.81,
            "net_income": 3861,
            "revenue": 2461608,
            "common_shares": 908656,
            "book_valuer_per_share": 11.16,
            "book_valuer_per_share_4q_avg": 11.21,
            "equity": 1014986,
            "current_ratio": 142.85,
            "debt_ratio": 64.41,
            "inventory_turnover_ratio": 3.29,
            "account_receivable_turnover_ratio": 1.68,
            "reinvestment_rate": 106.75,
            "research_to_sale_ratio": null,
            "price_fair": 24,
            "eps_avg_yearly": 0.69,
            "eps_latest_yearly": 0.16,
            "eps_growth_yearly": 190.37
        },
        "20114": {
            "year_quarter": 20114,
            "year": 2011,
            "quarter": 4,
            "eps": 0.21,
            "eps_growth_year": 28.01,
            "eps_4q": 0.19,
            "eps_4q_growth_year": -33.05,
            "roe": 1.82,
            "roe_4q": 1.69,
            "gross_profit": 101620,
            "gross_margin": 4.12,
            "gross_margin_4q_avg": 3.88,
            "net_income": 18634,
            "revenue": 2466401,
            "common_shares": 908656,
            "book_valuer_per_share": 11.38,
            "book_valuer_per_share_4q_avg": 11.22,
            "equity": 1034815,
            "current_ratio": 136.9,
            "debt_ratio": 67.68,
            "inventory_turnover_ratio": 2.67,
            "account_receivable_turnover_ratio": 1.54,
            "reinvestment_rate": 118.35,
            "research_to_sale_ratio": null,
            "price_fair": 22.2,
            "eps_avg_yearly": 0.63,
            "eps_latest_yearly": 0.84,
            "eps_growth_yearly": 383.23
        },
        "20121": {
            "year_quarter": 20121,
            "year": 2012,
            "quarter": 1,
            "eps": 0.08,
            "eps_growth_year": null,
            "eps_4q": 0.36,
            "eps_4q_growth_year": 297.62,
            "roe": 0.68,
            "roe_4q": 3.1399999999999997,
            "gross_profit": 81843,
            "gross_margin": 3.66,
            "gross_margin_4q_avg": 3.95,
            "net_income": 7110,
            "revenue": 2238977,
            "common_shares": 908896,
            "book_valuer_per_share": 11.45,
            "book_valuer_per_share_4q_avg": 11.27,
            "equity": 1042186,
            "current_ratio": 145.49,
            "debt_ratio": 63.17,
            "inventory_turnover_ratio": 2.24,
            "account_receivable_turnover_ratio": 1.47,
            "reinvestment_rate": 122.47,
            "research_to_sale_ratio": null,
            "price_fair": 20.6,
            "eps_avg_yearly": 0.59,
            "eps_latest_yearly": 0.32,
            "eps_growth_yearly": 374.52
        },
        "20122": {
            "year_quarter": 20122,
            "year": 2012,
            "quarter": 2,
            "eps": -0.18,
            "eps_growth_year": -713.48,
            "eps_4q": 0.15,
            "eps_4q_growth_year": 6.97,
            "roe": -1.6,
            "roe_4q": 1.28,
            "gross_profit": 66086,
            "gross_margin": 3.15,
            "gross_margin_4q_avg": 3.7,
            "net_income": -16376,
            "revenue": 2100320,
            "common_shares": 908896,
            "book_valuer_per_share": 11.08,
            "book_valuer_per_share_4q_avg": 11.27,
            "equity": 1007851,
            "current_ratio": 144.4,
            "debt_ratio": 63.62,
            "inventory_turnover_ratio": 2.2,
            "account_receivable_turnover_ratio": 1.56,
            "reinvestment_rate": 90.03,
            "research_to_sale_ratio": null,
            "price_fair": 20.6,
            "eps_avg_yearly": 0.59,
            "eps_latest_yearly": 0.32,
            "eps_growth_yearly": 374.52
        },
        "20123": {
            "year_quarter": 20123,
            "year": 2012,
            "quarter": 3,
            "eps": 0.19,
            "eps_growth_year": 355.78,
            "eps_4q": 0.3,
            "eps_4q_growth_year": 104.3,
            "roe": 1.74,
            "roe_4q": 2.64,
            "gross_profit": 87102,
            "gross_margin": 3.7,
            "gross_margin_4q_avg": 3.66,
            "net_income": 17620,
            "revenue": 2353147,
            "common_shares": 908896,
            "book_valuer_per_share": 11.24,
            "book_valuer_per_share_4q_avg": 11.29,
            "equity": 1022781,
            "current_ratio": 144.77,
            "debt_ratio": 63.37,
            "inventory_turnover_ratio": 2.72,
            "account_receivable_turnover_ratio": 1.66,
            "reinvestment_rate": 6.75,
            "research_to_sale_ratio": null,
            "price_fair": 20.6,
            "eps_avg_yearly": 0.59,
            "eps_latest_yearly": 0.32,
            "eps_growth_yearly": 374.52
        },
        "20124": {
            "year_quarter": 20124,
            "year": 2012,
            "quarter": 4,
            "eps": 0.26,
            "eps_growth_year": 26.43,
            "eps_4q": 0.35,
            "eps_4q_growth_year": 84.63,
            "roe": 2.28,
            "roe_4q": 3.0999999999999996,
            "gross_profit": 94795,
            "gross_margin": 4.11,
            "gross_margin_4q_avg": 3.66,
            "net_income": 23566,
            "revenue": 2305218,
            "common_shares": 908896,
            "book_valuer_per_share": 11.47,
            "book_valuer_per_share_4q_avg": 11.31,
            "equity": 1044032,
            "current_ratio": 145.15,
            "debt_ratio": 63.62,
            "inventory_turnover_ratio": 2.95,
            "account_receivable_turnover_ratio": 1.48,
            "reinvestment_rate": 0.66,
            "research_to_sale_ratio": null,
            "price_fair": 22.58,
            "eps_avg_yearly": 0.65,
            "eps_latest_yearly": 1.04,
            "eps_growth_yearly": 346.13
        },
        "20131": {
            "year_quarter": 20131,
            "year": 2013,
            "quarter": 1,
            "eps": -0.1,
            "eps_growth_year": -225,
            "eps_4q": 0.17,
            "eps_4q_growth_year": -50.79,
            "roe": -0.86,
            "roe_4q": 1.56,
            "gross_profit": 69100,
            "gross_margin": 3.32,
            "gross_margin_4q_avg": 3.57,
            "net_income": -8939,
            "revenue": 2081435,
            "common_shares": 908896,
            "book_valuer_per_share": 11.42,
            "book_valuer_per_share_4q_avg": 11.3,
            "equity": 1039555,
            "current_ratio": 150.48,
            "debt_ratio": 60.38,
            "inventory_turnover_ratio": 2.52,
            "account_receivable_turnover_ratio": 1.48,
            "reinvestment_rate": 0.16,
            "research_to_sale_ratio": null,
            "price_fair": 23.8,
            "eps_avg_yearly": 0.68,
            "eps_latest_yearly": 1.04,
            "eps_growth_yearly": 437.68
        },
        "20132": {
            "year_quarter": 20132,
            "year": 2013,
            "quarter": 2,
            "eps": 0.07,
            "eps_growth_year": null,
            "eps_4q": 0.42,
            "eps_4q_growth_year": 188.97,
            "roe": 0.59,
            "roe_4q": 3.75,
            "gross_profit": 85596,
            "gross_margin": 3.97,
            "gross_margin_4q_avg": 3.78,
            "net_income": 6025,
            "revenue": 2157970,
            "common_shares": 908896,
            "book_valuer_per_share": 11.19,
            "book_valuer_per_share_4q_avg": 11.33,
            "equity": 1018313,
            "current_ratio": 148.04,
            "debt_ratio": 61.58,
            "inventory_turnover_ratio": 2.51,
            "account_receivable_turnover_ratio": 1.68,
            "reinvestment_rate": -10.47,
            "research_to_sale_ratio": null,
            "price_fair": 23.8,
            "eps_avg_yearly": 0.68,
            "eps_latest_yearly": 1.04,
            "eps_growth_yearly": 437.68
        },
        "20133": {
            "year_quarter": 20133,
            "year": 2013,
            "quarter": 3,
            "eps": 0.13,
            "eps_growth_year": -32.96,
            "eps_4q": 0.36,
            "eps_4q_growth_year": 20.75,
            "roe": 1.17,
            "roe_4q": 3.1799999999999997,
            "gross_profit": 92505,
            "gross_margin": 3.95,
            "gross_margin_4q_avg": 3.84,
            "net_income": 11942,
            "revenue": 2342890,
            "common_shares": 908896,
            "book_valuer_per_share": 11.32,
            "book_valuer_per_share_4q_avg": 11.35,
            "equity": 1030255,
            "current_ratio": 148.82,
            "debt_ratio": 61.45,
            "inventory_turnover_ratio": 3.06,
            "account_receivable_turnover_ratio": 1.65,
            "reinvestment_rate": -13.86,
            "research_to_sale_ratio": null,
            "price_fair": 23.1,
            "eps_avg_yearly": 0.66,
            "eps_latest_yearly": 0.52,
            "eps_growth_yearly": 425.83
        },
        "20134": {
            "year_quarter": 20134,
            "year": 2013,
            "quarter": 4,
            "eps": 0.12,
            "eps_growth_year": -51.94,
            "eps_4q": 0.22,
            "eps_4q_growth_year": -36.22,
            "roe": 1.09,
            "roe_4q": 1.9899999999999998,
            "gross_profit": 93730,
            "gross_margin": 4.44,
            "gross_margin_4q_avg": 3.92,
            "net_income": 11324,
            "revenue": 2112073,
            "common_shares": 908896,
            "book_valuer_per_share": 11.46,
            "book_valuer_per_share_4q_avg": 11.35,
            "equity": 1042422,
            "current_ratio": 151.7,
            "debt_ratio": 60.21,
            "inventory_turnover_ratio": 3.1,
            "account_receivable_turnover_ratio": 1.42,
            "reinvestment_rate": -34.85,
            "research_to_sale_ratio": null,
            "price_fair": 19.43,
            "eps_avg_yearly": 0.56,
            "eps_latest_yearly": 0.48,
            "eps_growth_yearly": 438.98
        },
        "20141": {
            "year_quarter": 20141,
            "year": 2014,
            "quarter": 1,
            "eps": -0.08,
            "eps_growth_year": null,
            "eps_4q": 0.24,
            "eps_4q_growth_year": 37.74,
            "roe": -0.71,
            "roe_4q": 2.14,
            "gross_profit": 67548,
            "gross_margin": 3.61,
            "gross_margin_4q_avg": 3.99,
            "net_income": -7424,
            "revenue": 1872190,
            "common_shares": 908896,
            "book_valuer_per_share": 11.38,
            "book_valuer_per_share_4q_avg": 11.34,
            "equity": 1034998,
            "current_ratio": 160.86,
            "debt_ratio": 56.3,
            "inventory_turnover_ratio": 2.67,
            "account_receivable_turnover_ratio": 1.41,
            "reinvestment_rate": -42.2,
            "research_to_sale_ratio": null,
            "price_fair": 20,
            "eps_avg_yearly": 0.57,
            "eps_latest_yearly": 0.48,
            "eps_growth_yearly": 539.79
        },
        "20142": {
            "year_quarter": 20142,
            "year": 2014,
            "quarter": 2,
            "eps": -0.01,
            "eps_growth_year": -114.29,
            "eps_4q": 0.16,
            "eps_4q_growth_year": -61.54,
            "roe": -0.11,
            "roe_4q": 1.44,
            "gross_profit": 76934,
            "gross_margin": 4.06,
            "gross_margin_4q_avg": 4.02,
            "net_income": -1135,
            "revenue": 1894055,
            "common_shares": 908896,
            "book_valuer_per_share": 11.16,
            "book_valuer_per_share_4q_avg": 11.33,
            "equity": 1015685,
            "current_ratio": 159.52,
            "debt_ratio": 56.85,
            "inventory_turnover_ratio": 2.63,
            "account_receivable_turnover_ratio": 1.6,
            "reinvestment_rate": -41.62,
            "research_to_sale_ratio": null,
            "price_fair": 20,
            "eps_avg_yearly": 0.57,
            "eps_latest_yearly": 0.48,
            "eps_growth_yearly": 539.79
        },
        "20143": {
            "year_quarter": 20143,
            "year": 2014,
            "quarter": 3,
            "eps": -0.14,
            "eps_growth_year": -207.69,
            "eps_4q": -0.11,
            "eps_4q_growth_year": -130.65,
            "roe": -1.27,
            "roe_4q": -0.9999999999999998,
            "gross_profit": 67896,
            "gross_margin": 3.06,
            "gross_margin_4q_avg": 3.79,
            "net_income": -12785,
            "revenue": 2221067,
            "common_shares": 908896,
            "book_valuer_per_share": 11.02,
            "book_valuer_per_share_4q_avg": 11.26,
            "equity": 1002900,
            "current_ratio": 148.98,
            "debt_ratio": 61.57,
            "inventory_turnover_ratio": 3.13,
            "account_receivable_turnover_ratio": 1.74,
            "reinvestment_rate": -66.36,
            "research_to_sale_ratio": null,
            "price_fair": 20,
            "eps_avg_yearly": 0.57,
            "eps_latest_yearly": 0.48,
            "eps_growth_yearly": 539.79
        },
        "20144": {
            "year_quarter": 20144,
            "year": 2014,
            "quarter": 4,
            "eps": -0,
            "eps_growth_year": -102.45,
            "eps_4q": -0.24,
            "eps_4q_growth_year": -206.04,
            "roe": -0.03,
            "roe_4q": -2.12,
            "gross_profit": 66727,
            "gross_margin": 3.26,
            "gross_margin_4q_avg": 3.5,
            "net_income": -282,
            "revenue": 2049115,
            "common_shares": 908896,
            "book_valuer_per_share": 10.97,
            "book_valuer_per_share_4q_avg": 11.13,
            "equity": 998365,
            "current_ratio": 157.7,
            "debt_ratio": 57.87,
            "inventory_turnover_ratio": 3.13,
            "account_receivable_turnover_ratio": 1.53,
            "reinvestment_rate": -78.71,
            "research_to_sale_ratio": null,
            "price_fair": 19.6,
            "eps_avg_yearly": 0.56,
            "eps_latest_yearly": 0.48,
            "eps_growth_yearly": 340.86
        },
        "20151": {
            "year_quarter": 20151,
            "year": 2015,
            "quarter": 1,
            "eps": -0.2,
            "eps_growth_year": null,
            "eps_4q": -0.35,
            "eps_4q_growth_year": -247.02,
            "roe": -1.82,
            "roe_4q": -3.23,
            "gross_profit": 51394,
            "gross_margin": 3,
            "gross_margin_4q_avg": 3.35,
            "net_income": -17999,
            "revenue": 1711773,
            "common_shares": 908896,
            "book_valuer_per_share": 10.77,
            "book_valuer_per_share_4q_avg": 10.98,
            "equity": 980366,
            "current_ratio": 165.4,
            "debt_ratio": 54.64,
            "inventory_turnover_ratio": 2.88,
            "account_receivable_turnover_ratio": 1.47,
            "reinvestment_rate": -98.73,
            "research_to_sale_ratio": null,
            "price_fair": 19.6,
            "eps_avg_yearly": 0.56,
            "eps_latest_yearly": 0.48,
            "eps_growth_yearly": 340.86
        },
        "20152": {
            "year_quarter": 20152,
            "year": 2015,
            "quarter": 2,
            "eps": 0.05,
            "eps_growth_year": null,
            "eps_4q": -0.29,
            "eps_4q_growth_year": -281.28,
            "roe": 0.44,
            "roe_4q": -2.68,
            "gross_profit": 80671,
            "gross_margin": 4.32,
            "gross_margin_4q_avg": 3.41,
            "net_income": 4344,
            "revenue": 1865921,
            "common_shares": 908896,
            "book_valuer_per_share": 10.82,
            "book_valuer_per_share_4q_avg": 10.9,
            "equity": 984710,
            "current_ratio": 154.93,
            "debt_ratio": 58.86,
            "inventory_turnover_ratio": 2.66,
            "account_receivable_turnover_ratio": 1.7,
            "reinvestment_rate": -23.58,
            "research_to_sale_ratio": null,
            "price_fair": 19.6,
            "eps_avg_yearly": 0.56,
            "eps_latest_yearly": 0.48,
            "eps_growth_yearly": 340.86
        },
        "20153": {
            "year_quarter": 20153,
            "year": 2015,
            "quarter": 3,
            "eps": -0.04,
            "eps_growth_year": null,
            "eps_4q": -0.2,
            "eps_4q_growth_year": null,
            "roe": -0.39,
            "roe_4q": -1.8,
            "gross_profit": 64200,
            "gross_margin": 3.49,
            "gross_margin_4q_avg": 3.52,
            "net_income": -3865,
            "revenue": 1840469,
            "common_shares": 908896,
            "book_valuer_per_share": 10.78,
            "book_valuer_per_share_4q_avg": 10.84,
            "equity": 980845,
            "current_ratio": 157.01,
            "debt_ratio": 57.88,
            "inventory_turnover_ratio": 2.52,
            "account_receivable_turnover_ratio": 1.56,
            "reinvestment_rate": -37.97,
            "research_to_sale_ratio": null,
            "price_fair": 22.4,
            "eps_avg_yearly": 0.64,
            "eps_latest_yearly": 0.48,
            "eps_growth_yearly": 382.37
        },
        "20154": {
            "year_quarter": 20154,
            "year": 2015,
            "quarter": 4,
            "eps": 0.16,
            "eps_growth_year": null,
            "eps_4q": -0.03,
            "eps_4q_growth_year": null,
            "roe": 1.49,
            "roe_4q": -0.28,
            "gross_profit": 74827,
            "gross_margin": 3.98,
            "gross_margin_4q_avg": 3.7,
            "net_income": 14703,
            "revenue": 1877754,
            "common_shares": 908896,
            "book_valuer_per_share": 10.91,
            "book_valuer_per_share_4q_avg": 10.82,
            "equity": 992554,
            "current_ratio": 170.44,
            "debt_ratio": 53.87,
            "inventory_turnover_ratio": 3.06,
            "account_receivable_turnover_ratio": 1.59,
            "reinvestment_rate": -79.65,
            "research_to_sale_ratio": null,
            "price_fair": 20.65,
            "eps_avg_yearly": 0.59,
            "eps_latest_yearly": 0.48,
            "eps_growth_yearly": 52.96
        },
        "20161": {
            "year_quarter": 20161,
            "year": 2016,
            "quarter": 1,
            "eps": 0.06,
            "eps_growth_year": null,
            "eps_4q": 0.23,
            "eps_4q_growth_year": null,
            "roe": 0.53,
            "roe_4q": 2.07,
            "gross_profit": 71254,
            "gross_margin": 4.38,
            "gross_margin_4q_avg": 4.04,
            "net_income": 5301,
            "revenue": 1628098,
            "common_shares": 908896,
            "book_valuer_per_share": 10.97,
            "book_valuer_per_share_4q_avg": 10.87,
            "equity": 996783,
            "current_ratio": 181.96,
            "debt_ratio": 50.23,
            "inventory_turnover_ratio": 2.95,
            "account_receivable_turnover_ratio": 1.51,
            "reinvestment_rate": -80.51,
            "research_to_sale_ratio": null,
            "price_fair": 19.95,
            "eps_avg_yearly": 0.57,
            "eps_latest_yearly": 0.24,
            "eps_growth_yearly": 52.36
        },
        "20162": {
            "year_quarter": 20162,
            "year": 2016,
            "quarter": 2,
            "eps": -0.14,
            "eps_growth_year": -380,
            "eps_4q": 0.04,
            "eps_4q_growth_year": null,
            "roe": -1.26,
            "roe_4q": 0.37,
            "gross_profit": 70841,
            "gross_margin": 4.22,
            "gross_margin_4q_avg": 4.02,
            "net_income": -12491,
            "revenue": 1677550,
            "common_shares": 908896,
            "book_valuer_per_share": 10.83,
            "book_valuer_per_share_4q_avg": 10.87,
            "equity": 984292,
            "current_ratio": 169.79,
            "debt_ratio": 54.02,
            "inventory_turnover_ratio": 2.98,
            "account_receivable_turnover_ratio": 1.6,
            "reinvestment_rate": -66.19,
            "research_to_sale_ratio": null,
            "price_fair": 19.95,
            "eps_avg_yearly": 0.57,
            "eps_latest_yearly": 0.24,
            "eps_growth_yearly": 52.36
        },
        "20163": {
            "year_quarter": 20163,
            "year": 2016,
            "quarter": 3,
            "eps": 0.05,
            "eps_growth_year": null,
            "eps_4q": 0.13,
            "eps_4q_growth_year": null,
            "roe": 0.42,
            "roe_4q": 1.18,
            "gross_profit": 70816,
            "gross_margin": 4.16,
            "gross_margin_4q_avg": 4.19,
            "net_income": 4105,
            "revenue": 1704093,
            "common_shares": 908896,
            "book_valuer_per_share": 10.87,
            "book_valuer_per_share_4q_avg": 10.9,
            "equity": 988397,
            "current_ratio": 178.04,
            "debt_ratio": 51.33,
            "inventory_turnover_ratio": 3.11,
            "account_receivable_turnover_ratio": 1.56,
            "reinvestment_rate": -142.11,
            "research_to_sale_ratio": null,
            "price_fair": 19.95,
            "eps_avg_yearly": 0.57,
            "eps_latest_yearly": 0.24,
            "eps_growth_yearly": 52.36
        },
        "20164": {
            "year_quarter": 20164,
            "year": 2016,
            "quarter": 4,
            "eps": 0.08,
            "eps_growth_year": -48.47,
            "eps_4q": 0.05,
            "eps_4q_growth_year": null,
            "roe": 0.77,
            "roe_4q": 0.45999999999999996,
            "gross_profit": 67120,
            "gross_margin": 4.24,
            "gross_margin_4q_avg": 4.25,
            "net_income": 7588,
            "revenue": 1582305,
            "common_shares": 908896,
            "book_valuer_per_share": 10.94,
            "book_valuer_per_share_4q_avg": 10.9,
            "equity": 994460,
            "current_ratio": 174.84,
            "debt_ratio": 53.06,
            "inventory_turnover_ratio": 2.76,
            "account_receivable_turnover_ratio": 1.47,
            "reinvestment_rate": -4100.62,
            "research_to_sale_ratio": null,
            "price_fair": 13.65,
            "eps_avg_yearly": 0.39,
            "eps_latest_yearly": 0.32,
            "eps_growth_yearly": 75.52
        },
        "20171": {
            "year_quarter": 20171,
            "year": 2017,
            "quarter": 1,
            "eps": -0.1,
            "eps_growth_year": -266.67,
            "eps_4q": -0.11,
            "eps_4q_growth_year": -148.97,
            "roe": -0.93,
            "roe_4q": -1,
            "gross_profit": 51611,
            "gross_margin": 3.51,
            "gross_margin_4q_avg": 4.03,
            "net_income": -9246,
            "revenue": 1469663,
            "common_shares": 908896,
            "book_valuer_per_share": 10.84,
            "book_valuer_per_share_4q_avg": 10.87,
            "equity": 985214,
            "current_ratio": 202.52,
            "debt_ratio": 45.28,
            "inventory_turnover_ratio": 2.46,
            "account_receivable_turnover_ratio": 1.54,
            "reinvestment_rate": -11092,
            "research_to_sale_ratio": null,
            "price_fair": 13.65,
            "eps_avg_yearly": 0.39,
            "eps_latest_yearly": 0.32,
            "eps_growth_yearly": 75.52
        },
        "20172": {
            "year_quarter": 20172,
            "year": 2017,
            "quarter": 2,
            "eps": 0.01,
            "eps_growth_year": null,
            "eps_4q": 0.04,
            "eps_4q_growth_year": -6.79,
            "roe": 0.1,
            "roe_4q": 0.35999999999999993,
            "gross_profit": 66749,
            "gross_margin": 4.6,
            "gross_margin_4q_avg": 4.13,
            "net_income": 973,
            "revenue": 1450561,
            "common_shares": 908896,
            "book_valuer_per_share": 10.85,
            "book_valuer_per_share_4q_avg": 10.88,
            "equity": 986187,
            "current_ratio": 180.47,
            "debt_ratio": 51.24,
            "inventory_turnover_ratio": 2.27,
            "account_receivable_turnover_ratio": 1.65,
            "reinvestment_rate": null,
            "research_to_sale_ratio": null,
            "price_fair": 13.65,
            "eps_avg_yearly": 0.39,
            "eps_latest_yearly": 0.32,
            "eps_growth_yearly": 75.52
        },
        "20173": {
            "year_quarter": 20173,
            "year": 2017,
            "quarter": 3,
            "eps": 0.08,
            "eps_growth_year": 60,
            "eps_4q": 0.07,
            "eps_4q_growth_year": -42.99,
            "roe": 0.74,
            "roe_4q": 0.6799999999999999,
            "gross_profit": 70808,
            "gross_margin": 4.16,
            "gross_margin_4q_avg": 4.13,
            "net_income": 7320,
            "revenue": 1701892,
            "common_shares": 908896,
            "book_valuer_per_share": 10.93,
            "book_valuer_per_share_4q_avg": 10.89,
            "equity": 993507,
            "current_ratio": 166.71,
            "debt_ratio": 55.87,
            "inventory_turnover_ratio": 2.28,
            "account_receivable_turnover_ratio": 1.73,
            "reinvestment_rate": null,
            "research_to_sale_ratio": null,
            "price_fair": 11.9,
            "eps_avg_yearly": 0.34,
            "eps_latest_yearly": 0.32,
            "eps_growth_yearly": 689.81
        },
        "20174": {
            "year_quarter": 20174,
            "year": 2017,
            "quarter": 4,
            "eps": 0.11,
            "eps_growth_year": 33.09,
            "eps_4q": 0.1,
            "eps_4q_growth_year": 103.11,
            "roe": 1.01,
            "roe_4q": 0.92,
            "gross_profit": 88517,
            "gross_margin": 5.01,
            "gross_margin_4q_avg": 4.32,
            "net_income": 10099,
            "revenue": 1768069,
            "common_shares": 908896,
            "book_valuer_per_share": 11.04,
            "book_valuer_per_share_4q_avg": 10.92,
            "equity": 1003840,
            "current_ratio": 165.79,
            "debt_ratio": 56.37,
            "inventory_turnover_ratio": 2.25,
            "account_receivable_turnover_ratio": 1.62,
            "reinvestment_rate": null,
            "research_to_sale_ratio": null,
            "price_fair": 11.55,
            "eps_avg_yearly": 0.33,
            "eps_latest_yearly": 0.44,
            "eps_growth_yearly": 735
        },
        "20181": {
            "year_quarter": 20181,
            "year": 2018,
            "quarter": 1,
            "eps": 0.15,
            "eps_growth_year": null,
            "eps_4q": 0.35,
            "eps_4q_growth_year": null,
            "roe": 1.32,
            "roe_4q": 3.1700000000000004,
            "gross_profit": 88624,
            "gross_margin": 4.66,
            "gross_margin_4q_avg": 4.61,
            "net_income": 13368,
            "revenue": 1900765,
            "common_shares": 908896,
            "book_valuer_per_share": 11.19,
            "book_valuer_per_share_4q_avg": 11,
            "equity": 1017506,
            "current_ratio": 161.35,
            "debt_ratio": 58.02,
            "inventory_turnover_ratio": 2.46,
            "account_receivable_turnover_ratio": 1.64,
            "reinvestment_rate": -204.49,
            "research_to_sale_ratio": null,
            "price_fair": 13.44,
            "eps_avg_yearly": 0.38,
            "eps_latest_yearly": 0.6,
            "eps_growth_yearly": 617.09
        },
        "20182": {
            "year_quarter": 20182,
            "year": 2018,
            "quarter": 2,
            "eps": 0.09,
            "eps_growth_year": 800,
            "eps_4q": 0.43,
            "eps_4q_growth_year": 1038.16,
            "roe": 0.8,
            "roe_4q": 3.87,
            "gross_profit": 81787,
            "gross_margin": 4.58,
            "gross_margin_4q_avg": 4.6,
            "net_income": 8138,
            "revenue": 1784024,
            "common_shares": 908896,
            "book_valuer_per_share": 11.28,
            "book_valuer_per_share_4q_avg": 11.11,
            "equity": 1025644,
            "current_ratio": 156.75,
            "debt_ratio": 59.93,
            "inventory_turnover_ratio": 2.1,
            "account_receivable_turnover_ratio": 1.52,
            "reinvestment_rate": -106.16,
            "research_to_sale_ratio": null,
            "price_fair": 13.3,
            "eps_avg_yearly": 0.38,
            "eps_latest_yearly": 0.36,
            "eps_growth_yearly": 487.58
        },
        "20183": {
            "year_quarter": 20183,
            "year": 2018,
            "quarter": 3,
            "eps": -0.03,
            "eps_growth_year": -137.5,
            "eps_4q": 0.31,
            "eps_4q_growth_year": 328.72,
            "roe": -0.31,
            "roe_4q": 2.8200000000000003,
            "gross_profit": 77166,
            "gross_margin": 3.96,
            "gross_margin_4q_avg": 4.55,
            "net_income": -3159,
            "revenue": 1950463,
            "common_shares": 908896,
            "book_valuer_per_share": 11.25,
            "book_valuer_per_share_4q_avg": 11.19,
            "equity": 1022485,
            "current_ratio": 155.18,
            "debt_ratio": 60.53,
            "inventory_turnover_ratio": 2.35,
            "account_receivable_turnover_ratio": 1.56,
            "reinvestment_rate": -67.3,
            "research_to_sale_ratio": null,
            "price_fair": 13.3,
            "eps_avg_yearly": 0.38,
            "eps_latest_yearly": 0.36,
            "eps_growth_yearly": 487.58
        },
        "20184": {
            "year_quarter": 20184,
            "year": 2018,
            "quarter": 4,
            "eps": -0.53,
            "eps_growth_year": -572.65,
            "eps_4q": -0.32,
            "eps_4q_growth_year": -421.3,
            "roe": -4.78,
            "roe_4q": -2.9699999999999998,
            "gross_profit": 37203,
            "gross_margin": 2.04,
            "gross_margin_4q_avg": 3.81,
            "net_income": -47733,
            "revenue": 1823515,
            "common_shares": 908896,
            "book_valuer_per_share": 10.72,
            "book_valuer_per_share_4q_avg": 11.11,
            "equity": 973954,
            "current_ratio": 152.64,
            "debt_ratio": 61.28,
            "inventory_turnover_ratio": 2.41,
            "account_receivable_turnover_ratio": 1.42,
            "reinvestment_rate": null,
            "research_to_sale_ratio": null,
            "price_fair": 13.3,
            "eps_avg_yearly": 0.38,
            "eps_latest_yearly": 0.36,
            "eps_growth_yearly": 487.58
        },
        "20191": {
            "year_quarter": 20191,
            "year": 2019,
            "quarter": 1,
            "eps": -0.21,
            "eps_growth_year": -240,
            "eps_4q": -0.68,
            "eps_4q_growth_year": -294.55,
            "roe": -1.97,
            "roe_4q": -6.26,
            "gross_profit": 71109,
            "gross_margin": 4.23,
            "gross_margin_4q_avg": 3.7,
            "net_income": -19034,
            "revenue": 1680542,
            "common_shares": 908896,
            "book_valuer_per_share": 10.51,
            "book_valuer_per_share_4q_avg": 10.94,
            "equity": 954920,
            "current_ratio": 159.14,
            "debt_ratio": 58.19,
            "inventory_turnover_ratio": 2.28,
            "account_receivable_turnover_ratio": 1.46,
            "reinvestment_rate": null,
            "research_to_sale_ratio": null,
            "price_fair": 13.3,
            "eps_avg_yearly": 0.38,
            "eps_latest_yearly": 0.36,
            "eps_growth_yearly": 487.58
        },
        "20192": {
            "year_quarter": 20192,
            "year": 2019,
            "quarter": 2,
            "eps": -0.16,
            "eps_growth_year": -277.78,
            "eps_4q": -0.93,
            "eps_4q_growth_year": -316.5,
            "roe": -1.51,
            "roe_4q": -8.57,
            "gross_profit": 69127,
            "gross_margin": 3.92,
            "gross_margin_4q_avg": 3.54,
            "net_income": -14347,
            "revenue": 1762950,
            "common_shares": 908896,
            "book_valuer_per_share": 10.35,
            "book_valuer_per_share_4q_avg": 10.71,
            "equity": 940573,
            "current_ratio": 153.85,
            "debt_ratio": 60.26,
            "inventory_turnover_ratio": 2.66,
            "account_receivable_turnover_ratio": 1.57,
            "reinvestment_rate": null,
            "research_to_sale_ratio": null,
            "price_fair": 13.3,
            "eps_avg_yearly": 0.38,
            "eps_latest_yearly": 0.36,
            "eps_growth_yearly": 487.58
        },
        "20193": {
            "year_quarter": 20193,
            "year": 2019,
            "quarter": 3,
            "eps": 0.06,
            "eps_growth_year": null,
            "eps_4q": -0.83,
            "eps_4q_growth_year": -366.41,
            "roe": 0.57,
            "roe_4q": -7.69,
            "gross_profit": 82183,
            "gross_margin": 4.04,
            "gross_margin_4q_avg": 3.56,
            "net_income": 5332,
            "revenue": 2032772,
            "common_shares": 908896,
            "book_valuer_per_share": 10.41,
            "book_valuer_per_share_4q_avg": 10.5,
            "equity": 945905,
            "current_ratio": 143.27,
            "debt_ratio": 65.27,
            "inventory_turnover_ratio": 2.81,
            "account_receivable_turnover_ratio": 1.54,
            "reinvestment_rate": null,
            "research_to_sale_ratio": null,
            "price_fair": 13.3,
            "eps_avg_yearly": 0.38,
            "eps_latest_yearly": 0.36,
            "eps_growth_yearly": 487.58
        },
        "20194": {
            "year_quarter": 20194,
            "year": 2019,
            "quarter": 4,
            "eps": 0.02,
            "eps_growth_year": null,
            "eps_4q": -0.29,
            "eps_4q_growth_year": null,
            "roe": 0.22,
            "roe_4q": -2.69,
            "gross_profit": 65696,
            "gross_margin": 3.62,
            "gross_margin_4q_avg": 3.95,
            "net_income": 2083,
            "revenue": 1814656,
            "common_shares": 908896,
            "book_valuer_per_share": 10.43,
            "book_valuer_per_share_4q_avg": 10.43,
            "equity": 948286,
            "current_ratio": 152.65,
            "debt_ratio": 60.73,
            "inventory_turnover_ratio": 2.23,
            "account_receivable_turnover_ratio": 1.43,
            "reinvestment_rate": null,
            "research_to_sale_ratio": null,
            "price_fair": 11.8,
            "eps_avg_yearly": 0.34,
            "eps_latest_yearly": 0.08,
            "eps_growth_yearly": 379.83
        },
        "20201": {
            "year_quarter": 20201,
            "year": 2020,
            "quarter": 1,
            "eps": 0.06,
            "eps_growth_year": null,
            "eps_4q": -0.02,
            "eps_4q_growth_year": null,
            "roe": 0.57,
            "roe_4q": -0.15000000000000013,
            "gross_profit": 92711,
            "gross_margin": 4.46,
            "gross_margin_4q_avg": 4.01,
            "net_income": 5422,
            "revenue": 2077527,
            "common_shares": 908896,
            "book_valuer_per_share": 10.49,
            "book_valuer_per_share_4q_avg": 10.42,
            "equity": 953708,
            "current_ratio": 151.03,
            "debt_ratio": 61.39,
            "inventory_turnover_ratio": 2.54,
            "account_receivable_turnover_ratio": 1.79,
            "reinvestment_rate": null,
            "research_to_sale_ratio": null,
            "price_fair": 11.8,
            "eps_avg_yearly": 0.34,
            "eps_latest_yearly": 0.24,
            "eps_growth_yearly": 529.83
        },
        "20202": {
            "year_quarter": 20202,
            "year": 2020,
            "quarter": 2,
            "eps": 0,
            "eps_growth_year": null,
            "eps_4q": 0.14,
            "eps_4q_growth_year": null,
            "roe": -0.03,
            "roe_4q": 1.3299999999999998,
            "gross_profit": 80772,
            "gross_margin": 3.91,
            "gross_margin_4q_avg": 4.01,
            "net_income": -292,
            "revenue": 2066079,
            "common_shares": 908896,
            "book_valuer_per_share": 10.49,
            "book_valuer_per_share_4q_avg": 10.46,
            "equity": 953416,
            "current_ratio": 145.32,
            "debt_ratio": 64.12,
            "inventory_turnover_ratio": 2.49,
            "account_receivable_turnover_ratio": 1.63,
            "reinvestment_rate": null,
            "research_to_sale_ratio": null,
            "price_fair": 11.8,
            "eps_avg_yearly": 0.34,
            "eps_latest_yearly": 0.24,
            "eps_growth_yearly": 529.83
        },
        "20203": {
            "year_quarter": 20203,
            "year": 2020,
            "quarter": 3,
            "eps": 0.08,
            "eps_growth_year": 33.33,
            "eps_4q": 0.16,
            "eps_4q_growth_year": null,
            "roe": 0.78,
            "roe_4q": 1.5399999999999998,
            "gross_profit": 89197,
            "gross_margin": 4.01,
            "gross_margin_4q_avg": 4,
            "net_income": 7486,
            "revenue": 2226244,
            "common_shares": 908896,
            "book_valuer_per_share": 10.57,
            "book_valuer_per_share_4q_avg": 10.5,
            "equity": 960902,
            "current_ratio": 148.02,
            "debt_ratio": 62.9,
            "inventory_turnover_ratio": 2.62,
            "account_receivable_turnover_ratio": 1.75,
            "reinvestment_rate": null,
            "research_to_sale_ratio": null,
            "price_fair": 11.8,
            "eps_avg_yearly": 0.34,
            "eps_latest_yearly": 0.24,
            "eps_growth_yearly": 529.83
        },
        "20204": {
            "year_quarter": 20204,
            "year": 2020,
            "quarter": 4,
            "eps": 0.26,
            "eps_growth_year": 1028.41,
            "eps_4q": 0.4,
            "eps_4q_growth_year": null,
            "roe": 2.42,
            "roe_4q": 3.74,
            "gross_profit": 106204,
            "gross_margin": 4.97,
            "gross_margin_4q_avg": 4.34,
            "net_income": 23505,
            "revenue": 2137206,
            "common_shares": 908896,
            "book_valuer_per_share": 10.82,
            "book_valuer_per_share_4q_avg": 10.59,
            "equity": 983365,
            "current_ratio": 149.95,
            "debt_ratio": 62.06,
            "inventory_turnover_ratio": 2.57,
            "account_receivable_turnover_ratio": 1.72,
            "reinvestment_rate": null,
            "research_to_sale_ratio": null,
            "price_fair": 15.4,
            "eps_avg_yearly": 0.44,
            "eps_latest_yearly": 1.04,
            "eps_growth_yearly": 624.11
        },
        "20211": {
            "year_quarter": 20211,
            "year": 2021,
            "quarter": 1,
            "eps": 0.13,
            "eps_growth_year": 116.67,
            "eps_4q": 0.47,
            "eps_4q_growth_year": null,
            "roe": 1.22,
            "roe_4q": 4.39,
            "gross_profit": 93689,
            "gross_margin": 4.5,
            "gross_margin_4q_avg": 4.35,
            "net_income": 12068,
            "revenue": 2083257,
            "common_shares": 908896,
            "book_valuer_per_share": 10.95,
            "book_valuer_per_share_4q_avg": 10.71,
            "equity": 995433,
            "current_ratio": 159.87,
            "debt_ratio": 58.04,
            "inventory_turnover_ratio": 2.5,
            "account_receivable_turnover_ratio": 1.84,
            "reinvestment_rate": -43.74,
            "research_to_sale_ratio": null,
            "price_fair": 15.75,
            "eps_avg_yearly": 0.45,
            "eps_latest_yearly": 0.52,
            "eps_growth_yearly": 521.1
        },
        "20212": {
            "year_quarter": 20212,
            "year": 2021,
            "quarter": 2,
            "eps": 0.19,
            "eps_growth_year": null,
            "eps_4q": 0.67,
            "eps_4q_growth_year": 382.18,
            "roe": 1.74,
            "roe_4q": 6.16,
            "gross_profit": 108043,
            "gross_margin": 4.8,
            "gross_margin_4q_avg": 4.57,
            "net_income": 17431,
            "revenue": 2252391,
            "common_shares": 908896,
            "book_valuer_per_share": 11.14,
            "book_valuer_per_share_4q_avg": 10.87,
            "equity": 1012864,
            "current_ratio": 166.21,
            "debt_ratio": 55.84,
            "inventory_turnover_ratio": 3.1,
            "account_receivable_turnover_ratio": 2.07,
            "reinvestment_rate": -18.64,
            "research_to_sale_ratio": null,
            "price_fair": 16.96,
            "eps_avg_yearly": 0.48,
            "eps_latest_yearly": 0.76,
            "eps_growth_yearly": 483.71
        },
        "20213": {
            "year_quarter": 20213,
            "year": 2021,
            "quarter": 3,
            "eps": 0.18,
            "eps_growth_year": 125,
            "eps_4q": 0.76,
            "eps_4q_growth_year": 369.19,
            "roe": 1.56,
            "roe_4q": 6.9399999999999995,
            "gross_profit": 108283,
            "gross_margin": 4.3,
            "gross_margin_4q_avg": 4.64,
            "net_income": 15963,
            "revenue": 2519008,
            "common_shares": 908896,
            "book_valuer_per_share": 11.32,
            "book_valuer_per_share_4q_avg": 11.06,
            "equity": 1028827,
            "current_ratio": 156.76,
            "debt_ratio": 59.36,
            "inventory_turnover_ratio": 3.9,
            "account_receivable_turnover_ratio": 2.11,
            "reinvestment_rate": 4.93,
            "research_to_sale_ratio": null,
            "price_fair": 18.51,
            "eps_avg_yearly": 0.53,
            "eps_latest_yearly": 0.72,
            "eps_growth_yearly": 170.26
        },
        "20214": {
            "year_quarter": 20214,
            "year": 2021,
            "quarter": 4,
            "eps": 0.1,
            "eps_growth_year": -62.27,
            "eps_4q": 0.6,
            "eps_4q_growth_year": 50.41,
            "roe": 0.86,
            "roe_4q": 5.38,
            "gross_profit": 103212,
            "gross_margin": 4,
            "gross_margin_4q_avg": 4.4,
            "net_income": 8868,
            "revenue": 2582567,
            "common_shares": 908896,
            "book_valuer_per_share": 11.42,
            "book_valuer_per_share_4q_avg": 11.21,
            "equity": 1038263,
            "current_ratio": 152.44,
            "debt_ratio": 61.29,
            "inventory_turnover_ratio": 3.1,
            "account_receivable_turnover_ratio": 2.17,
            "reinvestment_rate": 14.93,
            "research_to_sale_ratio": null,
            "price_fair": 18.36,
            "eps_avg_yearly": 0.52,
            "eps_latest_yearly": 0.4,
            "eps_growth_yearly": 133.84
        },
        "20221": {
            "year_quarter": 20221,
            "year": 2022,
            "quarter": 1,
            "eps": 0.07,
            "eps_growth_year": -46.15,
            "eps_4q": 0.53,
            "eps_4q_growth_year": 13.5,
            "roe": 0.6,
            "roe_4q": 4.76,
            "gross_profit": 93873,
            "gross_margin": 4.04,
            "gross_margin_4q_avg": 4.29,
            "net_income": 6278,
            "revenue": 2323627,
            "common_shares": 908896,
            "book_valuer_per_share": 11.49,
            "book_valuer_per_share_4q_avg": 11.34,
            "equity": 1044541,
            "current_ratio": 149.13,
            "debt_ratio": 62.82,
            "inventory_turnover_ratio": 2.29,
            "account_receivable_turnover_ratio": 2.01,
            "reinvestment_rate": 34.74,
            "research_to_sale_ratio": null,
            "price_fair": 17.11,
            "eps_avg_yearly": 0.49,
            "eps_latest_yearly": 0.28,
            "eps_growth_yearly": 104.35
        },
        "20222": {
            "year_quarter": 20222,
            "year": 2022,
            "quarter": 2,
            "eps": 0.16,
            "eps_growth_year": -15.79,
            "eps_4q": 0.5,
            "eps_4q_growth_year": -24.54,
            "roe": 1.4,
            "roe_4q": 4.42,
            "gross_profit": 107891,
            "gross_margin": 4.39,
            "gross_margin_4q_avg": 4.18,
            "net_income": 14534,
            "revenue": 2459661,
            "common_shares": 908896,
            "book_valuer_per_share": 11.35,
            "book_valuer_per_share_4q_avg": 11.4,
            "equity": 1031808,
            "current_ratio": 138.65,
            "debt_ratio": 68.07,
            "inventory_turnover_ratio": 2.19,
            "account_receivable_turnover_ratio": 1.87,
            "reinvestment_rate": 29.05,
            "research_to_sale_ratio": null,
            "price_fair": 18.2,
            "eps_avg_yearly": 0.52,
            "eps_latest_yearly": 0.64,
            "eps_growth_yearly": 179.27
        },
        "20223": {
            "year_quarter": 20223,
            "year": 2022,
            "quarter": 3,
            "eps": -0.01,
            "eps_growth_year": -105.56,
            "eps_4q": 0.32,
            "eps_4q_growth_year": -58.48,
            "roe": -0.1,
            "roe_4q": 2.76,
            "gross_profit": 106855,
            "gross_margin": 4.24,
            "gross_margin_4q_avg": 4.17,
            "net_income": -1042,
            "revenue": 2517502,
            "common_shares": 908896,
            "book_valuer_per_share": 11.34,
            "book_valuer_per_share_4q_avg": 11.4,
            "equity": 1030766,
            "current_ratio": 137.72,
            "debt_ratio": 68.45,
            "inventory_turnover_ratio": 2.3,
            "account_receivable_turnover_ratio": 1.64,
            "reinvestment_rate": 31.65,
            "research_to_sale_ratio": null,
            "price_fair": 18.2,
            "eps_avg_yearly": 0.52,
            "eps_latest_yearly": 0.64,
            "eps_growth_yearly": 179.27
        },
        "20224": {
            "year_quarter": 20224,
            "year": 2022,
            "quarter": 4,
            "eps": 0.15,
            "eps_growth_year": 53.13,
            "eps_4q": 0.37,
            "eps_4q_growth_year": -38.62,
            "roe": 1.31,
            "roe_4q": 3.21,
            "gross_profit": 99510,
            "gross_margin": 4.14,
            "gross_margin_4q_avg": 4.2,
            "net_income": 13580,
            "revenue": 2401014,
            "common_shares": 908896,
            "book_valuer_per_share": 11.49,
            "book_valuer_per_share_4q_avg": 11.42,
            "equity": 1044516,
            "current_ratio": 137.45,
            "debt_ratio": 68.64,
            "inventory_turnover_ratio": 2.45,
            "account_receivable_turnover_ratio": 1.49,
            "reinvestment_rate": 9.97,
            "research_to_sale_ratio": null,
            "price_fair": 18.2,
            "eps_avg_yearly": 0.52,
            "eps_latest_yearly": 0.64,
            "eps_growth_yearly": 179.27
        },
        "20231": {
            "year_quarter": 20231,
            "year": 2023,
            "quarter": 1,
            "eps": -0.04,
            "eps_growth_year": -157.14,
            "eps_4q": 0.26,
            "eps_4q_growth_year": -50.91,
            "roe": -0.31,
            "roe_4q": 2.3,
            "gross_profit": 68045,
            "gross_margin": 3.35,
            "gross_margin_4q_avg": 4.03,
            "net_income": -3244,
            "revenue": 2029137,
            "common_shares": 908896,
            "book_valuer_per_share": 11.46,
            "book_valuer_per_share_4q_avg": 11.41,
            "equity": 1041272,
            "current_ratio": 144.54,
            "debt_ratio": 64.69,
            "inventory_turnover_ratio": 2.07,
            "account_receivable_turnover_ratio": 1.36,
            "reinvestment_rate": 10.52,
            "research_to_sale_ratio": null,
            "price_fair": 18.2,
            "eps_avg_yearly": 0.52,
            "eps_latest_yearly": 0.64,
            "eps_growth_yearly": 179.27
        }
    },
    "months": {
        "2001-10": {
            "month": "2001-10",
            "price": "15.54",
            "revenue": 499244
        },
        "2001-11": {
            "month": "2001-11",
            "price": "17.60",
            "revenue": 452359
        },
        "2001-12": {
            "month": "2001-12",
            "price": "31.75",
            "revenue": 510182
        },
        "2002-01": {
            "month": "2002-01",
            "price": "40.19",
            "revenue": 444027
        },
        "2002-02": {
            "month": "2002-02",
            "price": "32.82",
            "revenue": 458102
        },
        "2002-03": {
            "month": "2002-03",
            "price": "31.81",
            "revenue": 516691
        },
        "2002-04": {
            "month": "2002-04",
            "price": "29.48",
            "revenue": 426787
        },
        "2002-05": {
            "month": "2002-05",
            "price": "24.12",
            "revenue": 411008
        },
        "2002-06": {
            "month": "2002-06",
            "price": "24.72",
            "revenue": 413977
        },
        "2002-07": {
            "month": "2002-07",
            "price": "21.43",
            "revenue": 476553
        },
        "2002-08": {
            "month": "2002-08",
            "price": "19.79",
            "revenue": 437672
        },
        "2002-09": {
            "month": "2002-09",
            "price": "15.76",
            "revenue": 550801
        },
        "2002-10": {
            "month": "2002-10",
            "price": "16.39",
            "revenue": 598507
        },
        "2002-11": {
            "month": "2002-11",
            "price": "18.09",
            "revenue": 639228
        },
        "2002-12": {
            "month": "2002-12",
            "price": "16.98",
            "revenue": 675962
        },
        "2003-01": {
            "month": "2003-01",
            "price": "17.09",
            "revenue": 606439
        },
        "2003-02": {
            "month": "2003-02",
            "price": "16.48",
            "revenue": 491499
        },
        "2003-03": {
            "month": "2003-03",
            "price": "14.92",
            "revenue": 627606
        },
        "2003-04": {
            "month": "2003-04",
            "price": "14.43",
            "revenue": 628689
        },
        "2003-05": {
            "month": "2003-05",
            "price": "12.29",
            "revenue": 579270
        },
        "2003-06": {
            "month": "2003-06",
            "price": "13.68",
            "revenue": 659869
        },
        "2003-07": {
            "month": "2003-07",
            "price": "18.07",
            "revenue": 860178
        },
        "2003-08": {
            "month": "2003-08",
            "price": "16.75",
            "revenue": 758920
        },
        "2003-09": {
            "month": "2003-09",
            "price": "13.88",
            "revenue": 956788
        },
        "2003-10": {
            "month": "2003-10",
            "price": "14.92",
            "revenue": 1070490
        },
        "2003-11": {
            "month": "2003-11",
            "price": "15.49",
            "revenue": 876819
        },
        "2003-12": {
            "month": "2003-12",
            "price": "16.26",
            "revenue": 1250625
        },
        "2004-01": {
            "month": "2004-01",
            "price": "16.43",
            "revenue": 904685
        },
        "2004-02": {
            "month": "2004-02",
            "price": "16.41",
            "revenue": 828625
        },
        "2004-03": {
            "month": "2004-03",
            "price": "15.18",
            "revenue": 891513
        },
        "2004-04": {
            "month": "2004-04",
            "price": "15.18",
            "revenue": 911644
        },
        "2004-05": {
            "month": "2004-05",
            "price": "15.20",
            "revenue": 855294
        },
        "2004-06": {
            "month": "2004-06",
            "price": "16.17",
            "revenue": 1015873
        },
        "2004-07": {
            "month": "2004-07",
            "price": "12.68",
            "revenue": 1027374
        },
        "2004-08": {
            "month": "2004-08",
            "price": "9.90",
            "revenue": 817093
        },
        "2004-09": {
            "month": "2004-09",
            "price": "8.98",
            "revenue": 1152417
        },
        "2004-10": {
            "month": "2004-10",
            "price": "9.13",
            "revenue": 868489
        },
        "2004-11": {
            "month": "2004-11",
            "price": "7.99",
            "revenue": 1001740
        },
        "2004-12": {
            "month": "2004-12",
            "price": "6.92",
            "revenue": 1136016
        },
        "2005-01": {
            "month": "2005-01",
            "price": "5.94",
            "revenue": 808450
        },
        "2005-02": {
            "month": "2005-02",
            "price": "5.60",
            "revenue": 684437
        },
        "2005-03": {
            "month": "2005-03",
            "price": "5.72",
            "revenue": 893203
        },
        "2005-04": {
            "month": "2005-04",
            "price": "5.36",
            "revenue": 743499
        },
        "2005-05": {
            "month": "2005-05",
            "price": "5.90",
            "revenue": 701583
        },
        "2005-06": {
            "month": "2005-06",
            "price": "6.68",
            "revenue": 829165
        },
        "2005-07": {
            "month": "2005-07",
            "price": "8.02",
            "revenue": 877399
        },
        "2005-08": {
            "month": "2005-08",
            "price": "8.98",
            "revenue": 921073
        },
        "2005-09": {
            "month": "2005-09",
            "price": "10.31",
            "revenue": 936012
        },
        "2005-10": {
            "month": "2005-10",
            "price": "9.28",
            "revenue": 826267
        },
        "2005-11": {
            "month": "2005-11",
            "price": "8.90",
            "revenue": 846741
        },
        "2005-12": {
            "month": "2005-12",
            "price": "9.84",
            "revenue": 931095
        },
        "2006-01": {
            "month": "2006-01",
            "price": "9.56",
            "revenue": 894497
        },
        "2006-02": {
            "month": "2006-02",
            "price": "8.83",
            "revenue": 608869
        },
        "2006-03": {
            "month": "2006-03",
            "price": "8.63",
            "revenue": 689937
        },
        "2006-04": {
            "month": "2006-04",
            "price": "9.25",
            "revenue": 666687
        },
        "2006-05": {
            "month": "2006-05",
            "price": "12.39",
            "revenue": 627208
        },
        "2006-06": {
            "month": "2006-06",
            "price": "12.31",
            "revenue": 625344
        },
        "2006-07": {
            "month": "2006-07",
            "price": "12.95",
            "revenue": 699256
        },
        "2006-08": {
            "month": "2006-08",
            "price": "11.90",
            "revenue": 880366
        },
        "2006-09": {
            "month": "2006-09",
            "price": "9.85",
            "revenue": 930979
        },
        "2006-10": {
            "month": "2006-10",
            "price": "10.11",
            "revenue": 821883
        },
        "2006-11": {
            "month": "2006-11",
            "price": "12.40",
            "revenue": 804321
        },
        "2006-12": {
            "month": "2006-12",
            "price": "22.52",
            "revenue": 986862
        },
        "2007-01": {
            "month": "2007-01",
            "price": "43.72",
            "revenue": 758905
        },
        "2007-02": {
            "month": "2007-02",
            "price": "31.19",
            "revenue": 677281
        },
        "2007-03": {
            "month": "2007-03",
            "price": "32.82",
            "revenue": 745957
        },
        "2007-04": {
            "month": "2007-04",
            "price": "32.09",
            "revenue": 792723
        },
        "2007-05": {
            "month": "2007-05",
            "price": "30.04",
            "revenue": 760694
        },
        "2007-06": {
            "month": "2007-06",
            "price": "33.84",
            "revenue": 743631
        },
        "2007-07": {
            "month": "2007-07",
            "price": "36.74",
            "revenue": 949706
        },
        "2007-08": {
            "month": "2007-08",
            "price": "27.29",
            "revenue": 988717
        },
        "2007-09": {
            "month": "2007-09",
            "price": "24.80",
            "revenue": 912030
        },
        "2007-10": {
            "month": "2007-10",
            "price": "29.34",
            "revenue": 979438
        },
        "2007-11": {
            "month": "2007-11",
            "price": "25.34",
            "revenue": 1032284
        },
        "2007-12": {
            "month": "2007-12",
            "price": "21.98",
            "revenue": 883405
        },
        "2008-01": {
            "month": "2008-01",
            "price": "17.86",
            "revenue": 975887
        },
        "2008-02": {
            "month": "2008-02",
            "price": "14.76",
            "revenue": 729907
        },
        "2008-03": {
            "month": "2008-03",
            "price": "22.34",
            "revenue": 871837
        },
        "2008-04": {
            "month": "2008-04",
            "price": "23.98",
            "revenue": 852822
        },
        "2008-05": {
            "month": "2008-05",
            "price": "22.71",
            "revenue": 772549
        },
        "2008-06": {
            "month": "2008-06",
            "price": "18.69",
            "revenue": 783145
        },
        "2008-07": {
            "month": "2008-07",
            "price": "17.52",
            "revenue": 1061524
        },
        "2008-08": {
            "month": "2008-08",
            "price": "17.81",
            "revenue": 952817
        },
        "2008-09": {
            "month": "2008-09",
            "price": "13.61",
            "revenue": 952822
        },
        "2008-10": {
            "month": "2008-10",
            "price": "11.92",
            "revenue": 1027865
        },
        "2008-11": {
            "month": "2008-11",
            "price": "9.55",
            "revenue": 840461
        },
        "2008-12": {
            "month": "2008-12",
            "price": "9.47",
            "revenue": 1092910
        },
        "2009-01": {
            "month": "2009-01",
            "price": "10.15",
            "revenue": 847876
        },
        "2009-02": {
            "month": "2009-02",
            "price": "10.40",
            "revenue": 867085
        },
        "2009-03": {
            "month": "2009-03",
            "price": "12.63",
            "revenue": 722587
        },
        "2009-04": {
            "month": "2009-04",
            "price": "15.36",
            "revenue": 797715
        },
        "2009-05": {
            "month": "2009-05",
            "price": "15.84",
            "revenue": 699086
        },
        "2009-06": {
            "month": "2009-06",
            "price": "13.99",
            "revenue": 760540
        },
        "2009-07": {
            "month": "2009-07",
            "price": "14.62",
            "revenue": 956948
        },
        "2009-08": {
            "month": "2009-08",
            "price": "14.66",
            "revenue": 898442
        },
        "2009-09": {
            "month": "2009-09",
            "price": "14.78",
            "revenue": 936095
        },
        "2009-10": {
            "month": "2009-10",
            "price": "15.66",
            "revenue": 975386
        },
        "2009-11": {
            "month": "2009-11",
            "price": "15.51",
            "revenue": 912389
        },
        "2009-12": {
            "month": "2009-12",
            "price": "18.85",
            "revenue": 1167096
        },
        "2010-01": {
            "month": "2010-01",
            "price": "25.12",
            "revenue": 946808
        },
        "2010-02": {
            "month": "2010-02",
            "price": "22.49",
            "revenue": 745369
        },
        "2010-03": {
            "month": "2010-03",
            "price": "24.35",
            "revenue": 807964
        },
        "2010-04": {
            "month": "2010-04",
            "price": "24.60",
            "revenue": 724017
        },
        "2010-05": {
            "month": "2010-05",
            "price": "21.22",
            "revenue": 689086
        },
        "2010-06": {
            "month": "2010-06",
            "price": "20.35",
            "revenue": 779706
        },
        "2010-07": {
            "month": "2010-07",
            "price": "22.08",
            "revenue": 822699
        },
        "2010-08": {
            "month": "2010-08",
            "price": "22.70",
            "revenue": 808993
        },
        "2010-09": {
            "month": "2010-09",
            "price": "20.91",
            "revenue": 814377
        },
        "2010-10": {
            "month": "2010-10",
            "price": "20.47",
            "revenue": 728353
        },
        "2010-11": {
            "month": "2010-11",
            "price": "18.10",
            "revenue": 711517
        },
        "2010-12": {
            "month": "2010-12",
            "price": "20.06",
            "revenue": 914860
        },
        "2011-01": {
            "month": "2011-01",
            "price": "19.58",
            "revenue": 825349
        },
        "2011-02": {
            "month": "2011-02",
            "price": "18.34",
            "revenue": 525981
        },
        "2011-03": {
            "month": "2011-03",
            "price": "17.88",
            "revenue": 761107
        },
        "2011-04": {
            "month": "2011-04",
            "price": "17.37",
            "revenue": 634842
        },
        "2011-05": {
            "month": "2011-05",
            "price": "16.14",
            "revenue": 631869
        },
        "2011-06": {
            "month": "2011-06",
            "price": "15.26",
            "revenue": 675727
        },
        "2011-07": {
            "month": "2011-07",
            "price": "13.68",
            "revenue": 743501
        },
        "2011-08": {
            "month": "2011-08",
            "price": "13.22",
            "revenue": 837265
        },
        "2011-09": {
            "month": "2011-09",
            "price": "14.26",
            "revenue": 797231
        },
        "2011-10": {
            "month": "2011-10",
            "price": "13.02",
            "revenue": 712344
        },
        "2011-11": {
            "month": "2011-11",
            "price": "12.18",
            "revenue": 826741
        },
        "2011-12": {
            "month": "2011-12",
            "price": "10.23",
            "revenue": 937888
        },
        "2012-01": {
            "month": "2012-01",
            "price": "10.07",
            "revenue": 667821
        },
        "2012-02": {
            "month": "2012-02",
            "price": "13.18",
            "revenue": 714602
        },
        "2012-03": {
            "month": "2012-03",
            "price": "14.17",
            "revenue": 861304
        },
        "2012-04": {
            "month": "2012-04",
            "price": "11.64",
            "revenue": 641358
        },
        "2012-05": {
            "month": "2012-05",
            "price": "11.10",
            "revenue": 714514
        },
        "2012-06": {
            "month": "2012-06",
            "price": "10.30",
            "revenue": 745139
        },
        "2012-07": {
            "month": "2012-07",
            "price": "10.28",
            "revenue": 785791
        },
        "2012-08": {
            "month": "2012-08",
            "price": "10.60",
            "revenue": 815523
        },
        "2012-09": {
            "month": "2012-09",
            "price": "11.51",
            "revenue": 754126
        },
        "2012-10": {
            "month": "2012-10",
            "price": "10.01",
            "revenue": 737933
        },
        "2012-11": {
            "month": "2012-11",
            "price": "9.75",
            "revenue": 774214
        },
        "2012-12": {
            "month": "2012-12",
            "price": "10.29",
            "revenue": 793267
        },
        "2013-01": {
            "month": "2013-01",
            "price": "10.19",
            "revenue": 776946
        },
        "2013-02": {
            "month": "2013-02",
            "price": "10.10",
            "revenue": 564342
        },
        "2013-03": {
            "month": "2013-03",
            "price": "10.27",
            "revenue": 735120
        },
        "2013-04": {
            "month": "2013-04",
            "price": "10.79",
            "revenue": 639818
        },
        "2013-05": {
            "month": "2013-05",
            "price": "10.98",
            "revenue": 747684
        },
        "2013-06": {
            "month": "2013-06",
            "price": "10.34",
            "revenue": 769908
        },
        "2013-07": {
            "month": "2013-07",
            "price": "10.02",
            "revenue": 782463
        },
        "2013-08": {
            "month": "2013-08",
            "price": "9.67",
            "revenue": 763754
        },
        "2013-09": {
            "month": "2013-09",
            "price": "9.59",
            "revenue": 796128
        },
        "2013-10": {
            "month": "2013-10",
            "price": "9.67",
            "revenue": 684354
        },
        "2013-11": {
            "month": "2013-11",
            "price": "9.63",
            "revenue": 648599
        },
        "2013-12": {
            "month": "2013-12",
            "price": "9.42",
            "revenue": 780304
        },
        "2014-01": {
            "month": "2014-01",
            "price": "10.08",
            "revenue": 687162
        },
        "2014-02": {
            "month": "2014-02",
            "price": "10.58",
            "revenue": 553192
        },
        "2014-03": {
            "month": "2014-03",
            "price": "10.96",
            "revenue": 635685
        },
        "2014-04": {
            "month": "2014-04",
            "price": "10.36",
            "revenue": 614172
        },
        "2014-05": {
            "month": "2014-05",
            "price": "10.02",
            "revenue": 602189
        },
        "2014-06": {
            "month": "2014-06",
            "price": "10.06",
            "revenue": 678474
        },
        "2014-07": {
            "month": "2014-07",
            "price": "10.09",
            "revenue": 718040
        },
        "2014-08": {
            "month": "2014-08",
            "price": "10.05",
            "revenue": 714338
        },
        "2014-09": {
            "month": "2014-09",
            "price": "13.36",
            "revenue": 787613
        },
        "2014-10": {
            "month": "2014-10",
            "price": "11.40",
            "revenue": 691733
        },
        "2014-11": {
            "month": "2014-11",
            "price": "10.93",
            "revenue": 596197
        },
        "2014-12": {
            "month": "2014-12",
            "price": "12.19",
            "revenue": 762166
        },
        "2015-01": {
            "month": "2015-01",
            "price": "12.23",
            "revenue": 567828
        },
        "2015-02": {
            "month": "2015-02",
            "price": "12.15",
            "revenue": 522594
        },
        "2015-03": {
            "month": "2015-03",
            "price": "11.83",
            "revenue": 619068
        },
        "2015-04": {
            "month": "2015-04",
            "price": "11.10",
            "revenue": 577713
        },
        "2015-05": {
            "month": "2015-05",
            "price": "10.84",
            "revenue": 585335
        },
        "2015-06": {
            "month": "2015-06",
            "price": "9.79",
            "revenue": 716264
        },
        "2015-07": {
            "month": "2015-07",
            "price": "8.87",
            "revenue": 630929
        },
        "2015-08": {
            "month": "2015-08",
            "price": "7.28",
            "revenue": 643398
        },
        "2015-09": {
            "month": "2015-09",
            "price": "7.17",
            "revenue": 559716
        },
        "2015-10": {
            "month": "2015-10",
            "price": "7.80",
            "revenue": 563504
        },
        "2015-11": {
            "month": "2015-11",
            "price": "7.80",
            "revenue": 639773
        },
        "2015-12": {
            "month": "2015-12",
            "price": "7.56",
            "revenue": 677915
        },
        "2016-01": {
            "month": "2016-01",
            "price": "7.93",
            "revenue": 538224
        },
        "2016-02": {
            "month": "2016-02",
            "price": "8.10",
            "revenue": 468749
        },
        "2016-03": {
            "month": "2016-03",
            "price": "8.42",
            "revenue": 623795
        },
        "2016-04": {
            "month": "2016-04",
            "price": "7.53",
            "revenue": 716761
        },
        "2016-05": {
            "month": "2016-05",
            "price": "6.20",
            "revenue": 485343
        },
        "2016-06": {
            "month": "2016-06",
            "price": "6.09",
            "revenue": 479320
        },
        "2016-07": {
            "month": "2016-07",
            "price": "6.30",
            "revenue": 564906
        },
        "2016-08": {
            "month": "2016-08",
            "price": "6.48",
            "revenue": 606252
        },
        "2016-09": {
            "month": "2016-09",
            "price": "6.44",
            "revenue": 561117
        },
        "2016-10": {
            "month": "2016-10",
            "price": "6.64",
            "revenue": 465575
        },
        "2016-11": {
            "month": "2016-11",
            "price": "6.35",
            "revenue": 536747
        },
        "2016-12": {
            "month": "2016-12",
            "price": "6.45",
            "revenue": 565630
        },
        "2017-01": {
            "month": "2017-01",
            "price": "6.70",
            "revenue": 513167
        },
        "2017-02": {
            "month": "2017-02",
            "price": "7.03",
            "revenue": 436290
        },
        "2017-03": {
            "month": "2017-03",
            "price": "7.13",
            "revenue": 506467
        },
        "2017-04": {
            "month": "2017-04",
            "price": "6.62",
            "revenue": 416173
        },
        "2017-05": {
            "month": "2017-05",
            "price": "6.73",
            "revenue": 473665
        },
        "2017-06": {
            "month": "2017-06",
            "price": "6.88",
            "revenue": 556022
        },
        "2017-07": {
            "month": "2017-07",
            "price": "7.10",
            "revenue": 518941
        },
        "2017-08": {
            "month": "2017-08",
            "price": "6.94",
            "revenue": 642815
        },
        "2017-09": {
            "month": "2017-09",
            "price": "7.11",
            "revenue": 575737
        },
        "2017-10": {
            "month": "2017-10",
            "price": "7.19",
            "revenue": 519815
        },
        "2017-11": {
            "month": "2017-11",
            "price": "7.03",
            "revenue": 574115
        },
        "2017-12": {
            "month": "2017-12",
            "price": "7.16",
            "revenue": 644135
        },
        "2018-01": {
            "month": "2018-01",
            "price": "7.49",
            "revenue": 699067
        },
        "2018-02": {
            "month": "2018-02",
            "price": "8.00",
            "revenue": 629952
        },
        "2018-03": {
            "month": "2018-03",
            "price": "13.16",
            "revenue": 636180
        },
        "2018-04": {
            "month": "2018-04",
            "price": "13.08",
            "revenue": 519510
        },
        "2018-05": {
            "month": "2018-05",
            "price": "11.76",
            "revenue": 617759
        },
        "2018-06": {
            "month": "2018-06",
            "price": "15.75",
            "revenue": 582320
        },
        "2018-07": {
            "month": "2018-07",
            "price": "18.26",
            "revenue": 628770
        },
        "2018-08": {
            "month": "2018-08",
            "price": "15.24",
            "revenue": 682510
        },
        "2018-09": {
            "month": "2018-09",
            "price": "14.59",
            "revenue": 639183
        },
        "2018-10": {
            "month": "2018-10",
            "price": "10.82",
            "revenue": 615575
        },
        "2018-11": {
            "month": "2018-11",
            "price": "10.68",
            "revenue": 704632
        },
        "2018-12": {
            "month": "2018-12",
            "price": "11.29",
            "revenue": 595294
        },
        "2019-01": {
            "month": "2019-01",
            "price": "10.24",
            "revenue": 668363
        },
        "2019-02": {
            "month": "2019-02",
            "price": "11.13",
            "revenue": 466792
        },
        "2019-03": {
            "month": "2019-03",
            "price": "11.34",
            "revenue": 541839
        },
        "2019-04": {
            "month": "2019-04",
            "price": "11.17",
            "revenue": 584994
        },
        "2019-05": {
            "month": "2019-05",
            "price": "10.06",
            "revenue": 594783
        },
        "2019-06": {
            "month": "2019-06",
            "price": "9.81",
            "revenue": 608622
        },
        "2019-07": {
            "month": "2019-07",
            "price": "9.94",
            "revenue": 639912
        },
        "2019-08": {
            "month": "2019-08",
            "price": "9.58",
            "revenue": 716283
        },
        "2019-09": {
            "month": "2019-09",
            "price": "10.60",
            "revenue": 646715
        },
        "2019-10": {
            "month": "2019-10",
            "price": "11.08",
            "revenue": 576786
        },
        "2019-11": {
            "month": "2019-11",
            "price": "10.90",
            "revenue": 645561
        },
        "2019-12": {
            "month": "2019-12",
            "price": "10.24",
            "revenue": 591360
        },
        "2020-01": {
            "month": "2020-01",
            "price": "9.84",
            "revenue": 698377
        },
        "2020-02": {
            "month": "2020-02",
            "price": "8.94",
            "revenue": 664793
        },
        "2020-03": {
            "month": "2020-03",
            "price": "7.29",
            "revenue": 712469
        },
        "2020-04": {
            "month": "2020-04",
            "price": "7.56",
            "revenue": 670467
        },
        "2020-05": {
            "month": "2020-05",
            "price": "8.53",
            "revenue": 707579
        },
        "2020-06": {
            "month": "2020-06",
            "price": "9.52",
            "revenue": 685312
        },
        "2020-07": {
            "month": "2020-07",
            "price": "11.48",
            "revenue": 733606
        },
        "2020-08": {
            "month": "2020-08",
            "price": "11.16",
            "revenue": 760066
        },
        "2020-09": {
            "month": "2020-09",
            "price": "11.06",
            "revenue": 741343
        },
        "2020-10": {
            "month": "2020-10",
            "price": "10.26",
            "revenue": 639355
        },
        "2020-11": {
            "month": "2020-11",
            "price": "10.48",
            "revenue": 686937
        },
        "2020-12": {
            "month": "2020-12",
            "price": "11.51",
            "revenue": 824791
        },
        "2021-01": {
            "month": "2021-01",
            "price": "12.94",
            "revenue": 729708
        },
        "2021-02": {
            "month": "2021-02",
            "price": "12.58",
            "revenue": 654384
        },
        "2021-03": {
            "month": "2021-03",
            "price": "13.29",
            "revenue": 696555
        },
        "2021-04": {
            "month": "2021-04",
            "price": "14.54",
            "revenue": 629383
        },
        "2021-05": {
            "month": "2021-05",
            "price": "12.98",
            "revenue": 836637
        },
        "2021-06": {
            "month": "2021-06",
            "price": "13.66",
            "revenue": 788981
        },
        "2021-07": {
            "month": "2021-07",
            "price": "14.72",
            "revenue": 742673
        },
        "2021-08": {
            "month": "2021-08",
            "price": "13.48",
            "revenue": 952734
        },
        "2021-09": {
            "month": "2021-09",
            "price": "14.02",
            "revenue": 823601
        },
        "2021-10": {
            "month": "2021-10",
            "price": "14.14",
            "revenue": 752834
        },
        "2021-11": {
            "month": "2021-11",
            "price": "23.88",
            "revenue": 1031407
        },
        "2021-12": {
            "month": "2021-12",
            "price": "40.72",
            "revenue": 798522
        },
        "2022-01": {
            "month": "2022-01",
            "price": "35.14",
            "revenue": 829729
        },
        "2022-02": {
            "month": "2022-02",
            "price": "31.98",
            "revenue": 699991
        },
        "2022-03": {
            "month": "2022-03",
            "price": "30.52",
            "revenue": 793906
        },
        "2022-04": {
            "month": "2022-04",
            "price": "30.10",
            "revenue": 656935
        },
        "2022-05": {
            "month": "2022-05",
            "price": "26.55",
            "revenue": 881135
        },
        "2022-06": {
            "month": "2022-06",
            "price": "25.56",
            "revenue": 921592
        },
        "2022-07": {
            "month": "2022-07",
            "price": "37.58",
            "revenue": 915046
        },
        "2022-08": {
            "month": "2022-08",
            "price": "44.50",
            "revenue": 823282
        },
        "2022-09": {
            "month": "2022-09",
            "price": "40.08",
            "revenue": 779174
        },
        "2022-10": {
            "month": "2022-10",
            "price": "30.06",
            "revenue": 741850
        },
        "2022-11": {
            "month": "2022-11",
            "price": "32.65",
            "revenue": 789979
        },
        "2022-12": {
            "month": "2022-12",
            "price": "36.09",
            "revenue": 869185
        },
        "2023-01": {
            "month": "2023-01",
            "price": "36.59",
            "revenue": 671962
        },
        "2023-02": {
            "month": "2023-02",
            "price": "39.37",
            "revenue": 613964
        },
        "2023-03": {
            "month": "2023-03",
            "price": "37.48",
            "revenue": 743211
        },
        "2023-04": {
            "month": "2023-04",
            "price": "35.15",
            "revenue": 661403
        },
        "2023-05": {
            "month": "2023-05",
            "price": "32.88",
            "revenue": 691945
        }
    }
}
