{
    "summary": {
        "stock_name": "達運",
        "stock_id": "6120",
        "category": "光電",
        "main_business": "液晶顯示器及模組代工<br>光電科技產品及週邊零組件",
        "website_url": "http://www.darwinprecisions.com",
        "ceo": "黃勝凱",
        "pe_ratio": -55,
        "report_year_from": 2001,
        "report_year_to": 2023,
        "age": 22,
        "eps_negative_percentage": 35,
        "eps_growth_avg": {
            "last_all": -38,
            "last_2y": null,
            "last_4y": -58.47,
            "last_8y": -38.27,
            "last_12y": -47.03,
            "last_16y": -53.47,
            "last_20y": -38,
            "at_2006_last_3y": -2.86,
            "at_2007_last_3y": -14.57,
            "at_2008_last_3y": -52.76,
            "at_2009_last_3y": -79.22,
            "at_2010_last_3y": -42.45,
            "at_2011_last_3y": -26.38,
            "at_2012_last_3y": -41.06,
            "at_2013_last_3y": -55.8,
            "at_2014_last_3y": -79.43,
            "at_2015_last_3y": -90.14,
            "at_2016_last_3y": -100,
            "at_2017_last_3y": -18.06,
            "at_2018_last_3y": -17.69,
            "at_2019_last_3y": -17.69,
            "at_2020_last_3y": -17.69,
            "at_2021_last_3y": -58.47,
            "at_2022_last_3y": -100,
            "at_2023_last_3y": -100,
            "at_2006_last_all": -11.15,
            "at_2007_last_all": -25.95,
            "at_2008_last_all": -25.95,
            "at_2009_last_all": -25.95,
            "at_2010_last_all": -20.09,
            "at_2011_last_all": -26.06,
            "at_2012_last_all": -30.99,
            "at_2013_last_all": -37.89,
            "at_2014_last_all": -37.89,
            "at_2015_last_all": -43.54,
            "at_2016_last_all": -43.54,
            "at_2017_last_all": -34.59,
            "at_2018_last_all": -33.23,
            "at_2019_last_all": -38,
            "at_2020_last_all": -38,
            "at_2021_last_all": -38,
            "at_2022_last_all": -38,
            "at_2023_last_all": -38
        },
        "latest_eps": -0.29,
        "latest_price": 15.85,
        "latest_roe": -2.13,
        "latest_gross_margin": -2.88,
        "latest_equity": 9053344,
        "latest_revenue": 3257264,
        "latest_gross_profit": -93861,
        "latest_net_income": -307638,
        "latest_debt_ratio": 49.6,
        "latest_current_ratio": 202.48,
        "latest_account_receivable_turnover_ratio": 1.34,
        "latest_inventory_turnover_ratio": 3.36,
        "latest_reinvestment_rate": null,
        "latest_research_to_sale_ratio": 2.56
    },
    "eps_dividends": {
        "2000": {
            "cash": 0,
            "stock": 0.5,
            "eps": 0
        },
        "2001": {
            "cash": 0,
            "stock": 1,
            "eps": 4.56
        },
        "2002": {
            "cash": 0,
            "stock": 2,
            "eps": 2.54
        },
        "2003": {
            "cash": 0.2,
            "stock": 1,
            "eps": 1.19
        },
        "2004": {
            "cash": 0.2,
            "stock": 0.5,
            "eps": 6.39
        },
        "2005": {
            "cash": 0.99,
            "stock": 1.48,
            "eps": 6.4
        },
        "2006": {
            "cash": 1.2,
            "stock": 1.3,
            "eps": 2.66
        },
        "2007": {
            "cash": 1,
            "stock": 0.05,
            "eps": -0.7
        },
        "2008": {
            "cash": 0.18,
            "stock": 0.37,
            "eps": -2.86
        },
        "2009": {
            "cash": 0,
            "stock": 0,
            "eps": 1.92
        },
        "2010": {
            "cash": 1,
            "stock": 0,
            "eps": 2.21
        },
        "2011": {
            "cash": 2,
            "stock": 0,
            "eps": 0.71
        },
        "2012": {
            "cash": 0,
            "stock": 0,
            "eps": 0.21
        },
        "2013": {
            "cash": 0.21,
            "stock": 0,
            "eps": -1.89
        },
        "2014": {
            "cash": 0,
            "stock": 0,
            "eps": 1.16
        },
        "2015": {
            "cash": 0.8,
            "stock": 0,
            "eps": -0.57
        },
        "2016": {
            "cash": 0.2,
            "stock": 0,
            "eps": 0.36
        },
        "2017": {
            "cash": 0.28,
            "stock": 0,
            "eps": 0.59
        },
        "2018": {
            "cash": 0.4,
            "stock": 0,
            "eps": 0.49
        },
        "2019": {
            "cash": 0.34,
            "stock": 0,
            "eps": -0.29
        },
        "2020": {
            "cash": 0,
            "stock": 0,
            "eps": -1.86
        },
        "2021": {
            "cash": 0,
            "stock": 0,
            "eps": -0.98
        },
        "2022": {
            "cash": 0,
            "stock": 0,
            "eps": 0.19
        },
        "2023": {
            "cash": 0.15,
            "stock": 0,
            "eps": -0.46
        }
    },
    "dividends": {
        "2000-06-15": {
            "cash": 0,
            "stock": 0.5
        },
        "2001-06-09": {
            "cash": 0,
            "stock": 1
        },
        "2002-05-28": {
            "cash": 0,
            "stock": 2
        },
        "2003-04-16": {
            "cash": 0.2,
            "stock": 1
        },
        "2004-05-12": {
            "cash": 0.2,
            "stock": 0.5
        },
        "2005-05-09": {
            "cash": 0.99,
            "stock": 1.48
        },
        "2006-04-27": {
            "cash": 1.2,
            "stock": 1.3
        },
        "2007-03-26": {
            "cash": 1,
            "stock": 0.05
        },
        "2008-03-19": {
            "cash": 0.18,
            "stock": 0.37
        },
        "2010-02-10": {
            "cash": 1,
            "stock": 0
        },
        "2011-01-01": {
            "cash": 0.5,
            "stock": 0
        },
        "2011-04-25": {
            "cash": 1.5,
            "stock": 0
        },
        "2013-04-25": {
            "cash": 0.21,
            "stock": 0
        },
        "2015-08-14": {
            "cash": 0.8,
            "stock": 0
        },
        "2016-08-12": {
            "cash": 0.2,
            "stock": 0
        },
        "2017-08-10": {
            "cash": 0.28,
            "stock": 0
        },
        "2018-08-16": {
            "cash": 0.4,
            "stock": 0
        },
        "2019-08-21": {
            "cash": 0.34,
            "stock": 0
        },
        "2023-04-25": {
            "cash": 0.15,
            "stock": 0
        }
    },
    "prices": {
        "200101": "無",
        "200102": "無",
        "200103": "無",
        "200104": "無",
        "200105": "無",
        "200106": "無",
        "200107": "無",
        "200108": "無",
        "200109": "無",
        "200110": "無",
        "200111": "無",
        "200112": "無",
        "200201": "68.31",
        "200202": "118.29",
        "200203": "113.88",
        "200204": "109.38",
        "200205": "77.55",
        "200206": "53.44",
        "200207": "46.90",
        "200208": "35.36",
        "200209": "29.80",
        "200210": "28.23",
        "200211": "31.50",
        "200212": "28.35",
        "200301": "31.14",
        "200302": "28.61",
        "200303": "26.40",
        "200304": "24.11",
        "200305": "17.53",
        "200306": "21.37",
        "200307": "28.40",
        "200308": "26.77",
        "200309": "21.66",
        "200310": "20.67",
        "200311": "20.05",
        "200312": "25.71",
        "200401": "26.69",
        "200402": "30.48",
        "200403": "28.94",
        "200404": "32.53",
        "200405": "38.19",
        "200406": "33.48",
        "200407": "27.05",
        "200408": "29.16",
        "200409": "32.04",
        "200410": "30.46",
        "200411": "30.84",
        "200412": "35.33",
        "200501": "37.02",
        "200502": "42.88",
        "200503": "48.45",
        "200504": "57.78",
        "200505": "55.26",
        "200506": "53.10",
        "200507": "57.39",
        "200508": "64.95",
        "200509": "57.22",
        "200510": "48.89",
        "200511": "50.42",
        "200512": "53.56",
        "200601": "60.99",
        "200602": "60.13",
        "200603": "59.20",
        "200604": "58.15",
        "200605": "50.79",
        "200606": "39.58",
        "200607": "39.54",
        "200608": "41.32",
        "200609": "35.49",
        "200610": "35.29",
        "200611": "33.36",
        "200612": "31.82",
        "200701": "32.31",
        "200702": "34.88",
        "200703": "35.45",
        "200704": "41.84",
        "200705": "41.39",
        "200706": "42.83",
        "200707": "43.03",
        "200708": "36.94",
        "200709": "32.68",
        "200710": "33.98",
        "200711": "25.36",
        "200712": "19.58",
        "200801": "15.50",
        "200802": "16.28",
        "200803": "18.78",
        "200804": "19.00",
        "200805": "17.68",
        "200806": "15.37",
        "200807": "11.72",
        "200808": "11.96",
        "200809": "10.93",
        "200810": "8.64",
        "200811": "5.62",
        "200812": "5.28",
        "200901": "6.10",
        "200902": "6.68",
        "200903": "8.95",
        "200904": "13.29",
        "200905": "18.48",
        "200906": "19.27",
        "200907": "22.81",
        "200908": "24.66",
        "200909": "29.73",
        "200910": "34.38",
        "200911": "33.44",
        "200912": "41.98",
        "201001": "40.40",
        "201002": "33.13",
        "201003": "35.76",
        "201004": "41.04",
        "201005": "37.63",
        "201006": "34.20",
        "201007": "33.03",
        "201008": "31.03",
        "201009": "31.44",
        "201010": "31.31",
        "201011": "29.34",
        "201012": "30.52",
        "201101": "29.12",
        "201102": "28.06",
        "201103": "28.05",
        "201104": "27.15",
        "201105": "26.57",
        "201106": "24.84",
        "201107": "20.62",
        "201108": "16.59",
        "201109": "17.31",
        "201110": "17.68",
        "201111": "18.12",
        "201112": "16.74",
        "201201": "16.85",
        "201202": "20.50",
        "201203": "20.67",
        "201204": "17.70",
        "201205": "16.00",
        "201206": "15.74",
        "201207": "15.98",
        "201208": "15.65",
        "201209": "16.12",
        "201210": "14.89",
        "201211": "14.73",
        "201212": "15.97",
        "201301": "15.27",
        "201302": "14.92",
        "201303": "14.98",
        "201304": "14.26",
        "201305": "14.76",
        "201306": "14.09",
        "201307": "12.91",
        "201308": "12.12",
        "201309": "11.85",
        "201310": "11.44",
        "201311": "10.08",
        "201312": "10.24",
        "201401": "11.79",
        "201402": "12.19",
        "201403": "12.68",
        "201404": "12.70",
        "201405": "11.78",
        "201406": "11.86",
        "201407": "13.33",
        "201408": "12.69",
        "201409": "12.64",
        "201410": "11.89",
        "201411": "12.68",
        "201412": "13.91",
        "201501": "16.01",
        "201502": "15.46",
        "201503": "18.88",
        "201504": "19.41",
        "201505": "17.11",
        "201506": "16.29",
        "201507": "12.86",
        "201508": "10.91",
        "201509": "11.98",
        "201510": "12.58",
        "201511": "11.38",
        "201512": "10.28",
        "201601": "8.66",
        "201602": "8.61",
        "201603": "11.22",
        "201604": "11.92",
        "201605": "9.81",
        "201606": "11.56",
        "201607": "12.93",
        "201608": "13.45",
        "201609": "13.17",
        "201610": "12.31",
        "201611": "12.23",
        "201612": "12.70",
        "201701": "12.87",
        "201702": "13.40",
        "201703": "14.81",
        "201704": "13.88",
        "201705": "13.82",
        "201706": "13.55",
        "201707": "12.88",
        "201708": "15.91",
        "201709": "27.17",
        "201710": "28.22",
        "201711": "28.96",
        "201712": "33.43",
        "201801": "39.16",
        "201802": "30.35",
        "201803": "27.03",
        "201804": "22.89",
        "201805": "26.16",
        "201806": "27.30",
        "201807": "28.47",
        "201808": "24.17",
        "201809": "21.12",
        "201810": "16.35",
        "201811": "16.82",
        "201812": "17.20",
        "201901": "16.44",
        "201902": "19.52",
        "201903": "20.83",
        "201904": "20.95",
        "201905": "18.32",
        "201906": "19.18",
        "201907": "18.63",
        "201908": "17.08",
        "201909": "17.82",
        "201910": "17.69",
        "201911": "15.48",
        "201912": "15.10",
        "202001": "16.17",
        "202002": "14.00",
        "202003": "10.50",
        "202004": "10.91",
        "202005": "10.82",
        "202006": "10.83",
        "202007": "11.53",
        "202008": "11.21",
        "202009": "11.63",
        "202010": "11.48",
        "202011": "11.89",
        "202012": "14.03",
        "202101": "13.23",
        "202102": "13.38",
        "202103": "14.55",
        "202104": "17.41",
        "202105": "13.54",
        "202106": "13.77",
        "202107": "13.53",
        "202108": "12.45",
        "202109": "11.36",
        "202110": "10.76",
        "202111": "11.18",
        "202112": "13.57",
        "202201": "14.00",
        "202202": "13.78",
        "202203": "12.80",
        "202204": "11.16",
        "202205": "10.53",
        "202206": "10.22",
        "202207": "9.62",
        "202208": "10.25",
        "202209": "9.24",
        "202210": "8.94",
        "202211": "9.06",
        "202212": "8.98",
        "202301": "8.90",
        "202302": "9.76",
        "202303": "10.30",
        "202304": "10.69",
        "202305": "10.33",
        "202306": "12.01"
    },
    "quarters": {
        "20011": {
            "year_quarter": 20011,
            "year": 2001,
            "quarter": 1,
            "eps": 0.43,
            "eps_growth_year": null,
            "eps_4q": null,
            "eps_4q_growth_year": null,
            "roe": 3.01,
            "roe_4q": 3.01,
            "gross_profit": 58002,
            "gross_margin": 25.58,
            "gross_margin_4q_avg": 25.58,
            "net_income": 21010,
            "revenue": 226767,
            "common_shares": 485000,
            "book_valuer_per_share": 14.56,
            "book_valuer_per_share_4q_avg": 14.56,
            "equity": 705977,
            "current_ratio": 209.3,
            "debt_ratio": 32.57,
            "inventory_turnover_ratio": 1.58,
            "account_receivable_turnover_ratio": null,
            "reinvestment_rate": null,
            "research_to_sale_ratio": null,
            "price_fair": 0,
            "eps_avg_yearly": 0,
            "eps_latest_yearly": 0,
            "eps_growth_yearly": 0
        },
        "20012": {
            "year_quarter": 20012,
            "year": 2001,
            "quarter": 2,
            "eps": 0.42,
            "eps_growth_year": null,
            "eps_4q": null,
            "eps_4q_growth_year": null,
            "roe": 3.17,
            "roe_4q": 6.18,
            "gross_profit": 49309,
            "gross_margin": 21.36,
            "gross_margin_4q_avg": 23.47,
            "net_income": 22745,
            "revenue": 230873,
            "common_shares": 542100,
            "book_valuer_per_share": 13.47,
            "book_valuer_per_share_4q_avg": 14.02,
            "equity": 730291,
            "current_ratio": 187.1,
            "debt_ratio": 37.38,
            "inventory_turnover_ratio": 2.31,
            "account_receivable_turnover_ratio": null,
            "reinvestment_rate": null,
            "research_to_sale_ratio": null,
            "price_fair": 0,
            "eps_avg_yearly": 0,
            "eps_latest_yearly": 0,
            "eps_growth_yearly": 0
        },
        "20013": {
            "year_quarter": 20013,
            "year": 2001,
            "quarter": 3,
            "eps": 2.66,
            "eps_growth_year": null,
            "eps_4q": null,
            "eps_4q_growth_year": null,
            "roe": 16.24,
            "roe_4q": 22.419999999999995,
            "gross_profit": 123256,
            "gross_margin": 22.65,
            "gross_margin_4q_avg": 23.2,
            "net_income": 129162,
            "revenue": 544204,
            "common_shares": 485000,
            "book_valuer_per_share": 17.74,
            "book_valuer_per_share_4q_avg": 15.26,
            "equity": 860494,
            "current_ratio": 113.51,
            "debt_ratio": 54.9,
            "inventory_turnover_ratio": 3.95,
            "account_receivable_turnover_ratio": null,
            "reinvestment_rate": null,
            "research_to_sale_ratio": null,
            "price_fair": 0,
            "eps_avg_yearly": 0,
            "eps_latest_yearly": 0,
            "eps_growth_yearly": 0
        },
        "20014": {
            "year_quarter": 20014,
            "year": 2001,
            "quarter": 4,
            "eps": 1.05,
            "eps_growth_year": null,
            "eps_4q": 4.23,
            "eps_4q_growth_year": null,
            "roe": 4.99,
            "roe_4q": 27.409999999999997,
            "gross_profit": 78811,
            "gross_margin": 15.24,
            "gross_margin_4q_avg": 21.21,
            "net_income": 57035,
            "revenue": 517131,
            "common_shares": 700000,
            "book_valuer_per_share": 20.35,
            "book_valuer_per_share_4q_avg": 16.53,
            "equity": 1424758,
            "current_ratio": 170.59,
            "debt_ratio": 38.45,
            "inventory_turnover_ratio": 2.52,
            "account_receivable_turnover_ratio": null,
            "reinvestment_rate": null,
            "research_to_sale_ratio": null,
            "price_fair": 0,
            "eps_avg_yearly": 0,
            "eps_latest_yearly": 0,
            "eps_growth_yearly": 0
        },
        "20021": {
            "year_quarter": 20021,
            "year": 2002,
            "quarter": 1,
            "eps": 0.5,
            "eps_growth_year": 16.28,
            "eps_4q": 3.46,
            "eps_4q_growth_year": null,
            "roe": 2.45,
            "roe_4q": 26.85,
            "gross_profit": 80165,
            "gross_margin": 17.2,
            "gross_margin_4q_avg": 19.11,
            "net_income": 35281,
            "revenue": 466168,
            "common_shares": 700000,
            "book_valuer_per_share": 20.84,
            "book_valuer_per_share_4q_avg": 18.1,
            "equity": 1458733,
            "current_ratio": 155.91,
            "debt_ratio": 36.41,
            "inventory_turnover_ratio": 1.79,
            "account_receivable_turnover_ratio": null,
            "reinvestment_rate": null,
            "research_to_sale_ratio": null,
            "price_fair": 6,
            "eps_avg_yearly": 2,
            "eps_latest_yearly": 2,
            "eps_growth_yearly": -209.52
        },
        "20022": {
            "year_quarter": 20022,
            "year": 2002,
            "quarter": 2,
            "eps": 0.26,
            "eps_growth_year": -38.1,
            "eps_4q": 2.79,
            "eps_4q_growth_year": null,
            "roe": 1.55,
            "roe_4q": 25.229999999999997,
            "gross_profit": 50629,
            "gross_margin": 10.66,
            "gross_margin_4q_avg": 16.44,
            "net_income": 22729,
            "revenue": 475124,
            "common_shares": 860000,
            "book_valuer_per_share": 17.14,
            "book_valuer_per_share_4q_avg": 19.02,
            "equity": 1474117,
            "current_ratio": 125.51,
            "debt_ratio": 41.04,
            "inventory_turnover_ratio": 1.89,
            "account_receivable_turnover_ratio": null,
            "reinvestment_rate": null,
            "research_to_sale_ratio": null,
            "price_fair": 4.56,
            "eps_avg_yearly": 1.52,
            "eps_latest_yearly": 1.04,
            "eps_growth_yearly": -200.76
        },
        "20023": {
            "year_quarter": 20023,
            "year": 2002,
            "quarter": 3,
            "eps": 1.09,
            "eps_growth_year": -59.02,
            "eps_4q": 2.43,
            "eps_4q_growth_year": null,
            "roe": 6.13,
            "roe_4q": 15.12,
            "gross_profit": 68431,
            "gross_margin": 14.12,
            "gross_margin_4q_avg": 14.31,
            "net_income": 93442,
            "revenue": 484495,
            "common_shares": 860000,
            "book_valuer_per_share": 18.29,
            "book_valuer_per_share_4q_avg": 19.16,
            "equity": 1573270,
            "current_ratio": 162.21,
            "debt_ratio": 45.76,
            "inventory_turnover_ratio": 1.38,
            "account_receivable_turnover_ratio": null,
            "reinvestment_rate": null,
            "research_to_sale_ratio": null,
            "price_fair": 86.33,
            "eps_avg_yearly": 2.47,
            "eps_latest_yearly": 4.36,
            "eps_growth_yearly": 291.8
        },
        "20024": {
            "year_quarter": 20024,
            "year": 2002,
            "quarter": 4,
            "eps": 0.69,
            "eps_growth_year": -34.29,
            "eps_4q": 2.45,
            "eps_4q_growth_year": -42.12,
            "roe": 3.59,
            "roe_4q": 13.719999999999999,
            "gross_profit": 103544,
            "gross_margin": 13.37,
            "gross_margin_4q_avg": 13.84,
            "net_income": 59366,
            "revenue": 774384,
            "common_shares": 860000,
            "book_valuer_per_share": 18.98,
            "book_valuer_per_share_4q_avg": 18.81,
            "equity": 1736325,
            "current_ratio": 153.83,
            "debt_ratio": 50.01,
            "inventory_turnover_ratio": 1.62,
            "account_receivable_turnover_ratio": null,
            "reinvestment_rate": null,
            "research_to_sale_ratio": null,
            "price_fair": 88.9,
            "eps_avg_yearly": 2.54,
            "eps_latest_yearly": 2.76,
            "eps_growth_yearly": 182.15
        },
        "20031": {
            "year_quarter": 20031,
            "year": 2003,
            "quarter": 1,
            "eps": -0.02,
            "eps_growth_year": -104,
            "eps_4q": 2.68,
            "eps_4q_growth_year": -22.43,
            "roe": -0.08,
            "roe_4q": 11.190000000000001,
            "gross_profit": 28389,
            "gross_margin": 3.72,
            "gross_margin_4q_avg": 10.47,
            "net_income": -1298,
            "revenue": 763310,
            "common_shares": 860000,
            "book_valuer_per_share": 18.96,
            "book_valuer_per_share_4q_avg": 18.34,
            "equity": 1630527,
            "current_ratio": 132.5,
            "debt_ratio": 54.5,
            "inventory_turnover_ratio": 1.76,
            "account_receivable_turnover_ratio": null,
            "reinvestment_rate": null,
            "research_to_sale_ratio": null,
            "price_fair": 88.9,
            "eps_avg_yearly": 2.54,
            "eps_latest_yearly": 2.76,
            "eps_growth_yearly": 182.15
        },
        "20032": {
            "year_quarter": 20032,
            "year": 2003,
            "quarter": 2,
            "eps": -0.39,
            "eps_growth_year": -250,
            "eps_4q": 1.37,
            "eps_4q_growth_year": -50.87,
            "roe": -2.09,
            "roe_4q": 7.55,
            "gross_profit": 2354,
            "gross_margin": 0.36,
            "gross_margin_4q_avg": 7.89,
            "net_income": -33478,
            "revenue": 646861,
            "common_shares": 860000,
            "book_valuer_per_share": 18.32,
            "book_valuer_per_share_4q_avg": 18.64,
            "equity": 1575349,
            "current_ratio": 132.07,
            "debt_ratio": 52.86,
            "inventory_turnover_ratio": 1.76,
            "account_receivable_turnover_ratio": null,
            "reinvestment_rate": null,
            "research_to_sale_ratio": null,
            "price_fair": 88.9,
            "eps_avg_yearly": 2.54,
            "eps_latest_yearly": 2.76,
            "eps_growth_yearly": 182.15
        },
        "20033": {
            "year_quarter": 20033,
            "year": 2003,
            "quarter": 3,
            "eps": 0.33,
            "eps_growth_year": -69.72,
            "eps_4q": 0.58,
            "eps_4q_growth_year": -76.08,
            "roe": 2.03,
            "roe_4q": 3.4499999999999997,
            "gross_profit": 57717,
            "gross_margin": 9.39,
            "gross_margin_4q_avg": 6.71,
            "net_income": 32249,
            "revenue": 614684,
            "common_shares": 966000,
            "book_valuer_per_share": 16.59,
            "book_valuer_per_share_4q_avg": 18.21,
            "equity": 1603044,
            "current_ratio": 126.83,
            "debt_ratio": 54.42,
            "inventory_turnover_ratio": 1.52,
            "account_receivable_turnover_ratio": null,
            "reinvestment_rate": null,
            "research_to_sale_ratio": null,
            "price_fair": 88.9,
            "eps_avg_yearly": 2.54,
            "eps_latest_yearly": 2.76,
            "eps_growth_yearly": 182.15
        },
        "20034": {
            "year_quarter": 20034,
            "year": 2003,
            "quarter": 4,
            "eps": 1.27,
            "eps_growth_year": 84.06,
            "eps_4q": 1.24,
            "eps_4q_growth_year": -49.24,
            "roe": 7.27,
            "roe_4q": 7.129999999999999,
            "gross_profit": 119263,
            "gross_margin": 12.23,
            "gross_margin_4q_avg": 6.43,
            "net_income": 122604,
            "revenue": 975412,
            "common_shares": 981916,
            "book_valuer_per_share": 18.04,
            "book_valuer_per_share_4q_avg": 17.98,
            "equity": 1770944,
            "current_ratio": 116.28,
            "debt_ratio": 60.55,
            "inventory_turnover_ratio": 1.62,
            "account_receivable_turnover_ratio": null,
            "reinvestment_rate": null,
            "research_to_sale_ratio": null,
            "price_fair": 106.68,
            "eps_avg_yearly": 3.05,
            "eps_latest_yearly": 5.08,
            "eps_growth_yearly": 373.6
        },
        "20041": {
            "year_quarter": 20041,
            "year": 2004,
            "quarter": 1,
            "eps": 0.96,
            "eps_growth_year": null,
            "eps_4q": 2.2,
            "eps_4q_growth_year": -18.05,
            "roe": 5.15,
            "roe_4q": 12.36,
            "gross_profit": 87228,
            "gross_margin": 10.04,
            "gross_margin_4q_avg": 8.01,
            "net_income": 93958,
            "revenue": 868842,
            "common_shares": 991075,
            "book_valuer_per_share": 18.95,
            "book_valuer_per_share_4q_avg": 17.98,
            "equity": 1878540,
            "current_ratio": 104.58,
            "debt_ratio": 54.9,
            "inventory_turnover_ratio": 1.21,
            "account_receivable_turnover_ratio": null,
            "reinvestment_rate": null,
            "research_to_sale_ratio": null,
            "price_fair": 111.3,
            "eps_avg_yearly": 3.18,
            "eps_latest_yearly": 3.84,
            "eps_growth_yearly": 295.06
        },
        "20042": {
            "year_quarter": 20042,
            "year": 2004,
            "quarter": 2,
            "eps": 1.78,
            "eps_growth_year": null,
            "eps_4q": 4.29,
            "eps_4q_growth_year": 212.38,
            "roe": 8,
            "roe_4q": 22.450000000000003,
            "gross_profit": 167170,
            "gross_margin": 11.88,
            "gross_margin_4q_avg": 10.89,
            "net_income": 176640,
            "revenue": 1406905,
            "common_shares": 1230163,
            "book_valuer_per_share": 20.61,
            "book_valuer_per_share_4q_avg": 18.55,
            "equity": 2535758,
            "current_ratio": 135.82,
            "debt_ratio": 56.32,
            "inventory_turnover_ratio": 1.88,
            "account_receivable_turnover_ratio": null,
            "reinvestment_rate": null,
            "research_to_sale_ratio": null,
            "price_fair": 131,
            "eps_avg_yearly": 3.74,
            "eps_latest_yearly": 7.12,
            "eps_growth_yearly": 301.72
        },
        "20043": {
            "year_quarter": 20043,
            "year": 2004,
            "quarter": 3,
            "eps": 2.29,
            "eps_growth_year": 593.94,
            "eps_4q": 5.8,
            "eps_4q_growth_year": 897.46,
            "roe": 9.42,
            "roe_4q": 29.84,
            "gross_profit": 143012,
            "gross_margin": 9.44,
            "gross_margin_4q_avg": 10.9,
            "net_income": 256427,
            "revenue": 1514815,
            "common_shares": 1272382,
            "book_valuer_per_share": 22.88,
            "book_valuer_per_share_4q_avg": 20.12,
            "equity": 2911023,
            "current_ratio": 136.22,
            "debt_ratio": 48.3,
            "inventory_turnover_ratio": 1.86,
            "account_receivable_turnover_ratio": null,
            "reinvestment_rate": null,
            "research_to_sale_ratio": null,
            "price_fair": 154.7,
            "eps_avg_yearly": 4.42,
            "eps_latest_yearly": 9.16,
            "eps_growth_yearly": 278.33
        },
        "20044": {
            "year_quarter": 20044,
            "year": 2004,
            "quarter": 4,
            "eps": 1.36,
            "eps_growth_year": 7.09,
            "eps_4q": 5.92,
            "eps_4q_growth_year": 375.7,
            "roe": 5.02,
            "roe_4q": 27.589999999999996,
            "gross_profit": 235310,
            "gross_margin": 11.81,
            "gross_margin_4q_avg": 10.79,
            "net_income": 157292,
            "revenue": 1993133,
            "common_shares": 1314443,
            "book_valuer_per_share": 23.99,
            "book_valuer_per_share_4q_avg": 21.61,
            "equity": 3358974,
            "current_ratio": 138.78,
            "debt_ratio": 57.63,
            "inventory_turnover_ratio": 1.83,
            "account_receivable_turnover_ratio": null,
            "reinvestment_rate": 173.97,
            "research_to_sale_ratio": null,
            "price_fair": 158.67,
            "eps_avg_yearly": 4.53,
            "eps_latest_yearly": 5.44,
            "eps_growth_yearly": 229.35
        },
        "20051": {
            "year_quarter": 20051,
            "year": 2005,
            "quarter": 1,
            "eps": 1.99,
            "eps_growth_year": 107.29,
            "eps_4q": 6.42,
            "eps_4q_growth_year": 191.61,
            "roe": 7.51,
            "roe_4q": 29.95,
            "gross_profit": 237156,
            "gross_margin": 11.81,
            "gross_margin_4q_avg": 11.24,
            "net_income": 265445,
            "revenue": 2008908,
            "common_shares": 1405755,
            "book_valuer_per_share": 26.4,
            "book_valuer_per_share_4q_avg": 23.47,
            "equity": 3711532,
            "current_ratio": 135.47,
            "debt_ratio": 45.02,
            "inventory_turnover_ratio": 2.01,
            "account_receivable_turnover_ratio": null,
            "reinvestment_rate": 104.92,
            "research_to_sale_ratio": null,
            "price_fair": 170.66,
            "eps_avg_yearly": 4.88,
            "eps_latest_yearly": 7.96,
            "eps_growth_yearly": 224.95
        },
        "20052": {
            "year_quarter": 20052,
            "year": 2005,
            "quarter": 2,
            "eps": 1.52,
            "eps_growth_year": -14.61,
            "eps_4q": 6.28,
            "eps_4q_growth_year": 46.59,
            "roe": 4.7,
            "roe_4q": 26.65,
            "gross_profit": 186181,
            "gross_margin": 8.94,
            "gross_margin_4q_avg": 10.5,
            "net_income": 216653,
            "revenue": 2082677,
            "common_shares": 1741204,
            "book_valuer_per_share": 31.58,
            "book_valuer_per_share_4q_avg": 26.21,
            "equity": 5498111,
            "current_ratio": 191.91,
            "debt_ratio": 35.43,
            "inventory_turnover_ratio": 2.9,
            "account_receivable_turnover_ratio": null,
            "reinvestment_rate": 110.37,
            "research_to_sale_ratio": null,
            "price_fair": 174.49,
            "eps_avg_yearly": 4.99,
            "eps_latest_yearly": 6.08,
            "eps_growth_yearly": 195.91
        },
        "20053": {
            "year_quarter": 20053,
            "year": 2005,
            "quarter": 3,
            "eps": 1.6,
            "eps_growth_year": -30.13,
            "eps_4q": 5.13,
            "eps_4q_growth_year": -11.63,
            "roe": 5.11,
            "roe_4q": 22.34,
            "gross_profit": 222993,
            "gross_margin": 8.1,
            "gross_margin_4q_avg": 10.17,
            "net_income": 290077,
            "revenue": 2754090,
            "common_shares": 2025918,
            "book_valuer_per_share": 28.92,
            "book_valuer_per_share_4q_avg": 27.72,
            "equity": 5859699,
            "current_ratio": 186.78,
            "debt_ratio": 37.15,
            "inventory_turnover_ratio": 3.44,
            "account_receivable_turnover_ratio": null,
            "reinvestment_rate": 96.91,
            "research_to_sale_ratio": null,
            "price_fair": 178.62,
            "eps_avg_yearly": 5.1,
            "eps_latest_yearly": 6.4,
            "eps_growth_yearly": 181.34
        },
        "20054": {
            "year_quarter": 20054,
            "year": 2005,
            "quarter": 4,
            "eps": 1.29,
            "eps_growth_year": -5.15,
            "eps_4q": 5.44,
            "eps_4q_growth_year": -8.07,
            "roe": 4.01,
            "roe_4q": 21.33,
            "gross_profit": 223433,
            "gross_margin": 7.4,
            "gross_margin_4q_avg": 9.06,
            "net_income": 240064,
            "revenue": 3019102,
            "common_shares": 2026327,
            "book_valuer_per_share": 30.14,
            "book_valuer_per_share_4q_avg": 29.26,
            "equity": 6106941,
            "current_ratio": 163.09,
            "debt_ratio": 51.9,
            "inventory_turnover_ratio": 2.52,
            "account_receivable_turnover_ratio": null,
            "reinvestment_rate": 134.33,
            "research_to_sale_ratio": null,
            "price_fair": 178.77,
            "eps_avg_yearly": 5.11,
            "eps_latest_yearly": 5.16,
            "eps_growth_yearly": 161.43
        },
        "20061": {
            "year_quarter": 20061,
            "year": 2006,
            "quarter": 1,
            "eps": 1.27,
            "eps_growth_year": -36.18,
            "eps_4q": 4.94,
            "eps_4q_growth_year": -22.96,
            "roe": 4.15,
            "roe_4q": 17.97,
            "gross_profit": 232533,
            "gross_margin": 7.13,
            "gross_margin_4q_avg": 7.89,
            "net_income": 258256,
            "revenue": 3259967,
            "common_shares": 2026402,
            "book_valuer_per_share": 31.33,
            "book_valuer_per_share_4q_avg": 30.49,
            "equity": 6347838,
            "current_ratio": 144.72,
            "debt_ratio": 43.47,
            "inventory_turnover_ratio": 2.67,
            "account_receivable_turnover_ratio": null,
            "reinvestment_rate": 70.03,
            "research_to_sale_ratio": null,
            "price_fair": 187.06,
            "eps_avg_yearly": 5.34,
            "eps_latest_yearly": 5.08,
            "eps_growth_yearly": 177.07
        },
        "20062": {
            "year_quarter": 20062,
            "year": 2006,
            "quarter": 2,
            "eps": 0.28,
            "eps_growth_year": -81.58,
            "eps_4q": 4.15,
            "eps_4q_growth_year": -33.91,
            "roe": 0.91,
            "roe_4q": 14.18,
            "gross_profit": 162886,
            "gross_margin": 5.93,
            "gross_margin_4q_avg": 7.14,
            "net_income": 56986,
            "revenue": 2747902,
            "common_shares": 2026402,
            "book_valuer_per_share": 30.22,
            "book_valuer_per_share_4q_avg": 30.15,
            "equity": 6123923,
            "current_ratio": 145.92,
            "debt_ratio": 45.44,
            "inventory_turnover_ratio": 3.4,
            "account_receivable_turnover_ratio": null,
            "reinvestment_rate": 64.8,
            "research_to_sale_ratio": null,
            "price_fair": 187.28,
            "eps_avg_yearly": 5.35,
            "eps_latest_yearly": 1.12,
            "eps_growth_yearly": 167.85
        },
        "20063": {
            "year_quarter": 20063,
            "year": 2006,
            "quarter": 3,
            "eps": 0.73,
            "eps_growth_year": -54.38,
            "eps_4q": 3.14,
            "eps_4q_growth_year": -38.67,
            "roe": 2.7,
            "roe_4q": 11.77,
            "gross_profit": 197129,
            "gross_margin": 7.19,
            "gross_margin_4q_avg": 6.91,
            "net_income": 167902,
            "revenue": 2743529,
            "common_shares": 2315818,
            "book_valuer_per_share": 27.23,
            "book_valuer_per_share_4q_avg": 29.73,
            "equity": 6306246,
            "current_ratio": 134.57,
            "debt_ratio": 44.47,
            "inventory_turnover_ratio": 3.58,
            "account_receivable_turnover_ratio": null,
            "reinvestment_rate": 76.76,
            "research_to_sale_ratio": null,
            "price_fair": 183.4,
            "eps_avg_yearly": 5.24,
            "eps_latest_yearly": 2.92,
            "eps_growth_yearly": 119.08
        },
        "20064": {
            "year_quarter": 20064,
            "year": 2006,
            "quarter": 4,
            "eps": 0.38,
            "eps_growth_year": -70.54,
            "eps_4q": 2.47,
            "eps_4q_growth_year": -54.53,
            "roe": 1.37,
            "roe_4q": 9.13,
            "gross_profit": 218573,
            "gross_margin": 7.32,
            "gross_margin_4q_avg": 6.89,
            "net_income": 87713,
            "revenue": 2985502,
            "common_shares": 2322638,
            "book_valuer_per_share": 27.89,
            "book_valuer_per_share_4q_avg": 29.17,
            "equity": 6476926,
            "current_ratio": 141.59,
            "debt_ratio": 60.57,
            "inventory_turnover_ratio": 2.02,
            "account_receivable_turnover_ratio": null,
            "reinvestment_rate": 123.16,
            "research_to_sale_ratio": null,
            "price_fair": 180.06,
            "eps_avg_yearly": 5.14,
            "eps_latest_yearly": 1.52,
            "eps_growth_yearly": 115.62
        },
        "20071": {
            "year_quarter": 20071,
            "year": 2007,
            "quarter": 1,
            "eps": 0.3,
            "eps_growth_year": -76.38,
            "eps_4q": 1.66,
            "eps_4q_growth_year": -66.38,
            "roe": 1.04,
            "roe_4q": 6.0200000000000005,
            "gross_profit": 162627,
            "gross_margin": 5.72,
            "gross_margin_4q_avg": 6.54,
            "net_income": 68861,
            "revenue": 2843491,
            "common_shares": 2365258,
            "book_valuer_per_share": 28.51,
            "book_valuer_per_share_4q_avg": 28.46,
            "equity": 6743176,
            "current_ratio": 160.92,
            "debt_ratio": 45.84,
            "inventory_turnover_ratio": 1.72,
            "account_receivable_turnover_ratio": null,
            "reinvestment_rate": 70.9,
            "research_to_sale_ratio": null,
            "price_fair": 170.2,
            "eps_avg_yearly": 4.86,
            "eps_latest_yearly": 1.2,
            "eps_growth_yearly": 101.34
        },
        "20072": {
            "year_quarter": 20072,
            "year": 2007,
            "quarter": 2,
            "eps": 0.12,
            "eps_growth_year": -57.14,
            "eps_4q": 1.44,
            "eps_4q_growth_year": -65.39,
            "roe": 0.42,
            "roe_4q": 5.53,
            "gross_profit": 154053,
            "gross_margin": 5.32,
            "gross_margin_4q_avg": 6.39,
            "net_income": 29548,
            "revenue": 2897582,
            "common_shares": 2627304,
            "book_valuer_per_share": 28.46,
            "book_valuer_per_share_4q_avg": 28.02,
            "equity": 7477976,
            "current_ratio": 151.49,
            "debt_ratio": 43.78,
            "inventory_turnover_ratio": 2.64,
            "account_receivable_turnover_ratio": null,
            "reinvestment_rate": 72.14,
            "research_to_sale_ratio": null,
            "price_fair": 159.97,
            "eps_avg_yearly": 4.57,
            "eps_latest_yearly": 0.48,
            "eps_growth_yearly": 78.59
        },
        "20073": {
            "year_quarter": 20073,
            "year": 2007,
            "quarter": 3,
            "eps": -0.46,
            "eps_growth_year": -163.01,
            "eps_4q": 0.27,
            "eps_4q_growth_year": -91.27,
            "roe": -1.53,
            "roe_4q": 1.3,
            "gross_profit": 44329,
            "gross_margin": 1.51,
            "gross_margin_4q_avg": 4.97,
            "net_income": -113892,
            "revenue": 2928741,
            "common_shares": 2631699,
            "book_valuer_per_share": 28.02,
            "book_valuer_per_share_4q_avg": 28.22,
            "equity": 7373796,
            "current_ratio": 139.71,
            "debt_ratio": 45.49,
            "inventory_turnover_ratio": 3.14,
            "account_receivable_turnover_ratio": null,
            "reinvestment_rate": 75.9,
            "research_to_sale_ratio": null,
            "price_fair": 159.97,
            "eps_avg_yearly": 4.57,
            "eps_latest_yearly": 0.48,
            "eps_growth_yearly": 78.59
        },
        "20074": {
            "year_quarter": 20074,
            "year": 2007,
            "quarter": 4,
            "eps": -0.66,
            "eps_growth_year": -273.68,
            "eps_4q": -0.71,
            "eps_4q_growth_year": -128.55,
            "roe": -2.38,
            "roe_4q": -2.45,
            "gross_profit": 100927,
            "gross_margin": 3.05,
            "gross_margin_4q_avg": 3.9,
            "net_income": -175932,
            "revenue": 3307033,
            "common_shares": 2788281,
            "book_valuer_per_share": 26.5,
            "book_valuer_per_share_4q_avg": 27.87,
            "equity": 7418054,
            "current_ratio": 119.18,
            "debt_ratio": 58.94,
            "inventory_turnover_ratio": 2.51,
            "account_receivable_turnover_ratio": null,
            "reinvestment_rate": 191.84,
            "research_to_sale_ratio": null,
            "price_fair": 58.11,
            "eps_avg_yearly": 4.53,
            "eps_latest_yearly": 0.48,
            "eps_growth_yearly": 2.82
        },
        "20081": {
            "year_quarter": 20081,
            "year": 2008,
            "quarter": 1,
            "eps": -0.55,
            "eps_growth_year": -283.33,
            "eps_4q": -1.48,
            "eps_4q_growth_year": -189.19,
            "roe": -2.1,
            "roe_4q": -5.590000000000001,
            "gross_profit": 67807,
            "gross_margin": 1.44,
            "gross_margin_4q_avg": 2.83,
            "net_income": -153287,
            "revenue": 4724832,
            "common_shares": 2788281,
            "book_valuer_per_share": 25.68,
            "book_valuer_per_share_4q_avg": 27.17,
            "equity": 7187470,
            "current_ratio": 120.38,
            "debt_ratio": 55.93,
            "inventory_turnover_ratio": 2.74,
            "account_receivable_turnover_ratio": null,
            "reinvestment_rate": 232.68,
            "research_to_sale_ratio": null,
            "price_fair": 94.24,
            "eps_avg_yearly": 4.59,
            "eps_latest_yearly": 0.48,
            "eps_growth_yearly": 10.54
        },
        "20082": {
            "year_quarter": 20082,
            "year": 2008,
            "quarter": 2,
            "eps": -0.25,
            "eps_growth_year": -308.33,
            "eps_4q": -1.84,
            "eps_4q_growth_year": -227.99,
            "roe": -1,
            "roe_4q": -7.010000000000001,
            "gross_profit": 65686,
            "gross_margin": 1.41,
            "gross_margin_4q_avg": 1.85,
            "net_income": -71053,
            "revenue": 4661015,
            "common_shares": 2788281,
            "book_valuer_per_share": 25.34,
            "book_valuer_per_share_4q_avg": 26.39,
            "equity": 7094557,
            "current_ratio": 115.09,
            "debt_ratio": 55.44,
            "inventory_turnover_ratio": 2.93,
            "account_receivable_turnover_ratio": null,
            "reinvestment_rate": 270.11,
            "research_to_sale_ratio": null,
            "price_fair": 13.13,
            "eps_avg_yearly": 4.38,
            "eps_latest_yearly": 0.48,
            "eps_growth_yearly": -17.05
        },
        "20083": {
            "year_quarter": 20083,
            "year": 2008,
            "quarter": 3,
            "eps": 0.01,
            "eps_growth_year": null,
            "eps_4q": -1.16,
            "eps_4q_growth_year": -524.42,
            "roe": -0,
            "roe_4q": -5.48,
            "gross_profit": -66720,
            "gross_margin": -1.7,
            "gross_margin_4q_avg": 1.05,
            "net_income": -91,
            "revenue": 3928856,
            "common_shares": 3391447,
            "book_valuer_per_share": 22.89,
            "book_valuer_per_share_4q_avg": 25.1,
            "equity": 7806589,
            "current_ratio": 122.89,
            "debt_ratio": 50.09,
            "inventory_turnover_ratio": 2.95,
            "account_receivable_turnover_ratio": null,
            "reinvestment_rate": 310.01,
            "research_to_sale_ratio": null,
            "price_fair": 11.83,
            "eps_avg_yearly": 3.94,
            "eps_latest_yearly": 0.48,
            "eps_growth_yearly": -29.02
        },
        "20084": {
            "year_quarter": 20084,
            "year": 2008,
            "quarter": 4,
            "eps": -2.07,
            "eps_growth_year": null,
            "eps_4q": -2.76,
            "eps_4q_growth_year": null,
            "roe": -8.43,
            "roe_4q": -11.53,
            "gross_profit": -35774,
            "gross_margin": -1.09,
            "gross_margin_4q_avg": 0.02,
            "net_income": -632867,
            "revenue": 3267914,
            "common_shares": 3391448,
            "book_valuer_per_share": 21.27,
            "book_valuer_per_share_4q_avg": 23.8,
            "equity": 7212904,
            "current_ratio": 132.9,
            "debt_ratio": 43.74,
            "inventory_turnover_ratio": 3.22,
            "account_receivable_turnover_ratio": 2.04,
            "reinvestment_rate": 545.37,
            "research_to_sale_ratio": null,
            "price_fair": 11.38,
            "eps_avg_yearly": 3.79,
            "eps_latest_yearly": 0.48,
            "eps_growth_yearly": -15.68
        },
        "20091": {
            "year_quarter": 20091,
            "year": 2009,
            "quarter": 1,
            "eps": -0.12,
            "eps_growth_year": null,
            "eps_4q": -2.18,
            "eps_4q_growth_year": null,
            "roe": -0.55,
            "roe_4q": -9.98,
            "gross_profit": 56080,
            "gross_margin": 1.89,
            "gross_margin_4q_avg": 0.13,
            "net_income": -39926,
            "revenue": 2967186,
            "common_shares": 3391448,
            "book_valuer_per_share": 21.47,
            "book_valuer_per_share_4q_avg": 22.74,
            "equity": 7282788,
            "current_ratio": 124.95,
            "debt_ratio": 43.04,
            "inventory_turnover_ratio": 4.12,
            "account_receivable_turnover_ratio": 0.82,
            "reinvestment_rate": 1553.02,
            "research_to_sale_ratio": null,
            "price_fair": 9.99,
            "eps_avg_yearly": 3.33,
            "eps_latest_yearly": 0.48,
            "eps_growth_yearly": -38.01
        },
        "20092": {
            "year_quarter": 20092,
            "year": 2009,
            "quarter": 2,
            "eps": 0.47,
            "eps_growth_year": null,
            "eps_4q": -1.52,
            "eps_4q_growth_year": null,
            "roe": 2.15,
            "roe_4q": -6.83,
            "gross_profit": 545427,
            "gross_margin": 10.29,
            "gross_margin_4q_avg": 2.35,
            "net_income": 157898,
            "revenue": 5299626,
            "common_shares": 3391448,
            "book_valuer_per_share": 21.74,
            "book_valuer_per_share_4q_avg": 21.84,
            "equity": 7374682,
            "current_ratio": 136.82,
            "debt_ratio": 51.53,
            "inventory_turnover_ratio": 6.89,
            "account_receivable_turnover_ratio": 1.02,
            "reinvestment_rate": 1773.36,
            "research_to_sale_ratio": null,
            "price_fair": 8.96,
            "eps_avg_yearly": 2.99,
            "eps_latest_yearly": 0.48,
            "eps_growth_yearly": -30.95
        },
        "20093": {
            "year_quarter": 20093,
            "year": 2009,
            "quarter": 3,
            "eps": 0.86,
            "eps_growth_year": 8500,
            "eps_4q": -0.61,
            "eps_4q_growth_year": null,
            "roe": 3.85,
            "roe_4q": -2.9799999999999995,
            "gross_profit": 626137,
            "gross_margin": 10.5,
            "gross_margin_4q_avg": 5.4,
            "net_income": 301176,
            "revenue": 5961937,
            "common_shares": 4008404,
            "book_valuer_per_share": 20.59,
            "book_valuer_per_share_4q_avg": 21.27,
            "equity": 8254067,
            "current_ratio": 134.51,
            "debt_ratio": 52.65,
            "inventory_turnover_ratio": 6.56,
            "account_receivable_turnover_ratio": 0.82,
            "reinvestment_rate": 1455.15,
            "research_to_sale_ratio": null,
            "price_fair": 46.83,
            "eps_avg_yearly": 2.62,
            "eps_latest_yearly": 3.44,
            "eps_growth_yearly": 7.91
        },
        "20094": {
            "year_quarter": 20094,
            "year": 2009,
            "quarter": 4,
            "eps": 0.71,
            "eps_growth_year": null,
            "eps_4q": 1.63,
            "eps_4q_growth_year": null,
            "roe": 3.03,
            "roe_4q": 8.479999999999999,
            "gross_profit": 560765,
            "gross_margin": 9.81,
            "gross_margin_4q_avg": 8.12,
            "net_income": 258398,
            "revenue": 5715687,
            "common_shares": 4160467,
            "book_valuer_per_share": 21.18,
            "book_valuer_per_share_4q_avg": 21.25,
            "equity": 8811447,
            "current_ratio": 142.82,
            "debt_ratio": 51.7,
            "inventory_turnover_ratio": 5.4,
            "account_receivable_turnover_ratio": 1.35,
            "reinvestment_rate": 1071.84,
            "research_to_sale_ratio": null,
            "price_fair": 43.88,
            "eps_avg_yearly": 2.33,
            "eps_latest_yearly": 2.84,
            "eps_growth_yearly": 8.88
        },
        "20101": {
            "year_quarter": 20101,
            "year": 2010,
            "quarter": 1,
            "eps": 0.49,
            "eps_growth_year": null,
            "eps_4q": 2.19,
            "eps_4q_growth_year": null,
            "roe": 2.28,
            "roe_4q": 11.31,
            "gross_profit": 429498,
            "gross_margin": 7.87,
            "gross_margin_4q_avg": 9.62,
            "net_income": 204065,
            "revenue": 5458221,
            "common_shares": 4213315,
            "book_valuer_per_share": 21.65,
            "book_valuer_per_share_4q_avg": 21.29,
            "equity": 9123793,
            "current_ratio": 148.94,
            "debt_ratio": 50.1,
            "inventory_turnover_ratio": 3.96,
            "account_receivable_turnover_ratio": 0.67,
            "reinvestment_rate": 2181.53,
            "research_to_sale_ratio": 0.73,
            "price_fair": 5.81,
            "eps_avg_yearly": 1.94,
            "eps_latest_yearly": 1.96,
            "eps_growth_yearly": -5.84
        },
        "20102": {
            "year_quarter": 20102,
            "year": 2010,
            "quarter": 2,
            "eps": 0.91,
            "eps_growth_year": 94.45,
            "eps_4q": 2.72,
            "eps_4q_growth_year": null,
            "roe": 4.21,
            "roe_4q": 13.37,
            "gross_profit": 707553,
            "gross_margin": 10.76,
            "gross_margin_4q_avg": 9.74,
            "net_income": 385626,
            "revenue": 6573961,
            "common_shares": 4219477,
            "book_valuer_per_share": 21.79,
            "book_valuer_per_share_4q_avg": 21.3,
            "equity": 9194712,
            "current_ratio": 148.87,
            "debt_ratio": 50.27,
            "inventory_turnover_ratio": 3.71,
            "account_receivable_turnover_ratio": 0.79,
            "reinvestment_rate": 638.5,
            "research_to_sale_ratio": 0.76,
            "price_fair": 78.75,
            "eps_avg_yearly": 2.25,
            "eps_latest_yearly": 3.64,
            "eps_growth_yearly": 75.99
        },
        "20103": {
            "year_quarter": 20103,
            "year": 2010,
            "quarter": 3,
            "eps": 0.72,
            "eps_growth_year": -16.6,
            "eps_4q": 2.27,
            "eps_4q_growth_year": null,
            "roe": 3.45,
            "roe_4q": 12.969999999999999,
            "gross_profit": 730530,
            "gross_margin": 10.77,
            "gross_margin_4q_avg": 9.8,
            "net_income": 391806,
            "revenue": 6785691,
            "common_shares": 5462865,
            "book_valuer_per_share": 24.77,
            "book_valuer_per_share_4q_avg": 22.35,
            "equity": 13531182,
            "current_ratio": 150.69,
            "debt_ratio": 44.23,
            "inventory_turnover_ratio": 3.15,
            "account_receivable_turnover_ratio": 0.69,
            "reinvestment_rate": 654.04,
            "research_to_sale_ratio": 0.79,
            "price_fair": 6.74,
            "eps_avg_yearly": 2.25,
            "eps_latest_yearly": 2.88,
            "eps_growth_yearly": -14.81
        },
        "20104": {
            "year_quarter": 20104,
            "year": 2010,
            "quarter": 4,
            "eps": 0.09,
            "eps_growth_year": -87.84,
            "eps_4q": 1.88,
            "eps_4q_growth_year": 15.56,
            "roe": 0.34,
            "roe_4q": 10.28,
            "gross_profit": 460842,
            "gross_margin": 7.37,
            "gross_margin_4q_avg": 9.19,
            "net_income": 45258,
            "revenue": 6253646,
            "common_shares": 5465926,
            "book_valuer_per_share": 24.13,
            "book_valuer_per_share_4q_avg": 23.09,
            "equity": 13257906,
            "current_ratio": 151.4,
            "debt_ratio": 41.42,
            "inventory_turnover_ratio": 2.69,
            "account_receivable_turnover_ratio": 0.68,
            "reinvestment_rate": 463.62,
            "research_to_sale_ratio": 1.37,
            "price_fair": 6.3,
            "eps_avg_yearly": 2.1,
            "eps_latest_yearly": 0.36,
            "eps_growth_yearly": -34.58
        },
        "20111": {
            "year_quarter": 20111,
            "year": 2011,
            "quarter": 1,
            "eps": 0.18,
            "eps_growth_year": -63.27,
            "eps_4q": 1.68,
            "eps_4q_growth_year": -23.1,
            "roe": 0.69,
            "roe_4q": 8.690000000000001,
            "gross_profit": 424256,
            "gross_margin": 6.53,
            "gross_margin_4q_avg": 8.86,
            "net_income": 90460,
            "revenue": 6497799,
            "common_shares": 5470796,
            "book_valuer_per_share": 23.73,
            "book_valuer_per_share_4q_avg": 23.61,
            "equity": 13048352,
            "current_ratio": 148.36,
            "debt_ratio": 43.3,
            "inventory_turnover_ratio": 2.78,
            "account_receivable_turnover_ratio": 0.89,
            "reinvestment_rate": 657.77,
            "research_to_sale_ratio": 1.34,
            "price_fair": 71.4,
            "eps_avg_yearly": 2.04,
            "eps_latest_yearly": 0.72,
            "eps_growth_yearly": 25.94
        },
        "20112": {
            "year_quarter": 20112,
            "year": 2011,
            "quarter": 2,
            "eps": 0.15,
            "eps_growth_year": -83.63,
            "eps_4q": 1.22,
            "eps_4q_growth_year": -55.08,
            "roe": 0.61,
            "roe_4q": 5.09,
            "gross_profit": 438803,
            "gross_margin": 7.26,
            "gross_margin_4q_avg": 7.98,
            "net_income": 74599,
            "revenue": 6046280,
            "common_shares": 4977250,
            "book_valuer_per_share": 22.63,
            "book_valuer_per_share_4q_avg": 23.82,
            "equity": 11330477,
            "current_ratio": 132.6,
            "debt_ratio": 49.1,
            "inventory_turnover_ratio": 2.47,
            "account_receivable_turnover_ratio": 0.88,
            "reinvestment_rate": 620.66,
            "research_to_sale_ratio": 1.34,
            "price_fair": 71.93,
            "eps_avg_yearly": 2.06,
            "eps_latest_yearly": 0.6,
            "eps_growth_yearly": 47.61
        },
        "20113": {
            "year_quarter": 20113,
            "year": 2011,
            "quarter": 3,
            "eps": 0.24,
            "eps_growth_year": -65.92,
            "eps_4q": 0.68,
            "eps_4q_growth_year": -70,
            "roe": 1.08,
            "roe_4q": 2.7199999999999998,
            "gross_profit": 309992,
            "gross_margin": 4.99,
            "gross_margin_4q_avg": 6.54,
            "net_income": 124275,
            "revenue": 6217358,
            "common_shares": 4977485,
            "book_valuer_per_share": 23.18,
            "book_valuer_per_share_4q_avg": 23.42,
            "equity": 11609104,
            "current_ratio": 128.39,
            "debt_ratio": 48.55,
            "inventory_turnover_ratio": 2.67,
            "account_receivable_turnover_ratio": 0.91,
            "reinvestment_rate": 527.3,
            "research_to_sale_ratio": 1.46,
            "price_fair": 67.67,
            "eps_avg_yearly": 1.93,
            "eps_latest_yearly": 0.96,
            "eps_growth_yearly": 68.99
        },
        "20114": {
            "year_quarter": 20114,
            "year": 2011,
            "quarter": 4,
            "eps": 0.14,
            "eps_growth_year": 60.49,
            "eps_4q": 0.75,
            "eps_4q_growth_year": -59.93,
            "roe": 0.57,
            "roe_4q": 2.9499999999999997,
            "gross_profit": 304195,
            "gross_margin": 5.27,
            "gross_margin_4q_avg": 6.01,
            "net_income": 66199,
            "revenue": 5774006,
            "common_shares": 4739323,
            "book_valuer_per_share": 24.39,
            "book_valuer_per_share_4q_avg": 23.48,
            "equity": 11631710,
            "current_ratio": 130.66,
            "debt_ratio": 46.19,
            "inventory_turnover_ratio": 2.68,
            "account_receivable_turnover_ratio": 0.84,
            "reinvestment_rate": 220.52,
            "research_to_sale_ratio": 1.74,
            "price_fair": 62.86,
            "eps_avg_yearly": 1.8,
            "eps_latest_yearly": 0.56,
            "eps_growth_yearly": 45.42
        },
        "20121": {
            "year_quarter": 20121,
            "year": 2012,
            "quarter": 1,
            "eps": -0.03,
            "eps_growth_year": -116.67,
            "eps_4q": 0.52,
            "eps_4q_growth_year": -69.08,
            "roe": -0.11,
            "roe_4q": 2.15,
            "gross_profit": 276408,
            "gross_margin": 4.98,
            "gross_margin_4q_avg": 5.63,
            "net_income": -13239,
            "revenue": 5550387,
            "common_shares": 4744693,
            "book_valuer_per_share": 24.02,
            "book_valuer_per_share_4q_avg": 23.56,
            "equity": 11471392,
            "current_ratio": 135.15,
            "debt_ratio": 44.24,
            "inventory_turnover_ratio": 2.97,
            "account_receivable_turnover_ratio": 0.88,
            "reinvestment_rate": 186.34,
            "research_to_sale_ratio": 1.8,
            "price_fair": 62.86,
            "eps_avg_yearly": 1.8,
            "eps_latest_yearly": 0.56,
            "eps_growth_yearly": 45.42
        },
        "20122": {
            "year_quarter": 20122,
            "year": 2012,
            "quarter": 2,
            "eps": 0.07,
            "eps_growth_year": -51.43,
            "eps_4q": 0.43,
            "eps_4q_growth_year": -64.84,
            "roe": 0.34,
            "roe_4q": 1.8800000000000001,
            "gross_profit": 289696,
            "gross_margin": 5.28,
            "gross_margin_4q_avg": 5.13,
            "net_income": 39299,
            "revenue": 5481518,
            "common_shares": 4817476,
            "book_valuer_per_share": 23.46,
            "book_valuer_per_share_4q_avg": 23.76,
            "equity": 11381226,
            "current_ratio": 137.27,
            "debt_ratio": 42.81,
            "inventory_turnover_ratio": 3.03,
            "account_receivable_turnover_ratio": 0.9,
            "reinvestment_rate": 159.41,
            "research_to_sale_ratio": 1.7,
            "price_fair": 62.86,
            "eps_avg_yearly": 1.8,
            "eps_latest_yearly": 0.56,
            "eps_growth_yearly": 45.42
        },
        "20123": {
            "year_quarter": 20123,
            "year": 2012,
            "quarter": 3,
            "eps": 0.21,
            "eps_growth_year": -12.74,
            "eps_4q": 0.39,
            "eps_4q_growth_year": -42.57,
            "roe": 0.92,
            "roe_4q": 1.7199999999999998,
            "gross_profit": 386327,
            "gross_margin": 6.89,
            "gross_margin_4q_avg": 5.61,
            "net_income": 104545,
            "revenue": 5607065,
            "common_shares": 4817476,
            "book_valuer_per_share": 23.39,
            "book_valuer_per_share_4q_avg": 23.82,
            "equity": 11345009,
            "current_ratio": 141.79,
            "debt_ratio": 40.71,
            "inventory_turnover_ratio": 3.23,
            "account_receivable_turnover_ratio": 0.93,
            "reinvestment_rate": 138.53,
            "research_to_sale_ratio": 1.68,
            "price_fair": 59.82,
            "eps_avg_yearly": 1.71,
            "eps_latest_yearly": 0.84,
            "eps_growth_yearly": 114.02
        },
        "20124": {
            "year_quarter": 20124,
            "year": 2012,
            "quarter": 4,
            "eps": -0.04,
            "eps_growth_year": -126.73,
            "eps_4q": 0.23,
            "eps_4q_growth_year": -69.25,
            "roe": -0.16,
            "roe_4q": 0.9900000000000001,
            "gross_profit": 251503,
            "gross_margin": 5.54,
            "gross_margin_4q_avg": 5.67,
            "net_income": -17707,
            "revenue": 4538953,
            "common_shares": 4818076,
            "book_valuer_per_share": 23.8,
            "book_valuer_per_share_4q_avg": 23.67,
            "equity": 10938417,
            "current_ratio": 145.73,
            "debt_ratio": 37.31,
            "inventory_turnover_ratio": 3.37,
            "account_receivable_turnover_ratio": 0.87,
            "reinvestment_rate": 111.97,
            "research_to_sale_ratio": 2.02,
            "price_fair": 59.82,
            "eps_avg_yearly": 1.71,
            "eps_latest_yearly": 0.84,
            "eps_growth_yearly": 114.02
        },
        "20131": {
            "year_quarter": 20131,
            "year": 2013,
            "quarter": 1,
            "eps": -0.32,
            "eps_growth_year": null,
            "eps_4q": -0.06,
            "eps_4q_growth_year": -111.53,
            "roe": -1.36,
            "roe_4q": -0.25999999999999995,
            "gross_profit": 95783,
            "gross_margin": 2.41,
            "gross_margin_4q_avg": 5.03,
            "net_income": -149126,
            "revenue": 3967990,
            "common_shares": 4563539,
            "book_valuer_per_share": 23.86,
            "book_valuer_per_share_4q_avg": 23.63,
            "equity": 10965352,
            "current_ratio": 146.93,
            "debt_ratio": 35.64,
            "inventory_turnover_ratio": 3.48,
            "account_receivable_turnover_ratio": 0.9,
            "reinvestment_rate": 127.22,
            "research_to_sale_ratio": 2.24,
            "price_fair": 59.82,
            "eps_avg_yearly": 1.71,
            "eps_latest_yearly": 0.84,
            "eps_growth_yearly": 114.02
        },
        "20132": {
            "year_quarter": 20132,
            "year": 2013,
            "quarter": 2,
            "eps": -0.16,
            "eps_growth_year": -320.13,
            "eps_4q": -0.29,
            "eps_4q_growth_year": -167.89,
            "roe": -0.69,
            "roe_4q": -1.29,
            "gross_profit": 147835,
            "gross_margin": 3.33,
            "gross_margin_4q_avg": 4.54,
            "net_income": -75736,
            "revenue": 4439914,
            "common_shares": 4563539,
            "book_valuer_per_share": 23.79,
            "book_valuer_per_share_4q_avg": 23.71,
            "equity": 10930373,
            "current_ratio": 149.79,
            "debt_ratio": 36.74,
            "inventory_turnover_ratio": 3.98,
            "account_receivable_turnover_ratio": 1.02,
            "reinvestment_rate": 149.07,
            "research_to_sale_ratio": 2.28,
            "price_fair": 59.82,
            "eps_avg_yearly": 1.71,
            "eps_latest_yearly": 0.84,
            "eps_growth_yearly": 114.02
        },
        "20133": {
            "year_quarter": 20133,
            "year": 2013,
            "quarter": 3,
            "eps": -0.37,
            "eps_growth_year": -273.47,
            "eps_4q": -0.88,
            "eps_4q_growth_year": -325.88,
            "roe": -1.55,
            "roe_4q": -3.7600000000000007,
            "gross_profit": 88428,
            "gross_margin": 2.01,
            "gross_margin_4q_avg": 3.32,
            "net_income": -167896,
            "revenue": 4408798,
            "common_shares": 4563539,
            "book_valuer_per_share": 23.3,
            "book_valuer_per_share_4q_avg": 23.69,
            "equity": 10704714,
            "current_ratio": 148.13,
            "debt_ratio": 38.14,
            "inventory_turnover_ratio": 3.95,
            "account_receivable_turnover_ratio": 0.97,
            "reinvestment_rate": 194.59,
            "research_to_sale_ratio": 2.08,
            "price_fair": 53.76,
            "eps_avg_yearly": 1.54,
            "eps_latest_yearly": 0.84,
            "eps_growth_yearly": 92.23
        },
        "20134": {
            "year_quarter": 20134,
            "year": 2013,
            "quarter": 4,
            "eps": -1.04,
            "eps_growth_year": null,
            "eps_4q": -1.89,
            "eps_4q_growth_year": -914.1,
            "roe": -4.52,
            "roe_4q": -8.12,
            "gross_profit": -31709,
            "gross_margin": -0.77,
            "gross_margin_4q_avg": 1.75,
            "net_income": -475350,
            "revenue": 4094001,
            "common_shares": 4563539,
            "book_valuer_per_share": 22.49,
            "book_valuer_per_share_4q_avg": 23.36,
            "equity": 10338309,
            "current_ratio": 160.09,
            "debt_ratio": 35.64,
            "inventory_turnover_ratio": 4.06,
            "account_receivable_turnover_ratio": 0.91,
            "reinvestment_rate": 234.75,
            "research_to_sale_ratio": 2.17,
            "price_fair": 48.69,
            "eps_avg_yearly": 1.39,
            "eps_latest_yearly": 0.84,
            "eps_growth_yearly": 110.23
        },
        "20141": {
            "year_quarter": 20141,
            "year": 2014,
            "quarter": 1,
            "eps": -0.26,
            "eps_growth_year": null,
            "eps_4q": -1.82,
            "eps_4q_growth_year": null,
            "roe": -1.15,
            "roe_4q": -7.91,
            "gross_profit": 145137,
            "gross_margin": 3.7,
            "gross_margin_4q_avg": 2.07,
            "net_income": -119036,
            "revenue": 3922345,
            "common_shares": 4563539,
            "book_valuer_per_share": 22.43,
            "book_valuer_per_share_4q_avg": 23,
            "equity": 10312286,
            "current_ratio": 165.79,
            "debt_ratio": 34.98,
            "inventory_turnover_ratio": 4.2,
            "account_receivable_turnover_ratio": 0.93,
            "reinvestment_rate": 449.94,
            "research_to_sale_ratio": 2.23,
            "price_fair": 46.2,
            "eps_avg_yearly": 1.32,
            "eps_latest_yearly": 0.84,
            "eps_growth_yearly": 139.5
        },
        "20142": {
            "year_quarter": 20142,
            "year": 2014,
            "quarter": 2,
            "eps": -0.31,
            "eps_growth_year": null,
            "eps_4q": -1.97,
            "eps_4q_growth_year": null,
            "roe": -1.36,
            "roe_4q": -8.58,
            "gross_profit": -774,
            "gross_margin": -0.02,
            "gross_margin_4q_avg": 1.23,
            "net_income": -138081,
            "revenue": 4077972,
            "common_shares": 4563539,
            "book_valuer_per_share": 21.77,
            "book_valuer_per_share_4q_avg": 22.5,
            "equity": 9934931,
            "current_ratio": 166.29,
            "debt_ratio": 34.89,
            "inventory_turnover_ratio": 4.57,
            "account_receivable_turnover_ratio": 1.04,
            "reinvestment_rate": null,
            "research_to_sale_ratio": 1.93,
            "price_fair": 34.6,
            "eps_avg_yearly": 0.99,
            "eps_latest_yearly": 0.84,
            "eps_growth_yearly": 110.45
        },
        "20143": {
            "year_quarter": 20143,
            "year": 2014,
            "quarter": 3,
            "eps": -0.82,
            "eps_growth_year": null,
            "eps_4q": -2.43,
            "eps_4q_growth_year": null,
            "roe": -3.82,
            "roe_4q": -10.85,
            "gross_profit": -171623,
            "gross_margin": -4.91,
            "gross_margin_4q_avg": -0.5,
            "net_income": -376112,
            "revenue": 3497516,
            "common_shares": 4563539,
            "book_valuer_per_share": 21.33,
            "book_valuer_per_share_4q_avg": 22.01,
            "equity": 9732568,
            "current_ratio": 164.59,
            "debt_ratio": 35.75,
            "inventory_turnover_ratio": 4.28,
            "account_receivable_turnover_ratio": 0.93,
            "reinvestment_rate": null,
            "research_to_sale_ratio": 2.1,
            "price_fair": 23.57,
            "eps_avg_yearly": 0.67,
            "eps_latest_yearly": 0.84,
            "eps_growth_yearly": 142.78
        },
        "20144": {
            "year_quarter": 20144,
            "year": 2014,
            "quarter": 4,
            "eps": 2.55,
            "eps_growth_year": null,
            "eps_4q": 1.71,
            "eps_4q_growth_year": null,
            "roe": 15.46,
            "roe_4q": 9.13,
            "gross_profit": 1730529,
            "gross_margin": 5.35,
            "gross_margin_4q_avg": 1.03,
            "net_income": 1923419,
            "revenue": 32319820,
            "common_shares": 7812451,
            "book_valuer_per_share": 20.07,
            "book_valuer_per_share_4q_avg": 21.4,
            "equity": 15146231,
            "current_ratio": 134.88,
            "debt_ratio": 60.05,
            "inventory_turnover_ratio": 18.13,
            "account_receivable_turnover_ratio": 3.73,
            "reinvestment_rate": 390.35,
            "research_to_sale_ratio": 1.04,
            "price_fair": 25.76,
            "eps_avg_yearly": 0.74,
            "eps_latest_yearly": 0.84,
            "eps_growth_yearly": 241.33
        },
        "20151": {
            "year_quarter": 20151,
            "year": 2015,
            "quarter": 1,
            "eps": 0.2,
            "eps_growth_year": null,
            "eps_4q": 2.08,
            "eps_4q_growth_year": null,
            "roe": 0.99,
            "roe_4q": 11.27,
            "gross_profit": 665398,
            "gross_margin": 6.06,
            "gross_margin_4q_avg": 1.62,
            "net_income": 149802,
            "revenue": 10985899,
            "common_shares": 7499671,
            "book_valuer_per_share": 20.11,
            "book_valuer_per_share_4q_avg": 20.82,
            "equity": 15082178,
            "current_ratio": 143.61,
            "debt_ratio": 55.87,
            "inventory_turnover_ratio": 3.9,
            "account_receivable_turnover_ratio": 0.92,
            "reinvestment_rate": 311.76,
            "research_to_sale_ratio": 1.24,
            "price_fair": 26.32,
            "eps_avg_yearly": 0.75,
            "eps_latest_yearly": 0.8,
            "eps_growth_yearly": 87.61
        },
        "20152": {
            "year_quarter": 20152,
            "year": 2015,
            "quarter": 2,
            "eps": -0.19,
            "eps_growth_year": null,
            "eps_4q": 2.07,
            "eps_4q_growth_year": null,
            "roe": -0.99,
            "roe_4q": 11.64,
            "gross_profit": 200684,
            "gross_margin": 2.12,
            "gross_margin_4q_avg": 2.16,
            "net_income": -144823,
            "revenue": 9449290,
            "common_shares": 7499671,
            "book_valuer_per_share": 18.94,
            "book_valuer_per_share_4q_avg": 20.11,
            "equity": 14202441,
            "current_ratio": 148.85,
            "debt_ratio": 54.03,
            "inventory_turnover_ratio": 3.42,
            "account_receivable_turnover_ratio": 1.02,
            "reinvestment_rate": 336.1,
            "research_to_sale_ratio": 0.86,
            "price_fair": 27.65,
            "eps_avg_yearly": 0.79,
            "eps_latest_yearly": 0.8,
            "eps_growth_yearly": 126.18
        },
        "20153": {
            "year_quarter": 20153,
            "year": 2015,
            "quarter": 3,
            "eps": -0.23,
            "eps_growth_year": null,
            "eps_4q": 2.39,
            "eps_4q_growth_year": null,
            "roe": -1.21,
            "roe_4q": 14.25,
            "gross_profit": 336283,
            "gross_margin": 3.27,
            "gross_margin_4q_avg": 4.2,
            "net_income": -173236,
            "revenue": 10280525,
            "common_shares": 7499671,
            "book_valuer_per_share": 19.52,
            "book_valuer_per_share_4q_avg": 19.66,
            "equity": 14379150,
            "current_ratio": 144.46,
            "debt_ratio": 58.43,
            "inventory_turnover_ratio": 2.9,
            "account_receivable_turnover_ratio": 1.15,
            "reinvestment_rate": 479.59,
            "research_to_sale_ratio": 1.24,
            "price_fair": 25.67,
            "eps_avg_yearly": 0.73,
            "eps_latest_yearly": 0.8,
            "eps_growth_yearly": 88.24
        },
        "20154": {
            "year_quarter": 20154,
            "year": 2015,
            "quarter": 4,
            "eps": -0.35,
            "eps_growth_year": -113.69,
            "eps_4q": -0.58,
            "eps_4q_growth_year": -133.81,
            "roe": -1.82,
            "roe_4q": -3.0300000000000002,
            "gross_profit": 457318,
            "gross_margin": 4.37,
            "gross_margin_4q_avg": 3.96,
            "net_income": -256992,
            "revenue": 10456427,
            "common_shares": 7358061,
            "book_valuer_per_share": 18.77,
            "book_valuer_per_share_4q_avg": 19.34,
            "equity": 13814596,
            "current_ratio": 156.95,
            "debt_ratio": 53.05,
            "inventory_turnover_ratio": 3.02,
            "account_receivable_turnover_ratio": 1.15,
            "reinvestment_rate": 1149.32,
            "research_to_sale_ratio": 0.97,
            "price_fair": 28.7,
            "eps_avg_yearly": 0.82,
            "eps_latest_yearly": 0.8,
            "eps_growth_yearly": 215.69
        },
        "20161": {
            "year_quarter": 20161,
            "year": 2016,
            "quarter": 1,
            "eps": -0.1,
            "eps_growth_year": -150,
            "eps_4q": -0.91,
            "eps_4q_growth_year": -143.56,
            "roe": -0.55,
            "roe_4q": -4.57,
            "gross_profit": 399979,
            "gross_margin": 5.33,
            "gross_margin_4q_avg": 3.77,
            "net_income": -74061,
            "revenue": 7510381,
            "common_shares": 7358061,
            "book_valuer_per_share": 18.62,
            "book_valuer_per_share_4q_avg": 18.96,
            "equity": 13347126,
            "current_ratio": 164.88,
            "debt_ratio": 50.97,
            "inventory_turnover_ratio": 2.78,
            "account_receivable_turnover_ratio": 1,
            "reinvestment_rate": 2004.25,
            "research_to_sale_ratio": 1.6,
            "price_fair": 28.7,
            "eps_avg_yearly": 0.82,
            "eps_latest_yearly": 0.8,
            "eps_growth_yearly": 215.69
        },
        "20162": {
            "year_quarter": 20162,
            "year": 2016,
            "quarter": 2,
            "eps": 0.12,
            "eps_growth_year": null,
            "eps_4q": -0.6,
            "eps_4q_growth_year": -128.83,
            "roe": 0.68,
            "roe_4q": -2.9,
            "gross_profit": 480393,
            "gross_margin": 5.51,
            "gross_margin_4q_avg": 4.62,
            "net_income": 88417,
            "revenue": 8714457,
            "common_shares": 7005161,
            "book_valuer_per_share": 18.19,
            "book_valuer_per_share_4q_avg": 18.78,
            "equity": 12662970,
            "current_ratio": 165.68,
            "debt_ratio": 52.24,
            "inventory_turnover_ratio": 3.51,
            "account_receivable_turnover_ratio": 1.33,
            "reinvestment_rate": 588.7,
            "research_to_sale_ratio": 1.16,
            "price_fair": 28.7,
            "eps_avg_yearly": 0.82,
            "eps_latest_yearly": 0.8,
            "eps_growth_yearly": 215.69
        },
        "20163": {
            "year_quarter": 20163,
            "year": 2016,
            "quarter": 3,
            "eps": 0.19,
            "eps_growth_year": null,
            "eps_4q": -0.17,
            "eps_4q_growth_year": -107.07,
            "roe": 1.06,
            "roe_4q": -0.6299999999999999,
            "gross_profit": 496635,
            "gross_margin": 5.89,
            "gross_margin_4q_avg": 5.28,
            "net_income": 130423,
            "revenue": 8434094,
            "common_shares": 7005161,
            "book_valuer_per_share": 18.09,
            "book_valuer_per_share_4q_avg": 18.42,
            "equity": 12040562,
            "current_ratio": 165.3,
            "debt_ratio": 54.27,
            "inventory_turnover_ratio": 4.05,
            "account_receivable_turnover_ratio": 1.21,
            "reinvestment_rate": 254.62,
            "research_to_sale_ratio": 1.05,
            "price_fair": 2.34,
            "eps_avg_yearly": 0.78,
            "eps_latest_yearly": 0.76,
            "eps_growth_yearly": -67.65
        },
        "20164": {
            "year_quarter": 20164,
            "year": 2016,
            "quarter": 4,
            "eps": 0.15,
            "eps_growth_year": null,
            "eps_4q": 0.37,
            "eps_4q_growth_year": null,
            "roe": 0.83,
            "roe_4q": 2.0200000000000005,
            "gross_profit": 722297,
            "gross_margin": 8.77,
            "gross_margin_4q_avg": 6.38,
            "net_income": 99384,
            "revenue": 8231864,
            "common_shares": 6655551,
            "book_valuer_per_share": 18.02,
            "book_valuer_per_share_4q_avg": 18.23,
            "equity": 11996189,
            "current_ratio": 164.06,
            "debt_ratio": 54.58,
            "inventory_turnover_ratio": 3.75,
            "account_receivable_turnover_ratio": 1.14,
            "reinvestment_rate": 58.2,
            "research_to_sale_ratio": 1.09,
            "price_fair": 2.16,
            "eps_avg_yearly": 0.72,
            "eps_latest_yearly": 0.6,
            "eps_growth_yearly": -73.17
        },
        "20171": {
            "year_quarter": 20171,
            "year": 2017,
            "quarter": 1,
            "eps": 0.21,
            "eps_growth_year": null,
            "eps_4q": 0.68,
            "eps_4q_growth_year": null,
            "roe": 1.16,
            "roe_4q": 3.73,
            "gross_profit": 531737,
            "gross_margin": 6.58,
            "gross_margin_4q_avg": 6.69,
            "net_income": 136942,
            "revenue": 8076251,
            "common_shares": 6655551,
            "book_valuer_per_share": 17.4,
            "book_valuer_per_share_4q_avg": 17.93,
            "equity": 11579074,
            "current_ratio": 161.81,
            "debt_ratio": 54.89,
            "inventory_turnover_ratio": 3.72,
            "account_receivable_turnover_ratio": 1.14,
            "reinvestment_rate": -48.01,
            "research_to_sale_ratio": 1.35,
            "price_fair": 2.25,
            "eps_avg_yearly": 0.75,
            "eps_latest_yearly": 0.84,
            "eps_growth_yearly": -14.88
        },
        "20172": {
            "year_quarter": 20172,
            "year": 2017,
            "quarter": 2,
            "eps": 0.12,
            "eps_growth_year": 0,
            "eps_4q": 0.67,
            "eps_4q_growth_year": null,
            "roe": 0.67,
            "roe_4q": 3.72,
            "gross_profit": 464545,
            "gross_margin": 7.57,
            "gross_margin_4q_avg": 7.2,
            "net_income": 77860,
            "revenue": 6137315,
            "common_shares": 6655551,
            "book_valuer_per_share": 17.48,
            "book_valuer_per_share_4q_avg": 17.75,
            "equity": 11636605,
            "current_ratio": 180.27,
            "debt_ratio": 52.45,
            "inventory_turnover_ratio": 2.78,
            "account_receivable_turnover_ratio": 0.98,
            "reinvestment_rate": 97.72,
            "research_to_sale_ratio": 1.4,
            "price_fair": 2.09,
            "eps_avg_yearly": 0.7,
            "eps_latest_yearly": 0.48,
            "eps_growth_yearly": -46.19
        },
        "20173": {
            "year_quarter": 20173,
            "year": 2017,
            "quarter": 3,
            "eps": 0.18,
            "eps_growth_year": -5.26,
            "eps_4q": 0.65,
            "eps_4q_growth_year": null,
            "roe": 1.02,
            "roe_4q": 3.6799999999999997,
            "gross_profit": 566947,
            "gross_margin": 7.4,
            "gross_margin_4q_avg": 7.58,
            "net_income": 120341,
            "revenue": 7659321,
            "common_shares": 6655551,
            "book_valuer_per_share": 17.98,
            "book_valuer_per_share_4q_avg": 17.72,
            "equity": 11966577,
            "current_ratio": 173.54,
            "debt_ratio": 52.91,
            "inventory_turnover_ratio": 3.37,
            "account_receivable_turnover_ratio": 1.24,
            "reinvestment_rate": 92.19,
            "research_to_sale_ratio": 1.33,
            "price_fair": 2.1,
            "eps_avg_yearly": 0.7,
            "eps_latest_yearly": 0.72,
            "eps_growth_yearly": -5.16
        },
        "20174": {
            "year_quarter": 20174,
            "year": 2017,
            "quarter": 4,
            "eps": 0.08,
            "eps_growth_year": -49.56,
            "eps_4q": 0.58,
            "eps_4q_growth_year": 57.8,
            "roe": 0.42,
            "roe_4q": 3.2699999999999996,
            "gross_profit": 387369,
            "gross_margin": 6.4,
            "gross_margin_4q_avg": 6.99,
            "net_income": 50134,
            "revenue": 6054988,
            "common_shares": 6655551,
            "book_valuer_per_share": 18.05,
            "book_valuer_per_share_4q_avg": 17.73,
            "equity": 12015127,
            "current_ratio": 190.69,
            "debt_ratio": 49.2,
            "inventory_turnover_ratio": 3.06,
            "account_receivable_turnover_ratio": 1.02,
            "reinvestment_rate": 70.01,
            "research_to_sale_ratio": 1.89,
            "price_fair": 1.94,
            "eps_avg_yearly": 0.65,
            "eps_latest_yearly": 0.32,
            "eps_growth_yearly": -36.17
        },
        "20181": {
            "year_quarter": 20181,
            "year": 2018,
            "quarter": 1,
            "eps": 0.2,
            "eps_growth_year": -4.76,
            "eps_4q": 0.57,
            "eps_4q_growth_year": -16.26,
            "roe": 1.09,
            "roe_4q": 3.2,
            "gross_profit": 179288,
            "gross_margin": 3.8,
            "gross_margin_4q_avg": 6.29,
            "net_income": 132827,
            "revenue": 4711893,
            "common_shares": 6655551,
            "book_valuer_per_share": 18.48,
            "book_valuer_per_share_4q_avg": 18,
            "equity": 12298801,
            "current_ratio": 200.28,
            "debt_ratio": 47.72,
            "inventory_turnover_ratio": 2.82,
            "account_receivable_turnover_ratio": 1,
            "reinvestment_rate": 85.6,
            "research_to_sale_ratio": 2.65,
            "price_fair": 23.28,
            "eps_avg_yearly": 0.67,
            "eps_latest_yearly": 0.8,
            "eps_growth_yearly": 43.36
        },
        "20182": {
            "year_quarter": 20182,
            "year": 2018,
            "quarter": 2,
            "eps": 0.13,
            "eps_growth_year": 8.33,
            "eps_4q": 0.58,
            "eps_4q_growth_year": -12.97,
            "roe": 0.69,
            "roe_4q": 3.22,
            "gross_profit": 350844,
            "gross_margin": 6.58,
            "gross_margin_4q_avg": 6.05,
            "net_income": 83631,
            "revenue": 5332676,
            "common_shares": 6655551,
            "book_valuer_per_share": 18.08,
            "book_valuer_per_share_4q_avg": 18.15,
            "equity": 12034386,
            "current_ratio": 181.47,
            "debt_ratio": 50.16,
            "inventory_turnover_ratio": 3.1,
            "account_receivable_turnover_ratio": 1.07,
            "reinvestment_rate": 109.06,
            "research_to_sale_ratio": 2.16,
            "price_fair": 21.4,
            "eps_avg_yearly": 0.65,
            "eps_latest_yearly": 0.52,
            "eps_growth_yearly": 22.98
        },
        "20183": {
            "year_quarter": 20183,
            "year": 2018,
            "quarter": 3,
            "eps": 0.27,
            "eps_growth_year": 50,
            "eps_4q": 0.67,
            "eps_4q_growth_year": 1.98,
            "roe": 1.48,
            "roe_4q": 3.6799999999999997,
            "gross_profit": 522809,
            "gross_margin": 8.39,
            "gross_margin_4q_avg": 6.29,
            "net_income": 176555,
            "revenue": 6230503,
            "common_shares": 6655551,
            "book_valuer_per_share": 17.72,
            "book_valuer_per_share_4q_avg": 18.08,
            "equity": 11791901,
            "current_ratio": 174.21,
            "debt_ratio": 52.2,
            "inventory_turnover_ratio": 3.17,
            "account_receivable_turnover_ratio": 1.04,
            "reinvestment_rate": 82.56,
            "research_to_sale_ratio": 1.98,
            "price_fair": 24.22,
            "eps_avg_yearly": 0.69,
            "eps_latest_yearly": 1.08,
            "eps_growth_yearly": 63.76
        },
        "20184": {
            "year_quarter": 20184,
            "year": 2018,
            "quarter": 4,
            "eps": -0.11,
            "eps_growth_year": -241.85,
            "eps_4q": 0.48,
            "eps_4q_growth_year": -16.45,
            "roe": -0.6,
            "roe_4q": 2.66,
            "gross_profit": 192873,
            "gross_margin": 3.79,
            "gross_margin_4q_avg": 5.64,
            "net_income": -71115,
            "revenue": 5087098,
            "common_shares": 6655551,
            "book_valuer_per_share": 17.72,
            "book_valuer_per_share_4q_avg": 18,
            "equity": 11794849,
            "current_ratio": 182.97,
            "debt_ratio": 50.03,
            "inventory_turnover_ratio": 2.6,
            "account_receivable_turnover_ratio": 0.89,
            "reinvestment_rate": -442.79,
            "research_to_sale_ratio": 1.48,
            "price_fair": 24.22,
            "eps_avg_yearly": 0.69,
            "eps_latest_yearly": 1.08,
            "eps_growth_yearly": 63.76
        },
        "20191": {
            "year_quarter": 20191,
            "year": 2019,
            "quarter": 1,
            "eps": -0.25,
            "eps_growth_year": -225,
            "eps_4q": 0.03,
            "eps_4q_growth_year": -94.15,
            "roe": -1.41,
            "roe_4q": 0.16000000000000014,
            "gross_profit": 91154,
            "gross_margin": 2.12,
            "gross_margin_4q_avg": 5.22,
            "net_income": -166766,
            "revenue": 4292473,
            "common_shares": 6655551,
            "book_valuer_per_share": 17.78,
            "book_valuer_per_share_4q_avg": 17.83,
            "equity": 11831839,
            "current_ratio": 200.01,
            "debt_ratio": 47.75,
            "inventory_turnover_ratio": 2.59,
            "account_receivable_turnover_ratio": 0.92,
            "reinvestment_rate": -929.96,
            "research_to_sale_ratio": 1.88,
            "price_fair": 23.8,
            "eps_avg_yearly": 0.68,
            "eps_latest_yearly": 1.08,
            "eps_growth_yearly": 111.8
        },
        "20192": {
            "year_quarter": 20192,
            "year": 2019,
            "quarter": 2,
            "eps": 0.13,
            "eps_growth_year": 0,
            "eps_4q": 0.04,
            "eps_4q_growth_year": -93.49,
            "roe": 0.74,
            "roe_4q": 0.20999999999999996,
            "gross_profit": 367567,
            "gross_margin": 8.87,
            "gross_margin_4q_avg": 5.79,
            "net_income": 86520,
            "revenue": 4146201,
            "common_shares": 6655551,
            "book_valuer_per_share": 17.39,
            "book_valuer_per_share_4q_avg": 17.65,
            "equity": 11573384,
            "current_ratio": 200.11,
            "debt_ratio": 47.71,
            "inventory_turnover_ratio": 2.38,
            "account_receivable_turnover_ratio": 0.99,
            "reinvestment_rate": -336.54,
            "research_to_sale_ratio": 1.78,
            "price_fair": 23.8,
            "eps_avg_yearly": 0.68,
            "eps_latest_yearly": 1.08,
            "eps_growth_yearly": 111.8
        },
        "20193": {
            "year_quarter": 20193,
            "year": 2019,
            "quarter": 3,
            "eps": 0.09,
            "eps_growth_year": -66.67,
            "eps_4q": -0.14,
            "eps_4q_growth_year": -120.4,
            "roe": 0.53,
            "roe_4q": -0.7399999999999999,
            "gross_profit": 229245,
            "gross_margin": 5.35,
            "gross_margin_4q_avg": 5.03,
            "net_income": 60958,
            "revenue": 4286152,
            "common_shares": 6655551,
            "book_valuer_per_share": 16.95,
            "book_valuer_per_share_4q_avg": 17.46,
            "equity": 11283819,
            "current_ratio": 215.71,
            "debt_ratio": 46.76,
            "inventory_turnover_ratio": 2.64,
            "account_receivable_turnover_ratio": 1.07,
            "reinvestment_rate": -278.31,
            "research_to_sale_ratio": 1.71,
            "price_fair": 22.68,
            "eps_avg_yearly": 0.65,
            "eps_latest_yearly": 0.36,
            "eps_growth_yearly": 88.32
        },
        "20194": {
            "year_quarter": 20194,
            "year": 2019,
            "quarter": 4,
            "eps": -0.26,
            "eps_growth_year": null,
            "eps_4q": -0.29,
            "eps_4q_growth_year": -159.07,
            "roe": -1.53,
            "roe_4q": -1.67,
            "gross_profit": 92270,
            "gross_margin": 2.95,
            "gross_margin_4q_avg": 4.82,
            "net_income": -170853,
            "revenue": 3127059,
            "common_shares": 6655551,
            "book_valuer_per_share": 16.6,
            "book_valuer_per_share_4q_avg": 17.18,
            "equity": 11050952,
            "current_ratio": 237.52,
            "debt_ratio": 44.46,
            "inventory_turnover_ratio": 2.2,
            "account_receivable_turnover_ratio": 0.89,
            "reinvestment_rate": -165.38,
            "research_to_sale_ratio": 1.97,
            "price_fair": 22.68,
            "eps_avg_yearly": 0.65,
            "eps_latest_yearly": 0.36,
            "eps_growth_yearly": 88.32
        },
        "20201": {
            "year_quarter": 20201,
            "year": 2020,
            "quarter": 1,
            "eps": -0.57,
            "eps_growth_year": null,
            "eps_4q": -0.6,
            "eps_4q_growth_year": -1900.69,
            "roe": -3.5,
            "roe_4q": -3.76,
            "gross_profit": -155256,
            "gross_margin": -5.75,
            "gross_margin_4q_avg": 2.86,
            "net_income": -378264,
            "revenue": 2701017,
            "common_shares": 6655551,
            "book_valuer_per_share": 15.89,
            "book_valuer_per_share_4q_avg": 16.71,
            "equity": 10574993,
            "current_ratio": 250.2,
            "debt_ratio": 45.25,
            "inventory_turnover_ratio": 1.94,
            "account_receivable_turnover_ratio": 0.94,
            "reinvestment_rate": -213.55,
            "research_to_sale_ratio": 2.7,
            "price_fair": 22.68,
            "eps_avg_yearly": 0.65,
            "eps_latest_yearly": 0.36,
            "eps_growth_yearly": 88.32
        },
        "20202": {
            "year_quarter": 20202,
            "year": 2020,
            "quarter": 2,
            "eps": -0.63,
            "eps_growth_year": -584.62,
            "eps_4q": -1.37,
            "eps_4q_growth_year": -3713.99,
            "roe": -4.1,
            "roe_4q": -8.6,
            "gross_profit": -206222,
            "gross_margin": -6.22,
            "gross_margin_4q_avg": -0.92,
            "net_income": -422347,
            "revenue": 3317647,
            "common_shares": 6655551,
            "book_valuer_per_share": 15.06,
            "book_valuer_per_share_4q_avg": 16.13,
            "equity": 10024145,
            "current_ratio": 233.99,
            "debt_ratio": 47.34,
            "inventory_turnover_ratio": 2.29,
            "account_receivable_turnover_ratio": 1.16,
            "reinvestment_rate": null,
            "research_to_sale_ratio": 2.14,
            "price_fair": 22.68,
            "eps_avg_yearly": 0.65,
            "eps_latest_yearly": 0.36,
            "eps_growth_yearly": 88.32
        },
        "20203": {
            "year_quarter": 20203,
            "year": 2020,
            "quarter": 3,
            "eps": -0.3,
            "eps_growth_year": -433.33,
            "eps_4q": -1.76,
            "eps_4q_growth_year": null,
            "roe": -1.98,
            "roe_4q": -11.11,
            "gross_profit": 17916,
            "gross_margin": 0.48,
            "gross_margin_4q_avg": -2.14,
            "net_income": -198395,
            "revenue": 3766113,
            "common_shares": 6655551,
            "book_valuer_per_share": 14.98,
            "book_valuer_per_share_4q_avg": 15.63,
            "equity": 9973300,
            "current_ratio": 232.7,
            "debt_ratio": 48.16,
            "inventory_turnover_ratio": 2.42,
            "account_receivable_turnover_ratio": 1.22,
            "reinvestment_rate": null,
            "research_to_sale_ratio": 2,
            "price_fair": 22.24,
            "eps_avg_yearly": 0.64,
            "eps_latest_yearly": 0.36,
            "eps_growth_yearly": 72.2
        },
        "20204": {
            "year_quarter": 20204,
            "year": 2020,
            "quarter": 4,
            "eps": -0.36,
            "eps_growth_year": null,
            "eps_4q": -1.86,
            "eps_4q_growth_year": null,
            "roe": -2.43,
            "roe_4q": -12.01,
            "gross_profit": -353,
            "gross_margin": -0.01,
            "gross_margin_4q_avg": -2.88,
            "net_income": -241793,
            "revenue": 4505467,
            "common_shares": 6655551,
            "book_valuer_per_share": 14.92,
            "book_valuer_per_share_4q_avg": 15.21,
            "equity": 9928245,
            "current_ratio": 217.49,
            "debt_ratio": 49.71,
            "inventory_turnover_ratio": 2.83,
            "account_receivable_turnover_ratio": 1.38,
            "reinvestment_rate": null,
            "research_to_sale_ratio": 1.61,
            "price_fair": 22.4,
            "eps_avg_yearly": 0.64,
            "eps_latest_yearly": 0.36,
            "eps_growth_yearly": 91.76
        },
        "20211": {
            "year_quarter": 20211,
            "year": 2021,
            "quarter": 1,
            "eps": -0.52,
            "eps_growth_year": null,
            "eps_4q": -1.82,
            "eps_4q_growth_year": null,
            "roe": -3.57,
            "roe_4q": -12.08,
            "gross_profit": -135592,
            "gross_margin": -2.92,
            "gross_margin_4q_avg": -2.17,
            "net_income": -347014,
            "revenue": 4636084,
            "common_shares": 6655551,
            "book_valuer_per_share": 14.3,
            "book_valuer_per_share_4q_avg": 14.82,
            "equity": 9518233,
            "current_ratio": 207.32,
            "debt_ratio": 51.19,
            "inventory_turnover_ratio": 3.02,
            "account_receivable_turnover_ratio": 1.43,
            "reinvestment_rate": null,
            "research_to_sale_ratio": 1.72,
            "price_fair": 21.4,
            "eps_avg_yearly": 0.61,
            "eps_latest_yearly": 0.36,
            "eps_growth_yearly": 82.01
        },
        "20212": {
            "year_quarter": 20212,
            "year": 2021,
            "quarter": 2,
            "eps": -0.36,
            "eps_growth_year": null,
            "eps_4q": -1.54,
            "eps_4q_growth_year": null,
            "roe": -2.55,
            "roe_4q": -10.53,
            "gross_profit": -37781,
            "gross_margin": -0.79,
            "gross_margin_4q_avg": -0.81,
            "net_income": -238902,
            "revenue": 4790925,
            "common_shares": 6655551,
            "book_valuer_per_share": 13.84,
            "book_valuer_per_share_4q_avg": 14.51,
            "equity": 9213863,
            "current_ratio": 203.07,
            "debt_ratio": 52.3,
            "inventory_turnover_ratio": 2.9,
            "account_receivable_turnover_ratio": 1.55,
            "reinvestment_rate": null,
            "research_to_sale_ratio": 1.7,
            "price_fair": 22.17,
            "eps_avg_yearly": 0.63,
            "eps_latest_yearly": 0.36,
            "eps_growth_yearly": 124.25
        },
        "20213": {
            "year_quarter": 20213,
            "year": 2021,
            "quarter": 3,
            "eps": -0.24,
            "eps_growth_year": null,
            "eps_4q": -1.48,
            "eps_4q_growth_year": null,
            "roe": -1.72,
            "roe_4q": -10.27,
            "gross_profit": 44032,
            "gross_margin": 0.81,
            "gross_margin_4q_avg": -0.73,
            "net_income": -157101,
            "revenue": 5447613,
            "common_shares": 6655551,
            "book_valuer_per_share": 13.64,
            "book_valuer_per_share_4q_avg": 14.18,
            "equity": 9076551,
            "current_ratio": 193.05,
            "debt_ratio": 53.81,
            "inventory_turnover_ratio": 2.98,
            "account_receivable_turnover_ratio": 1.61,
            "reinvestment_rate": null,
            "research_to_sale_ratio": 1.44,
            "price_fair": 21.56,
            "eps_avg_yearly": 0.62,
            "eps_latest_yearly": 0.36,
            "eps_growth_yearly": 109.09
        },
        "20214": {
            "year_quarter": 20214,
            "year": 2021,
            "quarter": 4,
            "eps": 0.14,
            "eps_growth_year": null,
            "eps_4q": -0.98,
            "eps_4q_growth_year": null,
            "roe": 1.03,
            "roe_4q": -6.81,
            "gross_profit": 125630,
            "gross_margin": 2.32,
            "gross_margin_4q_avg": -0.15,
            "net_income": 93786,
            "revenue": 5409599,
            "common_shares": 6655551,
            "book_valuer_per_share": 13.84,
            "book_valuer_per_share_4q_avg": 13.91,
            "equity": 9213258,
            "current_ratio": 191.48,
            "debt_ratio": 53.6,
            "inventory_turnover_ratio": 2.94,
            "account_receivable_turnover_ratio": 1.48,
            "reinvestment_rate": null,
            "research_to_sale_ratio": 1.51,
            "price_fair": 24.15,
            "eps_avg_yearly": 0.69,
            "eps_latest_yearly": 0.36,
            "eps_growth_yearly": 191.92
        },
        "20221": {
            "year_quarter": 20221,
            "year": 2022,
            "quarter": 1,
            "eps": 0.02,
            "eps_growth_year": null,
            "eps_4q": -0.43,
            "eps_4q_growth_year": null,
            "roe": 0.15,
            "roe_4q": -3.09,
            "gross_profit": 76487,
            "gross_margin": 1.53,
            "gross_margin_4q_avg": 0.97,
            "net_income": 14272,
            "revenue": 5012148,
            "common_shares": 6655551,
            "book_valuer_per_share": 14.04,
            "book_valuer_per_share_4q_avg": 13.84,
            "equity": 9343412,
            "current_ratio": 193.53,
            "debt_ratio": 52.46,
            "inventory_turnover_ratio": 3.03,
            "account_receivable_turnover_ratio": 1.47,
            "reinvestment_rate": null,
            "research_to_sale_ratio": 1.54,
            "price_fair": 1.53,
            "eps_avg_yearly": 0.51,
            "eps_latest_yearly": 0.08,
            "eps_growth_yearly": -43.79
        },
        "20222": {
            "year_quarter": 20222,
            "year": 2022,
            "quarter": 2,
            "eps": -0.21,
            "eps_growth_year": null,
            "eps_4q": -0.28,
            "eps_4q_growth_year": null,
            "roe": -1.49,
            "roe_4q": -2.0300000000000002,
            "gross_profit": -39158,
            "gross_margin": -1.09,
            "gross_margin_4q_avg": 0.89,
            "net_income": -137346,
            "revenue": 3580899,
            "common_shares": 6655551,
            "book_valuer_per_share": 13.69,
            "book_valuer_per_share_4q_avg": 13.8,
            "equity": 9111275,
            "current_ratio": 196,
            "debt_ratio": 50.11,
            "inventory_turnover_ratio": 2.18,
            "account_receivable_turnover_ratio": 1.32,
            "reinvestment_rate": null,
            "research_to_sale_ratio": 2.63,
            "price_fair": 1.52,
            "eps_avg_yearly": 0.51,
            "eps_latest_yearly": 0.08,
            "eps_growth_yearly": -11.72
        },
        "20223": {
            "year_quarter": 20223,
            "year": 2022,
            "quarter": 3,
            "eps": -0.23,
            "eps_growth_year": null,
            "eps_4q": -0.28,
            "eps_4q_growth_year": null,
            "roe": -1.7,
            "roe_4q": -2.01,
            "gross_profit": -83514,
            "gross_margin": -2.84,
            "gross_margin_4q_avg": -0.02,
            "net_income": -154634,
            "revenue": 2945706,
            "common_shares": 6655551,
            "book_valuer_per_share": 13.59,
            "book_valuer_per_share_4q_avg": 13.79,
            "equity": 9042029,
            "current_ratio": 218.32,
            "debt_ratio": 47.7,
            "inventory_turnover_ratio": 2.05,
            "account_receivable_turnover_ratio": 1.41,
            "reinvestment_rate": null,
            "research_to_sale_ratio": 3.25,
            "price_fair": 0.66,
            "eps_avg_yearly": 0.22,
            "eps_latest_yearly": 0.08,
            "eps_growth_yearly": -232.97
        },
        "20224": {
            "year_quarter": 20224,
            "year": 2022,
            "quarter": 4,
            "eps": 0.61,
            "eps_growth_year": 330.1,
            "eps_4q": 0.19,
            "eps_4q_growth_year": null,
            "roe": 4.39,
            "roe_4q": 1.3499999999999994,
            "gross_profit": 18465,
            "gross_margin": 0.63,
            "gross_margin_4q_avg": -0.44,
            "net_income": 403372,
            "revenue": 2926837,
            "common_shares": 6655551,
            "book_valuer_per_share": 14.02,
            "book_valuer_per_share_4q_avg": 13.84,
            "equity": 9327794,
            "current_ratio": 246.69,
            "debt_ratio": 48.7,
            "inventory_turnover_ratio": 2.67,
            "account_receivable_turnover_ratio": 1.34,
            "reinvestment_rate": null,
            "research_to_sale_ratio": 3.03,
            "price_fair": 0.66,
            "eps_avg_yearly": 0.22,
            "eps_latest_yearly": 0.08,
            "eps_growth_yearly": -232.97
        },
        "20231": {
            "year_quarter": 20231,
            "year": 2023,
            "quarter": 1,
            "eps": -0.46,
            "eps_growth_year": -2400,
            "eps_4q": -0.29,
            "eps_4q_growth_year": null,
            "roe": -3.35,
            "roe_4q": -2.1500000000000004,
            "gross_profit": -93861,
            "gross_margin": -2.88,
            "gross_margin_4q_avg": -1.55,
            "net_income": -307638,
            "revenue": 3257264,
            "common_shares": 6655551,
            "book_valuer_per_share": 13.6,
            "book_valuer_per_share_4q_avg": 13.73,
            "equity": 9053344,
            "current_ratio": 202.48,
            "debt_ratio": 49.6,
            "inventory_turnover_ratio": 3.36,
            "account_receivable_turnover_ratio": 1.34,
            "reinvestment_rate": null,
            "research_to_sale_ratio": 2.56,
            "price_fair": 0.66,
            "eps_avg_yearly": 0.22,
            "eps_latest_yearly": 0.08,
            "eps_growth_yearly": -232.97
        }
    },
    "months": {
        "2002-01": {
            "month": "2002-01",
            "price": "68.31",
            "revenue": 178702
        },
        "2002-02": {
            "month": "2002-02",
            "price": "118.29",
            "revenue": 108103
        },
        "2002-03": {
            "month": "2002-03",
            "price": "113.88",
            "revenue": 179371
        },
        "2002-04": {
            "month": "2002-04",
            "price": "109.38",
            "revenue": 180147
        },
        "2002-05": {
            "month": "2002-05",
            "price": "77.55",
            "revenue": 149450
        },
        "2002-06": {
            "month": "2002-06",
            "price": "53.44",
            "revenue": 145616
        },
        "2002-07": {
            "month": "2002-07",
            "price": "46.90",
            "revenue": 160290
        },
        "2002-08": {
            "month": "2002-08",
            "price": "35.36",
            "revenue": 131241
        },
        "2002-09": {
            "month": "2002-09",
            "price": "29.80",
            "revenue": 184990
        },
        "2002-10": {
            "month": "2002-10",
            "price": "28.23",
            "revenue": 221169
        },
        "2002-11": {
            "month": "2002-11",
            "price": "31.50",
            "revenue": 380809
        },
        "2002-12": {
            "month": "2002-12",
            "price": "28.35",
            "revenue": 319851
        },
        "2003-01": {
            "month": "2003-01",
            "price": "31.14",
            "revenue": 255312
        },
        "2003-02": {
            "month": "2003-02",
            "price": "28.61",
            "revenue": 219306
        },
        "2003-03": {
            "month": "2003-03",
            "price": "26.40",
            "revenue": 297207
        },
        "2003-04": {
            "month": "2003-04",
            "price": "24.11",
            "revenue": 279826
        },
        "2003-05": {
            "month": "2003-05",
            "price": "17.53",
            "revenue": 224773
        },
        "2003-06": {
            "month": "2003-06",
            "price": "21.37",
            "revenue": 150041
        },
        "2003-07": {
            "month": "2003-07",
            "price": "28.40",
            "revenue": 201485
        },
        "2003-08": {
            "month": "2003-08",
            "price": "26.77",
            "revenue": 199863
        },
        "2003-09": {
            "month": "2003-09",
            "price": "21.66",
            "revenue": 252763
        },
        "2003-10": {
            "month": "2003-10",
            "price": "20.67",
            "revenue": 288904
        },
        "2003-11": {
            "month": "2003-11",
            "price": "20.05",
            "revenue": 324022
        },
        "2003-12": {
            "month": "2003-12",
            "price": "25.71",
            "revenue": 439505
        },
        "2004-01": {
            "month": "2004-01",
            "price": "26.69",
            "revenue": 258141
        },
        "2004-02": {
            "month": "2004-02",
            "price": "30.48",
            "revenue": 311149
        },
        "2004-03": {
            "month": "2004-03",
            "price": "28.94",
            "revenue": 326097
        },
        "2004-04": {
            "month": "2004-04",
            "price": "32.53",
            "revenue": 490739
        },
        "2004-05": {
            "month": "2004-05",
            "price": "38.19",
            "revenue": 456967
        },
        "2004-06": {
            "month": "2004-06",
            "price": "33.48",
            "revenue": 510143
        },
        "2004-07": {
            "month": "2004-07",
            "price": "27.05",
            "revenue": 559712
        },
        "2004-08": {
            "month": "2004-08",
            "price": "29.16",
            "revenue": 525723
        },
        "2004-09": {
            "month": "2004-09",
            "price": "32.04",
            "revenue": 547367
        },
        "2004-10": {
            "month": "2004-10",
            "price": "30.46",
            "revenue": 669329
        },
        "2004-11": {
            "month": "2004-11",
            "price": "30.84",
            "revenue": 715373
        },
        "2004-12": {
            "month": "2004-12",
            "price": "35.33",
            "revenue": 780684
        },
        "2005-01": {
            "month": "2005-01",
            "price": "37.02",
            "revenue": 723765
        },
        "2005-02": {
            "month": "2005-02",
            "price": "42.88",
            "revenue": 571637
        },
        "2005-03": {
            "month": "2005-03",
            "price": "48.45",
            "revenue": 837467
        },
        "2005-04": {
            "month": "2005-04",
            "price": "57.78",
            "revenue": 662575
        },
        "2005-05": {
            "month": "2005-05",
            "price": "55.26",
            "revenue": 785485
        },
        "2005-06": {
            "month": "2005-06",
            "price": "53.10",
            "revenue": 809019
        },
        "2005-07": {
            "month": "2005-07",
            "price": "57.39",
            "revenue": 995965
        },
        "2005-08": {
            "month": "2005-08",
            "price": "64.95",
            "revenue": 1302087
        },
        "2005-09": {
            "month": "2005-09",
            "price": "57.22",
            "revenue": 1500037
        },
        "2005-10": {
            "month": "2005-10",
            "price": "48.89",
            "revenue": 1621816
        },
        "2005-11": {
            "month": "2005-11",
            "price": "50.42",
            "revenue": 1478731
        },
        "2005-12": {
            "month": "2005-12",
            "price": "53.56",
            "revenue": 1551292
        },
        "2006-01": {
            "month": "2006-01",
            "price": "60.99",
            "revenue": 1471220
        },
        "2006-02": {
            "month": "2006-02",
            "price": "60.13",
            "revenue": 1546678
        },
        "2006-03": {
            "month": "2006-03",
            "price": "59.20",
            "revenue": 1642247
        },
        "2006-04": {
            "month": "2006-04",
            "price": "58.15",
            "revenue": 1502170
        },
        "2006-05": {
            "month": "2006-05",
            "price": "50.79",
            "revenue": 1501735
        },
        "2006-06": {
            "month": "2006-06",
            "price": "39.58",
            "revenue": 1219160
        },
        "2006-07": {
            "month": "2006-07",
            "price": "39.54",
            "revenue": 1717323
        },
        "2006-08": {
            "month": "2006-08",
            "price": "41.32",
            "revenue": 1722276
        },
        "2006-09": {
            "month": "2006-09",
            "price": "35.49",
            "revenue": 1833562
        },
        "2006-10": {
            "month": "2006-10",
            "price": "35.29",
            "revenue": 2065349
        },
        "2006-11": {
            "month": "2006-11",
            "price": "33.36",
            "revenue": 1879083
        },
        "2006-12": {
            "month": "2006-12",
            "price": "31.82",
            "revenue": 1487918
        },
        "2007-01": {
            "month": "2007-01",
            "price": "32.31",
            "revenue": 1980392
        },
        "2007-02": {
            "month": "2007-02",
            "price": "34.88",
            "revenue": 1294692
        },
        "2007-03": {
            "month": "2007-03",
            "price": "35.45",
            "revenue": 1702135
        },
        "2007-04": {
            "month": "2007-04",
            "price": "41.84",
            "revenue": 1837165
        },
        "2007-05": {
            "month": "2007-05",
            "price": "41.39",
            "revenue": 1879619
        },
        "2007-06": {
            "month": "2007-06",
            "price": "42.83",
            "revenue": 1809321
        },
        "2007-07": {
            "month": "2007-07",
            "price": "43.03",
            "revenue": 1991949
        },
        "2007-08": {
            "month": "2007-08",
            "price": "36.94",
            "revenue": 1879913
        },
        "2007-09": {
            "month": "2007-09",
            "price": "32.68",
            "revenue": 1904661
        },
        "2007-10": {
            "month": "2007-10",
            "price": "33.98",
            "revenue": 2063097
        },
        "2007-11": {
            "month": "2007-11",
            "price": "25.36",
            "revenue": 2016858
        },
        "2007-12": {
            "month": "2007-12",
            "price": "19.58",
            "revenue": 1820518
        },
        "2008-01": {
            "month": "2008-01",
            "price": "15.50",
            "revenue": 2009634
        },
        "2008-02": {
            "month": "2008-02",
            "price": "16.28",
            "revenue": 1290526
        },
        "2008-03": {
            "month": "2008-03",
            "price": "18.78",
            "revenue": 1350416
        },
        "2008-04": {
            "month": "2008-04",
            "price": "19.00",
            "revenue": 1487729
        },
        "2008-05": {
            "month": "2008-05",
            "price": "17.68",
            "revenue": 1585167
        },
        "2008-06": {
            "month": "2008-06",
            "price": "15.37",
            "revenue": 1434533
        },
        "2008-07": {
            "month": "2008-07",
            "price": "11.72",
            "revenue": 1272258
        },
        "2008-08": {
            "month": "2008-08",
            "price": "11.96",
            "revenue": 1237319
        },
        "2008-09": {
            "month": "2008-09",
            "price": "10.93",
            "revenue": 1256492
        },
        "2008-10": {
            "month": "2008-10",
            "price": "8.64",
            "revenue": 1389291
        },
        "2008-11": {
            "month": "2008-11",
            "price": "5.62",
            "revenue": 857862
        },
        "2008-12": {
            "month": "2008-12",
            "price": "5.28",
            "revenue": 811219
        },
        "2009-01": {
            "month": "2009-01",
            "price": "6.10",
            "revenue": 651868
        },
        "2009-02": {
            "month": "2009-02",
            "price": "6.68",
            "revenue": 905306
        },
        "2009-03": {
            "month": "2009-03",
            "price": "8.95",
            "revenue": 1399355
        },
        "2009-04": {
            "month": "2009-04",
            "price": "13.29",
            "revenue": 1719618
        },
        "2009-05": {
            "month": "2009-05",
            "price": "18.48",
            "revenue": 1832360
        },
        "2009-06": {
            "month": "2009-06",
            "price": "19.27",
            "revenue": 1764424
        },
        "2009-07": {
            "month": "2009-07",
            "price": "22.81",
            "revenue": 1938293
        },
        "2009-08": {
            "month": "2009-08",
            "price": "24.66",
            "revenue": 2010911
        },
        "2009-09": {
            "month": "2009-09",
            "price": "29.73",
            "revenue": 2009944
        },
        "2009-10": {
            "month": "2009-10",
            "price": "34.38",
            "revenue": 2026951
        },
        "2009-11": {
            "month": "2009-11",
            "price": "33.44",
            "revenue": 1961178
        },
        "2009-12": {
            "month": "2009-12",
            "price": "41.98",
            "revenue": 1762511
        },
        "2010-01": {
            "month": "2010-01",
            "price": "40.40",
            "revenue": 1990620
        },
        "2010-02": {
            "month": "2010-02",
            "price": "33.13",
            "revenue": 1694582
        },
        "2010-03": {
            "month": "2010-03",
            "price": "35.76",
            "revenue": 1777476
        },
        "2010-04": {
            "month": "2010-04",
            "price": "41.04",
            "revenue": 2174937
        },
        "2010-05": {
            "month": "2010-05",
            "price": "37.63",
            "revenue": 2252036
        },
        "2010-06": {
            "month": "2010-06",
            "price": "34.20",
            "revenue": 2158552
        },
        "2010-07": {
            "month": "2010-07",
            "price": "33.03",
            "revenue": 2276681
        },
        "2010-08": {
            "month": "2010-08",
            "price": "31.03",
            "revenue": 2317180
        },
        "2010-09": {
            "month": "2010-09",
            "price": "31.44",
            "revenue": 2194429
        },
        "2010-10": {
            "month": "2010-10",
            "price": "31.31",
            "revenue": 2174109
        },
        "2010-11": {
            "month": "2010-11",
            "price": "29.34",
            "revenue": 2157056
        },
        "2010-12": {
            "month": "2010-12",
            "price": "30.52",
            "revenue": 1889919
        },
        "2011-01": {
            "month": "2011-01",
            "price": "29.12",
            "revenue": 2241007
        },
        "2011-02": {
            "month": "2011-02",
            "price": "28.06",
            "revenue": 1975646
        },
        "2011-03": {
            "month": "2011-03",
            "price": "28.05",
            "revenue": 2255499
        },
        "2011-04": {
            "month": "2011-04",
            "price": "27.15",
            "revenue": 2069513
        },
        "2011-05": {
            "month": "2011-05",
            "price": "26.57",
            "revenue": 2055216
        },
        "2011-06": {
            "month": "2011-06",
            "price": "24.84",
            "revenue": 1893419
        },
        "2011-07": {
            "month": "2011-07",
            "price": "20.62",
            "revenue": 2052863
        },
        "2011-08": {
            "month": "2011-08",
            "price": "16.59",
            "revenue": 2090523
        },
        "2011-09": {
            "month": "2011-09",
            "price": "17.31",
            "revenue": 2069766
        },
        "2011-10": {
            "month": "2011-10",
            "price": "17.68",
            "revenue": 2087761
        },
        "2011-11": {
            "month": "2011-11",
            "price": "18.12",
            "revenue": 1886999
        },
        "2011-12": {
            "month": "2011-12",
            "price": "16.74",
            "revenue": 1762638
        },
        "2012-01": {
            "month": "2012-01",
            "price": "16.85",
            "revenue": 1726753
        },
        "2012-02": {
            "month": "2012-02",
            "price": "20.50",
            "revenue": 1756721
        },
        "2012-03": {
            "month": "2012-03",
            "price": "20.67",
            "revenue": 2062790
        },
        "2012-04": {
            "month": "2012-04",
            "price": "17.70",
            "revenue": 1759591
        },
        "2012-05": {
            "month": "2012-05",
            "price": "16.00",
            "revenue": 1782485
        },
        "2012-06": {
            "month": "2012-06",
            "price": "15.74",
            "revenue": 1924646
        },
        "2012-07": {
            "month": "2012-07",
            "price": "15.98",
            "revenue": 1912369
        },
        "2012-08": {
            "month": "2012-08",
            "price": "15.65",
            "revenue": 1921504
        },
        "2012-09": {
            "month": "2012-09",
            "price": "16.12",
            "revenue": 1767255
        },
        "2012-10": {
            "month": "2012-10",
            "price": "14.89",
            "revenue": 1684944
        },
        "2012-11": {
            "month": "2012-11",
            "price": "14.73",
            "revenue": 1458379
        },
        "2012-12": {
            "month": "2012-12",
            "price": "15.97",
            "revenue": 1380695
        },
        "2013-01": {
            "month": "2013-01",
            "price": "15.27",
            "revenue": 1387768
        },
        "2013-02": {
            "month": "2013-02",
            "price": "14.92",
            "revenue": 1244539
        },
        "2013-03": {
            "month": "2013-03",
            "price": "14.98",
            "revenue": 1336796
        },
        "2013-04": {
            "month": "2013-04",
            "price": "14.26",
            "revenue": 1334675
        },
        "2013-05": {
            "month": "2013-05",
            "price": "14.76",
            "revenue": 1640723
        },
        "2013-06": {
            "month": "2013-06",
            "price": "14.09",
            "revenue": 1475469
        },
        "2013-07": {
            "month": "2013-07",
            "price": "12.91",
            "revenue": 1452815
        },
        "2013-08": {
            "month": "2013-08",
            "price": "12.12",
            "revenue": 1554528
        },
        "2013-09": {
            "month": "2013-09",
            "price": "11.85",
            "revenue": 1393102
        },
        "2013-10": {
            "month": "2013-10",
            "price": "11.44",
            "revenue": 1345344
        },
        "2013-11": {
            "month": "2013-11",
            "price": "10.08",
            "revenue": 1402967
        },
        "2013-12": {
            "month": "2013-12",
            "price": "10.24",
            "revenue": 1346893
        },
        "2014-01": {
            "month": "2014-01",
            "price": "11.79",
            "revenue": 1406581
        },
        "2014-02": {
            "month": "2014-02",
            "price": "12.19",
            "revenue": 1194476
        },
        "2014-03": {
            "month": "2014-03",
            "price": "12.68",
            "revenue": 1430957
        },
        "2014-04": {
            "month": "2014-04",
            "price": "12.70",
            "revenue": 1321701
        },
        "2014-05": {
            "month": "2014-05",
            "price": "11.78",
            "revenue": 1363112
        },
        "2014-06": {
            "month": "2014-06",
            "price": "11.86",
            "revenue": 1310061
        },
        "2014-07": {
            "month": "2014-07",
            "price": "13.33",
            "revenue": 1169313
        },
        "2014-08": {
            "month": "2014-08",
            "price": "12.69",
            "revenue": 1220253
        },
        "2014-09": {
            "month": "2014-09",
            "price": "12.64",
            "revenue": 1098062
        },
        "2014-10": {
            "month": "2014-10",
            "price": "11.89",
            "revenue": 5046042
        },
        "2014-11": {
            "month": "2014-11",
            "price": "12.68",
            "revenue": 4887401
        },
        "2014-12": {
            "month": "2014-12",
            "price": "13.91",
            "revenue": 4330500
        },
        "2015-01": {
            "month": "2015-01",
            "price": "16.01",
            "revenue": 3716841
        },
        "2015-02": {
            "month": "2015-02",
            "price": "15.46",
            "revenue": 3196091
        },
        "2015-03": {
            "month": "2015-03",
            "price": "18.88",
            "revenue": 4072967
        },
        "2015-04": {
            "month": "2015-04",
            "price": "19.41",
            "revenue": 3149790
        },
        "2015-05": {
            "month": "2015-05",
            "price": "17.11",
            "revenue": 3248126
        },
        "2015-06": {
            "month": "2015-06",
            "price": "16.29",
            "revenue": 3051374
        },
        "2015-07": {
            "month": "2015-07",
            "price": "12.86",
            "revenue": 2942061
        },
        "2015-08": {
            "month": "2015-08",
            "price": "10.91",
            "revenue": 3634415
        },
        "2015-09": {
            "month": "2015-09",
            "price": "11.98",
            "revenue": 3704048
        },
        "2015-10": {
            "month": "2015-10",
            "price": "12.58",
            "revenue": 4019395
        },
        "2015-11": {
            "month": "2015-11",
            "price": "11.38",
            "revenue": 3499243
        },
        "2015-12": {
            "month": "2015-12",
            "price": "10.28",
            "revenue": 2937789
        },
        "2016-01": {
            "month": "2016-01",
            "price": "8.66",
            "revenue": 2780763
        },
        "2016-02": {
            "month": "2016-02",
            "price": "8.61",
            "revenue": 1981198
        },
        "2016-03": {
            "month": "2016-03",
            "price": "11.22",
            "revenue": 2748421
        },
        "2016-04": {
            "month": "2016-04",
            "price": "11.92",
            "revenue": 3098109
        },
        "2016-05": {
            "month": "2016-05",
            "price": "9.81",
            "revenue": 3021076
        },
        "2016-06": {
            "month": "2016-06",
            "price": "11.56",
            "revenue": 2595271
        },
        "2016-07": {
            "month": "2016-07",
            "price": "12.93",
            "revenue": 2721296
        },
        "2016-08": {
            "month": "2016-08",
            "price": "13.45",
            "revenue": 2911479
        },
        "2016-09": {
            "month": "2016-09",
            "price": "13.17",
            "revenue": 2801319
        },
        "2016-10": {
            "month": "2016-10",
            "price": "12.31",
            "revenue": 2655871
        },
        "2016-11": {
            "month": "2016-11",
            "price": "12.23",
            "revenue": 2808817
        },
        "2016-12": {
            "month": "2016-12",
            "price": "12.70",
            "revenue": 2767176
        },
        "2017-01": {
            "month": "2017-01",
            "price": "12.87",
            "revenue": 2625342
        },
        "2017-02": {
            "month": "2017-02",
            "price": "13.40",
            "revenue": 2618392
        },
        "2017-03": {
            "month": "2017-03",
            "price": "14.81",
            "revenue": 2832516
        },
        "2017-04": {
            "month": "2017-04",
            "price": "13.88",
            "revenue": 1884887
        },
        "2017-05": {
            "month": "2017-05",
            "price": "13.82",
            "revenue": 2143012
        },
        "2017-06": {
            "month": "2017-06",
            "price": "13.55",
            "revenue": 2109417
        },
        "2017-07": {
            "month": "2017-07",
            "price": "12.88",
            "revenue": 2211734
        },
        "2017-08": {
            "month": "2017-08",
            "price": "15.91",
            "revenue": 2775532
        },
        "2017-09": {
            "month": "2017-09",
            "price": "27.17",
            "revenue": 2672055
        },
        "2017-10": {
            "month": "2017-10",
            "price": "28.22",
            "revenue": 2305598
        },
        "2017-11": {
            "month": "2017-11",
            "price": "28.96",
            "revenue": 2075707
        },
        "2017-12": {
            "month": "2017-12",
            "price": "33.43",
            "revenue": 1673683
        },
        "2018-01": {
            "month": "2018-01",
            "price": "39.16",
            "revenue": 1659010
        },
        "2018-02": {
            "month": "2018-02",
            "price": "30.35",
            "revenue": 1447298
        },
        "2018-03": {
            "month": "2018-03",
            "price": "27.03",
            "revenue": 1605584
        },
        "2018-04": {
            "month": "2018-04",
            "price": "22.89",
            "revenue": 1688491
        },
        "2018-05": {
            "month": "2018-05",
            "price": "26.16",
            "revenue": 1887164
        },
        "2018-06": {
            "month": "2018-06",
            "price": "27.30",
            "revenue": 1757022
        },
        "2018-07": {
            "month": "2018-07",
            "price": "28.47",
            "revenue": 2001903
        },
        "2018-08": {
            "month": "2018-08",
            "price": "24.17",
            "revenue": 2172427
        },
        "2018-09": {
            "month": "2018-09",
            "price": "21.12",
            "revenue": 2056173
        },
        "2018-10": {
            "month": "2018-10",
            "price": "16.35",
            "revenue": 1880017
        },
        "2018-11": {
            "month": "2018-11",
            "price": "16.82",
            "revenue": 1708652
        },
        "2018-12": {
            "month": "2018-12",
            "price": "17.20",
            "revenue": 1498429
        },
        "2019-01": {
            "month": "2019-01",
            "price": "16.44",
            "revenue": 1496892
        },
        "2019-02": {
            "month": "2019-02",
            "price": "19.52",
            "revenue": 1318757
        },
        "2019-03": {
            "month": "2019-03",
            "price": "20.83",
            "revenue": 1476824
        },
        "2019-04": {
            "month": "2019-04",
            "price": "20.95",
            "revenue": 1284528
        },
        "2019-05": {
            "month": "2019-05",
            "price": "18.32",
            "revenue": 1432954
        },
        "2019-06": {
            "month": "2019-06",
            "price": "19.18",
            "revenue": 1428719
        },
        "2019-07": {
            "month": "2019-07",
            "price": "18.63",
            "revenue": 1581720
        },
        "2019-08": {
            "month": "2019-08",
            "price": "17.08",
            "revenue": 1434171
        },
        "2019-09": {
            "month": "2019-09",
            "price": "17.82",
            "revenue": 1270261
        },
        "2019-10": {
            "month": "2019-10",
            "price": "17.69",
            "revenue": 1040693
        },
        "2019-11": {
            "month": "2019-11",
            "price": "15.48",
            "revenue": 935063
        },
        "2019-12": {
            "month": "2019-12",
            "price": "15.10",
            "revenue": 1151303
        },
        "2020-01": {
            "month": "2020-01",
            "price": "16.17",
            "revenue": 977917
        },
        "2020-02": {
            "month": "2020-02",
            "price": "14.00",
            "revenue": 735823
        },
        "2020-03": {
            "month": "2020-03",
            "price": "10.50",
            "revenue": 987277
        },
        "2020-04": {
            "month": "2020-04",
            "price": "10.91",
            "revenue": 941536
        },
        "2020-05": {
            "month": "2020-05",
            "price": "10.82",
            "revenue": 1112444
        },
        "2020-06": {
            "month": "2020-06",
            "price": "10.83",
            "revenue": 1263667
        },
        "2020-07": {
            "month": "2020-07",
            "price": "11.53",
            "revenue": 1271067
        },
        "2020-08": {
            "month": "2020-08",
            "price": "11.21",
            "revenue": 1177822
        },
        "2020-09": {
            "month": "2020-09",
            "price": "11.63",
            "revenue": 1317224
        },
        "2020-10": {
            "month": "2020-10",
            "price": "11.48",
            "revenue": 1384385
        },
        "2020-11": {
            "month": "2020-11",
            "price": "11.89",
            "revenue": 1483746
        },
        "2020-12": {
            "month": "2020-12",
            "price": "14.03",
            "revenue": 1637336
        },
        "2021-01": {
            "month": "2021-01",
            "price": "13.23",
            "revenue": 1556826
        },
        "2021-02": {
            "month": "2021-02",
            "price": "13.38",
            "revenue": 1353904
        },
        "2021-03": {
            "month": "2021-03",
            "price": "14.55",
            "revenue": 1725354
        },
        "2021-04": {
            "month": "2021-04",
            "price": "17.41",
            "revenue": 1618373
        },
        "2021-05": {
            "month": "2021-05",
            "price": "13.54",
            "revenue": 1598966
        },
        "2021-06": {
            "month": "2021-06",
            "price": "13.77",
            "revenue": 1573586
        },
        "2021-07": {
            "month": "2021-07",
            "price": "13.53",
            "revenue": 1765429
        },
        "2021-08": {
            "month": "2021-08",
            "price": "12.45",
            "revenue": 1800670
        },
        "2021-09": {
            "month": "2021-09",
            "price": "11.36",
            "revenue": 1881514
        },
        "2021-10": {
            "month": "2021-10",
            "price": "10.76",
            "revenue": 1772246
        },
        "2021-11": {
            "month": "2021-11",
            "price": "11.18",
            "revenue": 1860411
        },
        "2021-12": {
            "month": "2021-12",
            "price": "13.57",
            "revenue": 1776942
        },
        "2022-01": {
            "month": "2022-01",
            "price": "14.00",
            "revenue": 1645988
        },
        "2022-02": {
            "month": "2022-02",
            "price": "13.78",
            "revenue": 1722291
        },
        "2022-03": {
            "month": "2022-03",
            "price": "12.80",
            "revenue": 1643869
        },
        "2022-04": {
            "month": "2022-04",
            "price": "11.16",
            "revenue": 1425056
        },
        "2022-05": {
            "month": "2022-05",
            "price": "10.53",
            "revenue": 990642
        },
        "2022-06": {
            "month": "2022-06",
            "price": "10.22",
            "revenue": 1165201
        },
        "2022-07": {
            "month": "2022-07",
            "price": "9.62",
            "revenue": 1378852
        },
        "2022-08": {
            "month": "2022-08",
            "price": "10.25",
            "revenue": 639192
        },
        "2022-09": {
            "month": "2022-09",
            "price": "9.24",
            "revenue": 927662
        },
        "2022-10": {
            "month": "2022-10",
            "price": "8.94",
            "revenue": 810726
        },
        "2022-11": {
            "month": "2022-11",
            "price": "9.06",
            "revenue": 1082323
        },
        "2022-12": {
            "month": "2022-12",
            "price": "8.98",
            "revenue": 1033789
        },
        "2023-01": {
            "month": "2023-01",
            "price": "8.90",
            "revenue": 851191
        },
        "2023-02": {
            "month": "2023-02",
            "price": "9.76",
            "revenue": 1128603
        },
        "2023-03": {
            "month": "2023-03",
            "price": "10.30",
            "revenue": 1277470
        },
        "2023-04": {
            "month": "2023-04",
            "price": "10.69",
            "revenue": 1285038
        },
        "2023-05": {
            "month": "2023-05",
            "price": "10.33",
            "revenue": 1528391
        }
    }
}
