{
    "summary": {
        "stock_name": "新普",
        "stock_id": "6121",
        "category": "電腦及週邊設備",
        "main_business": "電池製造業電池組裝配(筆記型電腦電池組、行動電話電池組)",
        "website_url": "http://www.simplo.com.tw",
        "ceo": "宋福祥",
        "pe_ratio": 8,
        "report_year_from": 2001,
        "report_year_to": 2023,
        "age": 22,
        "eps_negative_percentage": 0,
        "eps_growth_avg": {
            "last_all": 11.83,
            "last_2y": 23.93,
            "last_4y": 29.63,
            "last_8y": 17.35,
            "last_12y": 12.1,
            "last_16y": 10.03,
            "last_20y": 11.83,
            "at_2006_last_3y": 28.23,
            "at_2007_last_3y": 11.76,
            "at_2008_last_3y": 4.14,
            "at_2009_last_3y": 3.28,
            "at_2010_last_3y": 6.79,
            "at_2011_last_3y": 3.06,
            "at_2012_last_3y": -0.24,
            "at_2013_last_3y": 0.29,
            "at_2014_last_3y": -4.25,
            "at_2015_last_3y": -6.44,
            "at_2016_last_3y": -4.39,
            "at_2017_last_3y": 2.01,
            "at_2018_last_3y": 15.13,
            "at_2019_last_3y": 21.95,
            "at_2020_last_3y": 32.45,
            "at_2021_last_3y": 33.69,
            "at_2022_last_3y": 22.74,
            "at_2023_last_3y": 22.74,
            "at_2006_last_all": 17.35,
            "at_2007_last_all": 17.05,
            "at_2008_last_all": 13.9,
            "at_2009_last_all": 11.38,
            "at_2010_last_all": 12.65,
            "at_2011_last_all": 11.46,
            "at_2012_last_all": 8.76,
            "at_2013_last_all": 7.69,
            "at_2014_last_all": 7.45,
            "at_2015_last_all": 6.34,
            "at_2016_last_all": 5.25,
            "at_2017_last_all": 6.27,
            "at_2018_last_all": 9.26,
            "at_2019_last_all": 9.81,
            "at_2020_last_all": 10.98,
            "at_2021_last_all": 11.75,
            "at_2022_last_all": 11.83,
            "at_2023_last_all": 11.83
        },
        "latest_eps": 37.74,
        "latest_price": 317.5,
        "latest_roe": 21.47,
        "latest_gross_margin": 14.48,
        "latest_equity": 37854221,
        "latest_revenue": 19300222,
        "latest_gross_profit": 2794853,
        "latest_net_income": 1520916,
        "latest_debt_ratio": 49.4,
        "latest_current_ratio": 180.1,
        "latest_account_receivable_turnover_ratio": 1.74,
        "latest_inventory_turnover_ratio": 0.92,
        "latest_reinvestment_rate": 9.47,
        "latest_research_to_sale_ratio": 2.48
    },
    "eps_dividends": {
        "2000": {
            "cash": 0,
            "stock": 2,
            "eps": 0
        },
        "2001": {
            "cash": 0,
            "stock": 2,
            "eps": 5.92
        },
        "2002": {
            "cash": 0,
            "stock": 3,
            "eps": 4.37
        },
        "2003": {
            "cash": 1,
            "stock": 2,
            "eps": 7.93
        },
        "2004": {
            "cash": 1,
            "stock": 3,
            "eps": 9.95
        },
        "2005": {
            "cash": 3,
            "stock": 2,
            "eps": 9.67
        },
        "2006": {
            "cash": 4,
            "stock": 1,
            "eps": 10.52
        },
        "2007": {
            "cash": 5,
            "stock": 1,
            "eps": 12.16
        },
        "2008": {
            "cash": 5,
            "stock": 1,
            "eps": 11.55
        },
        "2009": {
            "cash": 5,
            "stock": 1,
            "eps": 10.83
        },
        "2010": {
            "cash": 5,
            "stock": 1,
            "eps": 13.3
        },
        "2011": {
            "cash": 6,
            "stock": 1,
            "eps": 13.39
        },
        "2012": {
            "cash": 6,
            "stock": 1,
            "eps": 10.95
        },
        "2013": {
            "cash": 7,
            "stock": 0,
            "eps": 10.5
        },
        "2014": {
            "cash": 7,
            "stock": 0,
            "eps": 10.99
        },
        "2015": {
            "cash": 7,
            "stock": 0,
            "eps": 10.1
        },
        "2016": {
            "cash": 7,
            "stock": 0,
            "eps": 9.09
        },
        "2017": {
            "cash": 6,
            "stock": 0,
            "eps": 11.04
        },
        "2018": {
            "cash": 10,
            "stock": 0,
            "eps": 17.35
        },
        "2019": {
            "cash": 12,
            "stock": 0,
            "eps": 20.68
        },
        "2020": {
            "cash": 15,
            "stock": 0,
            "eps": 27.3
        },
        "2021": {
            "cash": 19,
            "stock": 0,
            "eps": 34.51
        },
        "2022": {
            "cash": 26,
            "stock": 0,
            "eps": 39.12
        },
        "2023": {
            "cash": 28,
            "stock": 0,
            "eps": 6.72
        }
    },
    "dividends": {
        "2000-03-20": {
            "cash": 0,
            "stock": 2
        },
        "2001-03-30": {
            "cash": 0,
            "stock": 2
        },
        "2002-05-28": {
            "cash": 0,
            "stock": 2.5
        },
        "2003-06-09": {
            "cash": 0.5,
            "stock": 1.98
        },
        "2004-03-30": {
            "cash": 1,
            "stock": 3
        },
        "2005-04-26": {
            "cash": 3,
            "stock": 2
        },
        "2006-03-08": {
            "cash": 4,
            "stock": 1
        },
        "2007-03-12": {
            "cash": 4.5,
            "stock": 1
        },
        "2008-04-18": {
            "cash": 5,
            "stock": 1
        },
        "2009-04-29": {
            "cash": 5,
            "stock": 1
        },
        "2010-03-18": {
            "cash": 5,
            "stock": 1
        },
        "2011-04-29": {
            "cash": 5.5,
            "stock": 1
        },
        "2012-06-21": {
            "cash": 6,
            "stock": 1
        },
        "2013-06-17": {
            "cash": 6.5,
            "stock": 0
        },
        "2014-08-28": {
            "cash": 6.8,
            "stock": 0
        },
        "2015-08-28": {
            "cash": 7,
            "stock": 0
        },
        "2016-08-26": {
            "cash": 7,
            "stock": 0
        },
        "2017-08-22": {
            "cash": 6,
            "stock": 0
        },
        "2018-08-24": {
            "cash": 10,
            "stock": 0
        },
        "2019-08-22": {
            "cash": 11.5,
            "stock": 0
        },
        "2020-08-19": {
            "cash": 14.5,
            "stock": 0
        },
        "2021-09-03": {
            "cash": 19.1,
            "stock": 0
        },
        "2022-08-18": {
            "cash": 26,
            "stock": 0
        },
        "2023-01-18": {
            "cash": 13.1,
            "stock": 0
        },
        "2023-03-15": {
            "cash": 14.5,
            "stock": 0
        }
    },
    "prices": {
        "200101": "無",
        "200102": "無",
        "200103": "無",
        "200104": "無",
        "200105": "無",
        "200106": "無",
        "200107": "無",
        "200108": "無",
        "200109": "無",
        "200110": "無",
        "200111": "52.90",
        "200112": "90.36",
        "200201": "105.80",
        "200202": "99.21",
        "200203": "100.64",
        "200204": "117.48",
        "200205": "109.18",
        "200206": "88.65",
        "200207": "71.72",
        "200208": "61.41",
        "200209": "59.90",
        "200210": "58.32",
        "200211": "57.95",
        "200212": "57.20",
        "200301": "50.21",
        "200302": "45.62",
        "200303": "45.50",
        "200304": "46.81",
        "200305": "53.34",
        "200306": "61.25",
        "200307": "75.13",
        "200308": "83.21",
        "200309": "76.90",
        "200310": "72.70",
        "200311": "81.92",
        "200312": "93.50",
        "200401": "94.37",
        "200402": "95.92",
        "200403": "91.65",
        "200404": "98.25",
        "200405": "94.31",
        "200406": "85.95",
        "200407": "72.39",
        "200408": "78.52",
        "200409": "82.79",
        "200410": "73.88",
        "200411": "77.45",
        "200412": "75.72",
        "200501": "65.43",
        "200502": "71.81",
        "200503": "74.43",
        "200504": "78.96",
        "200505": "77.28",
        "200506": "82.65",
        "200507": "75.72",
        "200508": "77.81",
        "200509": "77.08",
        "200510": "75.90",
        "200511": "74.76",
        "200512": "77.90",
        "200601": "78.50",
        "200602": "75.45",
        "200603": "79.53",
        "200604": "83.01",
        "200605": "99.89",
        "200606": "88.24",
        "200607": "87.41",
        "200608": "88.94",
        "200609": "92.55",
        "200610": "92.68",
        "200611": "96.22",
        "200612": "106.29",
        "200701": "115.91",
        "200702": "119.62",
        "200703": "142.54",
        "200704": "162.75",
        "200705": "163.11",
        "200706": "182.48",
        "200707": "206.43",
        "200708": "202.43",
        "200709": "199.64",
        "200710": "184.07",
        "200711": "163.66",
        "200712": "159.21",
        "200801": "132.84",
        "200802": "141.57",
        "200803": "146.62",
        "200804": "169.14",
        "200805": "164.33",
        "200806": "161.21",
        "200807": "144.16",
        "200808": "132.36",
        "200809": "116.55",
        "200810": "96.53",
        "200811": "79.44",
        "200812": "80.13",
        "200901": "81.43",
        "200902": "87.38",
        "200903": "92.65",
        "200904": "110.53",
        "200905": "136.14",
        "200906": "129.33",
        "200907": "146.63",
        "200908": "143.98",
        "200909": "168.41",
        "200910": "177.00",
        "200911": "173.88",
        "200912": "178.67",
        "201001": "188.75",
        "201002": "178.64",
        "201003": "174.02",
        "201004": "182.69",
        "201005": "181.57",
        "201006": "178.55",
        "201007": "180.50",
        "201008": "170.70",
        "201009": "172.24",
        "201010": "183.17",
        "201011": "194.11",
        "201012": "211.35",
        "201101": "207.38",
        "201102": "193.64",
        "201103": "191.74",
        "201104": "187.58",
        "201105": "215.81",
        "201106": "227.36",
        "201107": "254.71",
        "201108": "226.80",
        "201109": "194.69",
        "201110": "180.35",
        "201111": "173.70",
        "201112": "164.27",
        "201201": "185.17",
        "201202": "214.10",
        "201203": "216.93",
        "201204": "220.88",
        "201205": "212.75",
        "201206": "208.19",
        "201207": "193.84",
        "201208": "184.32",
        "201209": "180.78",
        "201210": "173.41",
        "201211": "137.77",
        "201212": "144.02",
        "201301": "135.86",
        "201302": "133.31",
        "201303": "134.79",
        "201304": "128.62",
        "201305": "134.91",
        "201306": "132.18",
        "201307": "128.37",
        "201308": "137.33",
        "201309": "141.28",
        "201310": "146.11",
        "201311": "130.67",
        "201312": "132.64",
        "201401": "139.33",
        "201402": "134.41",
        "201403": "136.98",
        "201404": "147.88",
        "201405": "157.64",
        "201406": "169.98",
        "201407": "177.20",
        "201408": "163.69",
        "201409": "155.57",
        "201410": "147.16",
        "201411": "155.68",
        "201412": "158.27",
        "201501": "154.88",
        "201502": "154.46",
        "201503": "156.84",
        "201504": "155.98",
        "201505": "146.40",
        "201506": "137.50",
        "201507": "133.89",
        "201508": "112.63",
        "201509": "110.88",
        "201510": "113.45",
        "201511": "115.95",
        "201512": "109.91",
        "201601": "98.36",
        "201602": "105.46",
        "201603": "113.33",
        "201604": "112.50",
        "201605": "107.64",
        "201606": "111.86",
        "201607": "114.58",
        "201608": "109.65",
        "201609": "103.92",
        "201610": "98.76",
        "201611": "93.09",
        "201612": "93.68",
        "201701": "94.12",
        "201702": "99.73",
        "201703": "102.13",
        "201704": "99.88",
        "201705": "99.65",
        "201706": "101.33",
        "201707": "100.72",
        "201708": "100.28",
        "201709": "120.00",
        "201710": "175.84",
        "201711": "178.77",
        "201712": "164.69",
        "201801": "180.30",
        "201802": "183.46",
        "201803": "184.00",
        "201804": "174.25",
        "201805": "176.89",
        "201806": "182.38",
        "201807": "175.36",
        "201808": "199.46",
        "201809": "210.53",
        "201810": "193.05",
        "201811": "184.84",
        "201812": "192.45",
        "201901": "212.19",
        "201902": "223.46",
        "201903": "230.30",
        "201904": "276.05",
        "201905": "252.25",
        "201906": "245.97",
        "201907": "253.78",
        "201908": "245.48",
        "201909": "264.84",
        "201910": "273.21",
        "201911": "295.71",
        "201912": "309.91",
        "202001": "311.43",
        "202002": "313.87",
        "202003": "268.02",
        "202004": "296.50",
        "202005": "309.80",
        "202006": "327.58",
        "202007": "342.09",
        "202008": "338.38",
        "202009": "318.23",
        "202010": "316.71",
        "202011": "323.64",
        "202012": "346.96",
        "202101": "369.98",
        "202102": "361.31",
        "202103": "364.18",
        "202104": "369.71",
        "202105": "354.38",
        "202106": "357.45",
        "202107": "361.86",
        "202108": "333.36",
        "202109": "301.90",
        "202110": "284.98",
        "202111": "311.32",
        "202112": "327.66",
        "202201": "328.08",
        "202202": "318.30",
        "202203": "313.98",
        "202204": "300.58",
        "202205": "289.83",
        "202206": "284.29",
        "202207": "260.24",
        "202208": "274.07",
        "202209": "276.05",
        "202210": "259.50",
        "202211": "286.36",
        "202212": "294.27",
        "202301": "289.04",
        "202302": "296.56",
        "202303": "298.39",
        "202304": "312.18",
        "202305": "311.26"
    },
    "quarters": {
        "20011": {
            "year_quarter": 20011,
            "year": 2001,
            "quarter": 1,
            "eps": 1.75,
            "eps_growth_year": null,
            "eps_4q": null,
            "eps_4q_growth_year": null,
            "roe": 7.51,
            "roe_4q": 7.51,
            "gross_profit": 72220,
            "gross_margin": 17.32,
            "gross_margin_4q_avg": 17.32,
            "net_income": 52638,
            "revenue": 417010,
            "common_shares": 300000,
            "book_valuer_per_share": 24.25,
            "book_valuer_per_share_4q_avg": 24.25,
            "equity": 727565,
            "current_ratio": 202.32,
            "debt_ratio": 38.65,
            "inventory_turnover_ratio": 1.61,
            "account_receivable_turnover_ratio": null,
            "reinvestment_rate": null,
            "research_to_sale_ratio": null,
            "price_fair": 0,
            "eps_avg_yearly": 0,
            "eps_latest_yearly": 0,
            "eps_growth_yearly": 0
        },
        "20012": {
            "year_quarter": 20012,
            "year": 2001,
            "quarter": 2,
            "eps": 1.51,
            "eps_growth_year": null,
            "eps_4q": 4.74,
            "eps_4q_growth_year": null,
            "roe": 6.05,
            "roe_4q": 13.559999999999999,
            "gross_profit": 92573,
            "gross_margin": 18.63,
            "gross_margin_4q_avg": 17.98,
            "net_income": 45306,
            "revenue": 496774,
            "common_shares": 300000,
            "book_valuer_per_share": 25.68,
            "book_valuer_per_share_4q_avg": 24.97,
            "equity": 770256,
            "current_ratio": 198.61,
            "debt_ratio": 37.56,
            "inventory_turnover_ratio": 2.01,
            "account_receivable_turnover_ratio": null,
            "reinvestment_rate": null,
            "research_to_sale_ratio": null,
            "price_fair": 0,
            "eps_avg_yearly": 0,
            "eps_latest_yearly": 0,
            "eps_growth_yearly": 0
        },
        "20013": {
            "year_quarter": 20013,
            "year": 2001,
            "quarter": 3,
            "eps": 1.57,
            "eps_growth_year": 93.83,
            "eps_4q": 4.8,
            "eps_4q_growth_year": null,
            "roe": 7.18,
            "roe_4q": 20.740000000000002,
            "gross_profit": 104486,
            "gross_margin": 19.71,
            "gross_margin_4q_avg": 18.55,
            "net_income": 57405,
            "revenue": 530126,
            "common_shares": 364800,
            "book_valuer_per_share": 22.69,
            "book_valuer_per_share_4q_avg": 24.21,
            "equity": 827660,
            "current_ratio": 184.88,
            "debt_ratio": 41.55,
            "inventory_turnover_ratio": 2.26,
            "account_receivable_turnover_ratio": null,
            "reinvestment_rate": null,
            "research_to_sale_ratio": null,
            "price_fair": 0,
            "eps_avg_yearly": 0,
            "eps_latest_yearly": 0,
            "eps_growth_yearly": 0
        },
        "20014": {
            "year_quarter": 20014,
            "year": 2001,
            "quarter": 4,
            "eps": 1.09,
            "eps_growth_year": 43.42,
            "eps_4q": 5.34,
            "eps_4q_growth_year": null,
            "roe": 4.7,
            "roe_4q": 25.439999999999998,
            "gross_profit": 71406,
            "gross_margin": 13.04,
            "gross_margin_4q_avg": 17.18,
            "net_income": 39824,
            "revenue": 547787,
            "common_shares": 364800,
            "book_valuer_per_share": 23.78,
            "book_valuer_per_share_4q_avg": 24.1,
            "equity": 867484,
            "current_ratio": 179.35,
            "debt_ratio": 42.29,
            "inventory_turnover_ratio": 2.28,
            "account_receivable_turnover_ratio": null,
            "reinvestment_rate": null,
            "research_to_sale_ratio": null,
            "price_fair": 0,
            "eps_avg_yearly": 0,
            "eps_latest_yearly": 0,
            "eps_growth_yearly": 0
        },
        "20021": {
            "year_quarter": 20021,
            "year": 2002,
            "quarter": 1,
            "eps": 1.43,
            "eps_growth_year": -18.29,
            "eps_4q": 5.35,
            "eps_4q_growth_year": null,
            "roe": 5.82,
            "roe_4q": 23.75,
            "gross_profit": 90104,
            "gross_margin": 18.36,
            "gross_margin_4q_avg": 17.44,
            "net_income": 51991,
            "revenue": 490659,
            "common_shares": 364800,
            "book_valuer_per_share": 25.2,
            "book_valuer_per_share_4q_avg": 24.34,
            "equity": 919475,
            "current_ratio": 176.6,
            "debt_ratio": 43.01,
            "inventory_turnover_ratio": 1.76,
            "account_receivable_turnover_ratio": null,
            "reinvestment_rate": null,
            "research_to_sale_ratio": null,
            "price_fair": 200.2,
            "eps_avg_yearly": 5.72,
            "eps_latest_yearly": 5.72,
            "eps_growth_yearly": 124.77
        },
        "20022": {
            "year_quarter": 20022,
            "year": 2002,
            "quarter": 2,
            "eps": 0.92,
            "eps_growth_year": -39.07,
            "eps_4q": 4.14,
            "eps_4q_growth_year": -12.72,
            "roe": 4.55,
            "roe_4q": 22.25,
            "gross_profit": 131768,
            "gross_margin": 19.31,
            "gross_margin_4q_avg": 17.61,
            "net_income": 42670,
            "revenue": 682486,
            "common_shares": 364800,
            "book_valuer_per_share": 26.21,
            "book_valuer_per_share_4q_avg": 24.47,
            "equity": 956075,
            "current_ratio": 250.9,
            "debt_ratio": 55.71,
            "inventory_turnover_ratio": 1.74,
            "account_receivable_turnover_ratio": null,
            "reinvestment_rate": null,
            "research_to_sale_ratio": null,
            "price_fair": 14.1,
            "eps_avg_yearly": 4.7,
            "eps_latest_yearly": 3.68,
            "eps_growth_yearly": -8.94
        },
        "20023": {
            "year_quarter": 20023,
            "year": 2002,
            "quarter": 3,
            "eps": 0.74,
            "eps_growth_year": -52.87,
            "eps_4q": 3.64,
            "eps_4q_growth_year": -24.16,
            "roe": 3.53,
            "roe_4q": 18.6,
            "gross_profit": 67816,
            "gross_margin": 12.79,
            "gross_margin_4q_avg": 15.88,
            "net_income": 34349,
            "revenue": 530410,
            "common_shares": 466000,
            "book_valuer_per_share": 21.25,
            "book_valuer_per_share_4q_avg": 24.11,
            "equity": 990424,
            "current_ratio": 239.37,
            "debt_ratio": 56.3,
            "inventory_turnover_ratio": 1.09,
            "account_receivable_turnover_ratio": null,
            "reinvestment_rate": null,
            "research_to_sale_ratio": null,
            "price_fair": 12.36,
            "eps_avg_yearly": 4.12,
            "eps_latest_yearly": 2.96,
            "eps_growth_yearly": -32.05
        },
        "20024": {
            "year_quarter": 20024,
            "year": 2002,
            "quarter": 4,
            "eps": 1.28,
            "eps_growth_year": 17.43,
            "eps_4q": 4.05,
            "eps_4q_growth_year": -24.2,
            "roe": 5.69,
            "roe_4q": 19.59,
            "gross_profit": 111533,
            "gross_margin": 11.04,
            "gross_margin_4q_avg": 15.38,
            "net_income": 59634,
            "revenue": 1010370,
            "common_shares": 466000,
            "book_valuer_per_share": 22.53,
            "book_valuer_per_share_4q_avg": 23.8,
            "equity": 1105169,
            "current_ratio": 220.08,
            "debt_ratio": 56.86,
            "inventory_turnover_ratio": 2.11,
            "account_receivable_turnover_ratio": null,
            "reinvestment_rate": null,
            "research_to_sale_ratio": null,
            "price_fair": 152.95,
            "eps_avg_yearly": 4.37,
            "eps_latest_yearly": 5.12,
            "eps_growth_yearly": 48.94
        },
        "20031": {
            "year_quarter": 20031,
            "year": 2003,
            "quarter": 1,
            "eps": 1.09,
            "eps_growth_year": -23.78,
            "eps_4q": 4.03,
            "eps_4q_growth_year": -24.67,
            "roe": 4.59,
            "roe_4q": 18.36,
            "gross_profit": 115122,
            "gross_margin": 10.82,
            "gross_margin_4q_avg": 13.49,
            "net_income": 50652,
            "revenue": 1064257,
            "common_shares": 466000,
            "book_valuer_per_share": 23.62,
            "book_valuer_per_share_4q_avg": 23.4,
            "equity": 1100710,
            "current_ratio": 213.46,
            "debt_ratio": 59.52,
            "inventory_turnover_ratio": 2.38,
            "account_receivable_turnover_ratio": null,
            "reinvestment_rate": null,
            "research_to_sale_ratio": null,
            "price_fair": 152.88,
            "eps_avg_yearly": 4.37,
            "eps_latest_yearly": 4.36,
            "eps_growth_yearly": 27.27
        },
        "20032": {
            "year_quarter": 20032,
            "year": 2003,
            "quarter": 2,
            "eps": 1.54,
            "eps_growth_year": 67.39,
            "eps_4q": 4.64,
            "eps_4q_growth_year": 12.2,
            "roe": 6.4,
            "roe_4q": 20.21,
            "gross_profit": 174562,
            "gross_margin": 11.21,
            "gross_margin_4q_avg": 11.47,
            "net_income": 71806,
            "revenue": 1557194,
            "common_shares": 466000,
            "book_valuer_per_share": 24.53,
            "book_valuer_per_share_4q_avg": 22.98,
            "equity": 1143323,
            "current_ratio": 198.95,
            "debt_ratio": 61.96,
            "inventory_turnover_ratio": 3.46,
            "account_receivable_turnover_ratio": null,
            "reinvestment_rate": null,
            "research_to_sale_ratio": null,
            "price_fair": 163.33,
            "eps_avg_yearly": 4.67,
            "eps_latest_yearly": 6.16,
            "eps_growth_yearly": 50.25
        },
        "20033": {
            "year_quarter": 20033,
            "year": 2003,
            "quarter": 3,
            "eps": 2.24,
            "eps_growth_year": 202.7,
            "eps_4q": 5.44,
            "eps_4q_growth_year": 49.5,
            "roe": 10.43,
            "roe_4q": 27.11,
            "gross_profit": 212373,
            "gross_margin": 11.95,
            "gross_margin_4q_avg": 11.26,
            "net_income": 127549,
            "revenue": 1776551,
            "common_shares": 574828,
            "book_valuer_per_share": 22.65,
            "book_valuer_per_share_4q_avg": 23.33,
            "equity": 1301744,
            "current_ratio": 205.47,
            "debt_ratio": 59.5,
            "inventory_turnover_ratio": 3.36,
            "account_receivable_turnover_ratio": null,
            "reinvestment_rate": null,
            "research_to_sale_ratio": null,
            "price_fair": 184.8,
            "eps_avg_yearly": 5.28,
            "eps_latest_yearly": 8.96,
            "eps_growth_yearly": 69.05
        },
        "20034": {
            "year_quarter": 20034,
            "year": 2003,
            "quarter": 4,
            "eps": 3.06,
            "eps_growth_year": 139.06,
            "eps_4q": 7.42,
            "eps_4q_growth_year": 83.33,
            "roe": 11.74,
            "roe_4q": 33.16,
            "gross_profit": 327595,
            "gross_margin": 14.25,
            "gross_margin_4q_avg": 12.06,
            "net_income": 175331,
            "revenue": 2299227,
            "common_shares": 604355,
            "book_valuer_per_share": 27.14,
            "book_valuer_per_share_4q_avg": 24.49,
            "equity": 1684682,
            "current_ratio": 153.24,
            "debt_ratio": 61.75,
            "inventory_turnover_ratio": 2.6,
            "account_receivable_turnover_ratio": null,
            "reinvestment_rate": null,
            "research_to_sale_ratio": null,
            "price_fair": 215.25,
            "eps_avg_yearly": 6.15,
            "eps_latest_yearly": 12.24,
            "eps_growth_yearly": 78.72
        },
        "20041": {
            "year_quarter": 20041,
            "year": 2004,
            "quarter": 1,
            "eps": 2.3,
            "eps_growth_year": 111.01,
            "eps_4q": 8.48,
            "eps_4q_growth_year": 110.4,
            "roe": 8.04,
            "roe_4q": 36.61,
            "gross_profit": 297779,
            "gross_margin": 15.48,
            "gross_margin_4q_avg": 13.22,
            "net_income": 139435,
            "revenue": 1923821,
            "common_shares": 606113,
            "book_valuer_per_share": 29.43,
            "book_valuer_per_share_4q_avg": 25.94,
            "equity": 1783904,
            "current_ratio": 165.76,
            "debt_ratio": 63.72,
            "inventory_turnover_ratio": 2.25,
            "account_receivable_turnover_ratio": null,
            "reinvestment_rate": null,
            "research_to_sale_ratio": null,
            "price_fair": 227.11,
            "eps_avg_yearly": 6.49,
            "eps_latest_yearly": 9.2,
            "eps_growth_yearly": 58.93
        },
        "20042": {
            "year_quarter": 20042,
            "year": 2004,
            "quarter": 2,
            "eps": 2.69,
            "eps_growth_year": 74.68,
            "eps_4q": 9.99,
            "eps_4q_growth_year": 115.24,
            "roe": 8.86,
            "roe_4q": 39.07,
            "gross_profit": 352429,
            "gross_margin": 16.02,
            "gross_margin_4q_avg": 14.43,
            "net_income": 162957,
            "revenue": 2200060,
            "common_shares": 609421,
            "book_valuer_per_share": 31.09,
            "book_valuer_per_share_4q_avg": 27.58,
            "equity": 1894932,
            "current_ratio": 144.49,
            "debt_ratio": 66.41,
            "inventory_turnover_ratio": 4.05,
            "account_receivable_turnover_ratio": null,
            "reinvestment_rate": 23.06,
            "research_to_sale_ratio": null,
            "price_fair": 242.06,
            "eps_avg_yearly": 6.92,
            "eps_latest_yearly": 10.76,
            "eps_growth_yearly": 59.82
        },
        "20043": {
            "year_quarter": 20043,
            "year": 2004,
            "quarter": 3,
            "eps": 2.37,
            "eps_growth_year": 5.8,
            "eps_4q": 8.22,
            "eps_4q_growth_year": 51.2,
            "roe": 9.32,
            "roe_4q": 37.96,
            "gross_profit": 322022,
            "gross_margin": 13.23,
            "gross_margin_4q_avg": 14.75,
            "net_income": 193466,
            "revenue": 2433386,
            "common_shares": 848317,
            "book_valuer_per_share": 26.59,
            "book_valuer_per_share_4q_avg": 28.56,
            "equity": 2255640,
            "current_ratio": 166.61,
            "debt_ratio": 55.88,
            "inventory_turnover_ratio": 5.01,
            "account_receivable_turnover_ratio": null,
            "reinvestment_rate": 8.65,
            "research_to_sale_ratio": null,
            "price_fair": 250.22,
            "eps_avg_yearly": 7.15,
            "eps_latest_yearly": 9.48,
            "eps_growth_yearly": 50.06
        },
        "20044": {
            "year_quarter": 20044,
            "year": 2004,
            "quarter": 4,
            "eps": 2.59,
            "eps_growth_year": -15.36,
            "eps_4q": 8.58,
            "eps_4q_growth_year": 15.54,
            "roe": 8.88,
            "roe_4q": 35.1,
            "gross_profit": 146604,
            "gross_margin": 5.98,
            "gross_margin_4q_avg": 12.68,
            "net_income": 214524,
            "revenue": 2453362,
            "common_shares": 865760,
            "book_valuer_per_share": 29.09,
            "book_valuer_per_share_4q_avg": 29.05,
            "equity": 2578281,
            "current_ratio": 184.34,
            "debt_ratio": 44.1,
            "inventory_turnover_ratio": 3.01,
            "account_receivable_turnover_ratio": null,
            "reinvestment_rate": 41.53,
            "research_to_sale_ratio": null,
            "price_fair": 259.58,
            "eps_avg_yearly": 7.42,
            "eps_latest_yearly": 10.36,
            "eps_growth_yearly": 48.98
        },
        "20051": {
            "year_quarter": 20051,
            "year": 2005,
            "quarter": 1,
            "eps": 2.1,
            "eps_growth_year": -8.7,
            "eps_4q": 8.68,
            "eps_4q_growth_year": 2.38,
            "roe": 6.82,
            "roe_4q": 33.88,
            "gross_profit": 235198,
            "gross_margin": 10.55,
            "gross_margin_4q_avg": 11.45,
            "net_income": 182159,
            "revenue": 2228599,
            "common_shares": 880221,
            "book_valuer_per_share": 31.39,
            "book_valuer_per_share_4q_avg": 29.54,
            "equity": 2762713,
            "current_ratio": 191.77,
            "debt_ratio": 43.62,
            "inventory_turnover_ratio": 1.62,
            "account_receivable_turnover_ratio": null,
            "reinvestment_rate": 2.02,
            "research_to_sale_ratio": null,
            "price_fair": 262.23,
            "eps_avg_yearly": 7.49,
            "eps_latest_yearly": 8.4,
            "eps_growth_yearly": 39.39
        },
        "20052": {
            "year_quarter": 20052,
            "year": 2005,
            "quarter": 2,
            "eps": 1.7,
            "eps_growth_year": -36.8,
            "eps_4q": 7.17,
            "eps_4q_growth_year": -28.23,
            "roe": 6.87,
            "roe_4q": 31.89,
            "gross_profit": 355682,
            "gross_margin": 14.42,
            "gross_margin_4q_avg": 11.05,
            "net_income": 183366,
            "revenue": 2466207,
            "common_shares": 880321,
            "book_valuer_per_share": 29.27,
            "book_valuer_per_share_4q_avg": 29.09,
            "equity": 2576819,
            "current_ratio": 162.53,
            "debt_ratio": 52.4,
            "inventory_turnover_ratio": 1.55,
            "account_receivable_turnover_ratio": null,
            "reinvestment_rate": -1.86,
            "research_to_sale_ratio": null,
            "price_fair": 260.5,
            "eps_avg_yearly": 7.44,
            "eps_latest_yearly": 6.8,
            "eps_growth_yearly": 31.14
        },
        "20053": {
            "year_quarter": 20053,
            "year": 2005,
            "quarter": 3,
            "eps": 2.82,
            "eps_growth_year": 18.99,
            "eps_4q": 8.09,
            "eps_4q_growth_year": -1.59,
            "roe": 10.32,
            "roe_4q": 32.89,
            "gross_profit": 522645,
            "gross_margin": 17.1,
            "gross_margin_4q_avg": 12.01,
            "net_income": 310314,
            "revenue": 3056572,
            "common_shares": 1201724,
            "book_valuer_per_share": 28.62,
            "book_valuer_per_share_4q_avg": 29.59,
            "equity": 3439132,
            "current_ratio": 217.9,
            "debt_ratio": 41.65,
            "inventory_turnover_ratio": 1.73,
            "account_receivable_turnover_ratio": null,
            "reinvestment_rate": -2.07,
            "research_to_sale_ratio": null,
            "price_fair": 269.45,
            "eps_avg_yearly": 7.7,
            "eps_latest_yearly": 11.28,
            "eps_growth_yearly": 46.63
        },
        "20054": {
            "year_quarter": 20054,
            "year": 2005,
            "quarter": 4,
            "eps": 3.05,
            "eps_growth_year": 17.76,
            "eps_4q": 9.04,
            "eps_4q_growth_year": 5.45,
            "roe": 9.4,
            "roe_4q": 33.41,
            "gross_profit": 614243,
            "gross_margin": 18.19,
            "gross_margin_4q_avg": 15.07,
            "net_income": 343910,
            "revenue": 3377387,
            "common_shares": 1201724,
            "book_valuer_per_share": 31.75,
            "book_valuer_per_share_4q_avg": 30.26,
            "equity": 3881379,
            "current_ratio": 181.57,
            "debt_ratio": 46.45,
            "inventory_turnover_ratio": 1.57,
            "account_receivable_turnover_ratio": null,
            "reinvestment_rate": 39.8,
            "research_to_sale_ratio": null,
            "price_fair": 279.3,
            "eps_avg_yearly": 7.98,
            "eps_latest_yearly": 12.2,
            "eps_growth_yearly": 45.75
        },
        "20061": {
            "year_quarter": 20061,
            "year": 2006,
            "quarter": 1,
            "eps": 1.93,
            "eps_growth_year": -8.1,
            "eps_4q": 8.89,
            "eps_4q_growth_year": 2.44,
            "roe": 5.85,
            "roe_4q": 32.44,
            "gross_profit": 471244,
            "gross_margin": 15.67,
            "gross_margin_4q_avg": 16.35,
            "net_income": 232126,
            "revenue": 3006469,
            "common_shares": 1201724,
            "book_valuer_per_share": 33.69,
            "book_valuer_per_share_4q_avg": 30.83,
            "equity": 4048641,
            "current_ratio": 222.59,
            "debt_ratio": 41.48,
            "inventory_turnover_ratio": 1.19,
            "account_receivable_turnover_ratio": null,
            "reinvestment_rate": -1.89,
            "research_to_sale_ratio": null,
            "price_fair": 283.68,
            "eps_avg_yearly": 8.11,
            "eps_latest_yearly": 7.72,
            "eps_growth_yearly": 28.78
        },
        "20062": {
            "year_quarter": 20062,
            "year": 2006,
            "quarter": 2,
            "eps": 2.31,
            "eps_growth_year": 35.88,
            "eps_4q": 9.69,
            "eps_4q_growth_year": 35.11,
            "roe": 7.08,
            "roe_4q": 32.65,
            "gross_profit": 513556,
            "gross_margin": 14.6,
            "gross_margin_4q_avg": 16.39,
            "net_income": 277457,
            "revenue": 3517638,
            "common_shares": 1201724,
            "book_valuer_per_share": 31.56,
            "book_valuer_per_share_4q_avg": 31.41,
            "equity": 3792619,
            "current_ratio": 184.12,
            "debt_ratio": 47.62,
            "inventory_turnover_ratio": 1.28,
            "account_receivable_turnover_ratio": null,
            "reinvestment_rate": -1.66,
            "research_to_sale_ratio": null,
            "price_fair": 295.84,
            "eps_avg_yearly": 8.45,
            "eps_latest_yearly": 9.24,
            "eps_growth_yearly": 42.61
        },
        "20063": {
            "year_quarter": 20063,
            "year": 2006,
            "quarter": 3,
            "eps": 2.92,
            "eps_growth_year": 3.55,
            "eps_4q": 9.07,
            "eps_4q_growth_year": 12.12,
            "roe": 9.1,
            "roe_4q": 31.43,
            "gross_profit": 693211,
            "gross_margin": 15.35,
            "gross_margin_4q_avg": 15.95,
            "net_income": 405092,
            "revenue": 4515531,
            "common_shares": 1500453,
            "book_valuer_per_share": 34.05,
            "book_valuer_per_share_4q_avg": 32.76,
            "equity": 5109774,
            "current_ratio": 204.98,
            "debt_ratio": 43.88,
            "inventory_turnover_ratio": 1.49,
            "account_receivable_turnover_ratio": null,
            "reinvestment_rate": -0.15,
            "research_to_sale_ratio": null,
            "price_fair": 314.91,
            "eps_avg_yearly": 9,
            "eps_latest_yearly": 11.68,
            "eps_growth_yearly": 54.11
        },
        "20064": {
            "year_quarter": 20064,
            "year": 2006,
            "quarter": 4,
            "eps": 3.36,
            "eps_growth_year": 10.16,
            "eps_4q": 9.82,
            "eps_4q_growth_year": 8.63,
            "roe": 8.84,
            "roe_4q": 30.869999999999997,
            "gross_profit": 803651,
            "gross_margin": 15.25,
            "gross_margin_4q_avg": 15.22,
            "net_income": 475447,
            "revenue": 5270428,
            "common_shares": 1500453,
            "book_valuer_per_share": 37.34,
            "book_valuer_per_share_4q_avg": 34.16,
            "equity": 5642972,
            "current_ratio": 197.46,
            "debt_ratio": 41.38,
            "inventory_turnover_ratio": 1.82,
            "account_receivable_turnover_ratio": null,
            "reinvestment_rate": 36.45,
            "research_to_sale_ratio": null,
            "price_fair": 333.11,
            "eps_avg_yearly": 9.52,
            "eps_latest_yearly": 13.44,
            "eps_growth_yearly": 39.63
        },
        "20071": {
            "year_quarter": 20071,
            "year": 2007,
            "quarter": 1,
            "eps": 2.31,
            "eps_growth_year": 19.69,
            "eps_4q": 10.04,
            "eps_4q_growth_year": 12.85,
            "roe": 5.96,
            "roe_4q": 30.979999999999997,
            "gross_profit": 664800,
            "gross_margin": 15.04,
            "gross_margin_4q_avg": 15.06,
            "net_income": 346173,
            "revenue": 4419315,
            "common_shares": 1500453,
            "book_valuer_per_share": 39.77,
            "book_valuer_per_share_4q_avg": 35.68,
            "equity": 5967067,
            "current_ratio": 223.56,
            "debt_ratio": 40.51,
            "inventory_turnover_ratio": 1.58,
            "account_receivable_turnover_ratio": null,
            "reinvestment_rate": 0.21,
            "research_to_sale_ratio": null,
            "price_fair": 343.79,
            "eps_avg_yearly": 9.82,
            "eps_latest_yearly": 9.24,
            "eps_growth_yearly": 35.53
        },
        "20072": {
            "year_quarter": 20072,
            "year": 2007,
            "quarter": 2,
            "eps": 2.64,
            "eps_growth_year": 14.29,
            "eps_4q": 9.89,
            "eps_4q_growth_year": 2.03,
            "roe": 7.65,
            "roe_4q": 31.549999999999997,
            "gross_profit": 755838,
            "gross_margin": 14.67,
            "gross_margin_4q_avg": 15.08,
            "net_income": 446947,
            "revenue": 5151178,
            "common_shares": 1500453,
            "book_valuer_per_share": 38.13,
            "book_valuer_per_share_4q_avg": 37.32,
            "equity": 5720591,
            "current_ratio": 184.69,
            "debt_ratio": 49.4,
            "inventory_turnover_ratio": 1.49,
            "account_receivable_turnover_ratio": null,
            "reinvestment_rate": -0.11,
            "research_to_sale_ratio": null,
            "price_fair": 353.41,
            "eps_avg_yearly": 10.1,
            "eps_latest_yearly": 10.56,
            "eps_growth_yearly": 28.78
        },
        "20073": {
            "year_quarter": 20073,
            "year": 2007,
            "quarter": 3,
            "eps": 3.14,
            "eps_growth_year": 7.53,
            "eps_4q": 10.45,
            "eps_4q_growth_year": 15.23,
            "roe": 8.12,
            "roe_4q": 30.57,
            "gross_profit": 924863,
            "gross_margin": 15.35,
            "gross_margin_4q_avg": 15.08,
            "net_income": 544592,
            "revenue": 6027012,
            "common_shares": 1855499,
            "book_valuer_per_share": 41.5,
            "book_valuer_per_share_4q_avg": 39.19,
            "equity": 7700674,
            "current_ratio": 230.84,
            "debt_ratio": 40.68,
            "inventory_turnover_ratio": 1.45,
            "account_receivable_turnover_ratio": null,
            "reinvestment_rate": -0.23,
            "research_to_sale_ratio": null,
            "price_fair": 331.88,
            "eps_avg_yearly": 10.32,
            "eps_latest_yearly": 12.56,
            "eps_growth_yearly": 22.15
        },
        "20074": {
            "year_quarter": 20074,
            "year": 2007,
            "quarter": 4,
            "eps": 4.07,
            "eps_growth_year": 21.13,
            "eps_4q": 11.64,
            "eps_4q_growth_year": 18.51,
            "roe": 8.9,
            "roe_4q": 30.630000000000003,
            "gross_profit": 1120608,
            "gross_margin": 15.28,
            "gross_margin_4q_avg": 15.09,
            "net_income": 718991,
            "revenue": 7334515,
            "common_shares": 1855499,
            "book_valuer_per_share": 45.56,
            "book_valuer_per_share_4q_avg": 41.24,
            "equity": 8454160,
            "current_ratio": 201.92,
            "debt_ratio": 42.76,
            "inventory_turnover_ratio": 1.87,
            "account_receivable_turnover_ratio": null,
            "reinvestment_rate": 30.25,
            "research_to_sale_ratio": null,
            "price_fair": 321.52,
            "eps_avg_yearly": 10.58,
            "eps_latest_yearly": 16.28,
            "eps_growth_yearly": 20.4
        },
        "20081": {
            "year_quarter": 20081,
            "year": 2008,
            "quarter": 1,
            "eps": 2.5,
            "eps_growth_year": 8.23,
            "eps_4q": 11.71,
            "eps_4q_growth_year": 16.68,
            "roe": 5.36,
            "roe_4q": 30.03,
            "gross_profit": 1229735,
            "gross_margin": 18.64,
            "gross_margin_4q_avg": 15.99,
            "net_income": 464235,
            "revenue": 6597804,
            "common_shares": 1855499,
            "book_valuer_per_share": 47.76,
            "book_valuer_per_share_4q_avg": 43.24,
            "equity": 8862513,
            "current_ratio": 196.23,
            "debt_ratio": 43.68,
            "inventory_turnover_ratio": 1.71,
            "account_receivable_turnover_ratio": null,
            "reinvestment_rate": 36.92,
            "research_to_sale_ratio": null,
            "price_fair": 286.55,
            "eps_avg_yearly": 10.63,
            "eps_latest_yearly": 10,
            "eps_growth_yearly": 16.97
        },
        "20082": {
            "year_quarter": 20082,
            "year": 2008,
            "quarter": 2,
            "eps": 2.64,
            "eps_growth_year": 0,
            "eps_4q": 10.99,
            "eps_4q_growth_year": 11.14,
            "roe": 6.28,
            "roe_4q": 28.659999999999997,
            "gross_profit": 1284280,
            "gross_margin": 18.38,
            "gross_margin_4q_avg": 16.91,
            "net_income": 547445,
            "revenue": 6985798,
            "common_shares": 1855499,
            "book_valuer_per_share": 45.48,
            "book_valuer_per_share_4q_avg": 45.08,
            "equity": 8572805,
            "current_ratio": 187.07,
            "debt_ratio": 45.75,
            "inventory_turnover_ratio": 1.84,
            "account_receivable_turnover_ratio": null,
            "reinvestment_rate": 33.08,
            "research_to_sale_ratio": null,
            "price_fair": 256.08,
            "eps_avg_yearly": 10.61,
            "eps_latest_yearly": 10.56,
            "eps_growth_yearly": 14.13
        },
        "20083": {
            "year_quarter": 20083,
            "year": 2008,
            "quarter": 3,
            "eps": 3.3,
            "eps_growth_year": 5.1,
            "eps_4q": 11.62,
            "eps_4q_growth_year": 11.11,
            "roe": 7.65,
            "roe_4q": 28.189999999999998,
            "gross_profit": 1484663,
            "gross_margin": 17.59,
            "gross_margin_4q_avg": 17.47,
            "net_income": 688348,
            "revenue": 8440767,
            "common_shares": 2086048,
            "book_valuer_per_share": 44.43,
            "book_valuer_per_share_4q_avg": 45.81,
            "equity": 9427496,
            "current_ratio": 175.39,
            "debt_ratio": 49.5,
            "inventory_turnover_ratio": 1.94,
            "account_receivable_turnover_ratio": null,
            "reinvestment_rate": 35.99,
            "research_to_sale_ratio": null,
            "price_fair": 361.72,
            "eps_avg_yearly": 10.85,
            "eps_latest_yearly": 13.2,
            "eps_growth_yearly": 23.35
        },
        "20084": {
            "year_quarter": 20084,
            "year": 2008,
            "quarter": 4,
            "eps": 3.11,
            "eps_growth_year": -23.59,
            "eps_4q": 11.34,
            "eps_4q_growth_year": -2.57,
            "roe": 6.6,
            "roe_4q": 25.89,
            "gross_profit": 1197912,
            "gross_margin": 13.75,
            "gross_margin_4q_avg": 17.09,
            "net_income": 645308,
            "revenue": 8711792,
            "common_shares": 2086049,
            "book_valuer_per_share": 47.77,
            "book_valuer_per_share_4q_avg": 46.36,
            "equity": 10120113,
            "current_ratio": 189.41,
            "debt_ratio": 44.31,
            "inventory_turnover_ratio": 1.76,
            "account_receivable_turnover_ratio": 2.98,
            "reinvestment_rate": 32.45,
            "research_to_sale_ratio": null,
            "price_fair": 324.79,
            "eps_avg_yearly": 10.98,
            "eps_latest_yearly": 12.44,
            "eps_growth_yearly": 19.59
        },
        "20091": {
            "year_quarter": 20091,
            "year": 2009,
            "quarter": 1,
            "eps": 2.02,
            "eps_growth_year": -19.2,
            "eps_4q": 11.61,
            "eps_4q_growth_year": -0.85,
            "roe": 3.88,
            "roe_4q": 24.410000000000004,
            "gross_profit": 1155007,
            "gross_margin": 16.86,
            "gross_margin_4q_avg": 16.65,
            "net_income": 401979,
            "revenue": 6850254,
            "common_shares": 2086049,
            "book_valuer_per_share": 50.17,
            "book_valuer_per_share_4q_avg": 46.96,
            "equity": 10608979,
            "current_ratio": 210.8,
            "debt_ratio": 39.52,
            "inventory_turnover_ratio": 1.51,
            "account_receivable_turnover_ratio": 1.28,
            "reinvestment_rate": 40.64,
            "research_to_sale_ratio": null,
            "price_fair": 280.03,
            "eps_avg_yearly": 10.96,
            "eps_latest_yearly": 8.08,
            "eps_growth_yearly": 15.56
        },
        "20092": {
            "year_quarter": 20092,
            "year": 2009,
            "quarter": 2,
            "eps": 2.53,
            "eps_growth_year": -4.17,
            "eps_4q": 10.02,
            "eps_4q_growth_year": -8.76,
            "roe": 5.68,
            "roe_4q": 23.809999999999995,
            "gross_profit": 1423235,
            "gross_margin": 17.25,
            "gross_margin_4q_avg": 16.36,
            "net_income": 592146,
            "revenue": 8252472,
            "common_shares": 2086049,
            "book_valuer_per_share": 48.41,
            "book_valuer_per_share_4q_avg": 47.7,
            "equity": 10235284,
            "current_ratio": 180.13,
            "debt_ratio": 46.68,
            "inventory_turnover_ratio": 1.83,
            "account_receivable_turnover_ratio": 1.57,
            "reinvestment_rate": 41.34,
            "research_to_sale_ratio": null,
            "price_fair": 390.69,
            "eps_avg_yearly": 11.16,
            "eps_latest_yearly": 10.12,
            "eps_growth_yearly": 26.64
        },
        "20093": {
            "year_quarter": 20093,
            "year": 2009,
            "quarter": 3,
            "eps": 3.09,
            "eps_growth_year": -6.36,
            "eps_4q": 10.46,
            "eps_4q_growth_year": -9.97,
            "roe": 6.64,
            "roe_4q": 22.799999999999997,
            "gross_profit": 1606765,
            "gross_margin": 16.83,
            "gross_margin_4q_avg": 16.17,
            "net_income": 701285,
            "revenue": 9545892,
            "common_shares": 2316186,
            "book_valuer_per_share": 46.35,
            "book_valuer_per_share_4q_avg": 48.18,
            "equity": 10873682,
            "current_ratio": 192.9,
            "debt_ratio": 43.5,
            "inventory_turnover_ratio": 1.76,
            "account_receivable_turnover_ratio": 1.6,
            "reinvestment_rate": 41.42,
            "research_to_sale_ratio": null,
            "price_fair": 288.59,
            "eps_avg_yearly": 11.23,
            "eps_latest_yearly": 12.36,
            "eps_growth_yearly": 15.7
        },
        "20094": {
            "year_quarter": 20094,
            "year": 2009,
            "quarter": 4,
            "eps": 3.19,
            "eps_growth_year": 2.57,
            "eps_4q": 10.61,
            "eps_4q_growth_year": -6.44,
            "roe": 6.54,
            "roe_4q": 22.74,
            "gross_profit": 1716839,
            "gross_margin": 17.88,
            "gross_margin_4q_avg": 17.21,
            "net_income": 735207,
            "revenue": 9604529,
            "common_shares": 2316186,
            "book_valuer_per_share": 49.52,
            "book_valuer_per_share_4q_avg": 48.61,
            "equity": 11598665,
            "current_ratio": 205.1,
            "debt_ratio": 42.2,
            "inventory_turnover_ratio": 1.65,
            "account_receivable_turnover_ratio": 2.81,
            "reinvestment_rate": 25.64,
            "research_to_sale_ratio": null,
            "price_fair": 275.64,
            "eps_avg_yearly": 11.27,
            "eps_latest_yearly": 12.76,
            "eps_growth_yearly": 14.47
        },
        "20101": {
            "year_quarter": 20101,
            "year": 2010,
            "quarter": 1,
            "eps": 2.6,
            "eps_growth_year": 28.71,
            "eps_4q": 11.39,
            "eps_4q_growth_year": -1.88,
            "roe": 5.06,
            "roe_4q": 23.919999999999998,
            "gross_profit": 1503515,
            "gross_margin": 18.14,
            "gross_margin_4q_avg": 17.53,
            "net_income": 600993,
            "revenue": 8289106,
            "common_shares": 2316186,
            "book_valuer_per_share": 51.96,
            "book_valuer_per_share_4q_avg": 49.06,
            "equity": 12169597,
            "current_ratio": 198.64,
            "debt_ratio": 44.47,
            "inventory_turnover_ratio": 1.35,
            "account_receivable_turnover_ratio": 1.22,
            "reinvestment_rate": 77.65,
            "research_to_sale_ratio": 3.31,
            "price_fair": 331.83,
            "eps_avg_yearly": 11.43,
            "eps_latest_yearly": 10.4,
            "eps_growth_yearly": 19.02
        },
        "20102": {
            "year_quarter": 20102,
            "year": 2010,
            "quarter": 2,
            "eps": 3.89,
            "eps_growth_year": 53.81,
            "eps_4q": 11.95,
            "eps_4q_growth_year": 19.19,
            "roe": 8.19,
            "roe_4q": 26.43,
            "gross_profit": 1873936,
            "gross_margin": 19.02,
            "gross_margin_4q_avg": 17.97,
            "net_income": 991608,
            "revenue": 9852883,
            "common_shares": 2316186,
            "book_valuer_per_share": 51.51,
            "book_valuer_per_share_4q_avg": 49.84,
            "equity": 12056690,
            "current_ratio": 175.7,
            "debt_ratio": 49.9,
            "inventory_turnover_ratio": 1.44,
            "account_receivable_turnover_ratio": 1.33,
            "reinvestment_rate": 36.91,
            "research_to_sale_ratio": 2.42,
            "price_fair": 413.96,
            "eps_avg_yearly": 11.83,
            "eps_latest_yearly": 15.56,
            "eps_growth_yearly": 26.51
        },
        "20103": {
            "year_quarter": 20103,
            "year": 2010,
            "quarter": 3,
            "eps": 3.48,
            "eps_growth_year": 12.7,
            "eps_4q": 12.62,
            "eps_4q_growth_year": 20.67,
            "roe": 7.13,
            "roe_4q": 26.919999999999998,
            "gross_profit": 1769166,
            "gross_margin": 17.22,
            "gross_margin_4q_avg": 18.07,
            "net_income": 889450,
            "revenue": 10273474,
            "common_shares": 2547804,
            "book_valuer_per_share": 50.07,
            "book_valuer_per_share_4q_avg": 50.77,
            "equity": 12892602,
            "current_ratio": 186.14,
            "debt_ratio": 47.55,
            "inventory_turnover_ratio": 1.44,
            "account_receivable_turnover_ratio": 1.31,
            "reinvestment_rate": 35.35,
            "research_to_sale_ratio": 3.85,
            "price_fair": 326.35,
            "eps_avg_yearly": 11.97,
            "eps_latest_yearly": 13.92,
            "eps_growth_yearly": 17.27
        },
        "20104": {
            "year_quarter": 20104,
            "year": 2010,
            "quarter": 4,
            "eps": 3.33,
            "eps_growth_year": 4.3,
            "eps_4q": 13.06,
            "eps_4q_growth_year": 23.12,
            "roe": 6.14,
            "roe_4q": 26.52,
            "gross_profit": 1851140,
            "gross_margin": 18,
            "gross_margin_4q_avg": 18.1,
            "net_income": 806098,
            "revenue": 10283955,
            "common_shares": 2547804,
            "book_valuer_per_share": 52.17,
            "book_valuer_per_share_4q_avg": 51.43,
            "equity": 13371780,
            "current_ratio": 194.84,
            "debt_ratio": 45.52,
            "inventory_turnover_ratio": 1.51,
            "account_receivable_turnover_ratio": 1.3,
            "reinvestment_rate": 21.03,
            "research_to_sale_ratio": 2.85,
            "price_fair": 268.2,
            "eps_avg_yearly": 11.96,
            "eps_latest_yearly": 13.32,
            "eps_growth_yearly": 12.43
        },
        "20111": {
            "year_quarter": 20111,
            "year": 2011,
            "quarter": 1,
            "eps": 2.58,
            "eps_growth_year": -0.77,
            "eps_4q": 13.28,
            "eps_4q_growth_year": 16.57,
            "roe": 4.48,
            "roe_4q": 25.939999999999998,
            "gross_profit": 1296915,
            "gross_margin": 13.69,
            "gross_margin_4q_avg": 16.98,
            "net_income": 615673,
            "revenue": 9471932,
            "common_shares": 2547804,
            "book_valuer_per_share": 55.1,
            "book_valuer_per_share_4q_avg": 52.21,
            "equity": 14133166,
            "current_ratio": 177.04,
            "debt_ratio": 50.6,
            "inventory_turnover_ratio": 1.4,
            "account_receivable_turnover_ratio": 1.24,
            "reinvestment_rate": 36.4,
            "research_to_sale_ratio": 2.9,
            "price_fair": 295.96,
            "eps_avg_yearly": 12.03,
            "eps_latest_yearly": 10.32,
            "eps_growth_yearly": 14.61
        },
        "20112": {
            "year_quarter": 20112,
            "year": 2011,
            "quarter": 2,
            "eps": 3.39,
            "eps_growth_year": -12.81,
            "eps_4q": 11.93,
            "eps_4q_growth_year": -0.16,
            "roe": 7.08,
            "roe_4q": 24.83,
            "gross_profit": 1745759,
            "gross_margin": 14.56,
            "gross_margin_4q_avg": 15.87,
            "net_income": 981682,
            "revenue": 11993400,
            "common_shares": 2547804,
            "book_valuer_per_share": 53.08,
            "book_valuer_per_share_4q_avg": 52.61,
            "equity": 13583812,
            "current_ratio": 158.1,
            "debt_ratio": 56.28,
            "inventory_turnover_ratio": 1.41,
            "account_receivable_turnover_ratio": 1.5,
            "reinvestment_rate": 35.72,
            "research_to_sale_ratio": 2.26,
            "price_fair": 352.82,
            "eps_avg_yearly": 12.22,
            "eps_latest_yearly": 13.56,
            "eps_growth_yearly": 18.88
        },
        "20113": {
            "year_quarter": 20113,
            "year": 2011,
            "quarter": 3,
            "eps": 3.59,
            "eps_growth_year": 3.01,
            "eps_4q": 12.35,
            "eps_4q_growth_year": -2.13,
            "roe": 6.81,
            "roe_4q": 24.51,
            "gross_profit": 1959170,
            "gross_margin": 14.23,
            "gross_margin_4q_avg": 15.12,
            "net_income": 972525,
            "revenue": 13764597,
            "common_shares": 2802584,
            "book_valuer_per_share": 53.29,
            "book_valuer_per_share_4q_avg": 53.41,
            "equity": 14996366,
            "current_ratio": 162.17,
            "debt_ratio": 54.64,
            "inventory_turnover_ratio": 1.34,
            "account_receivable_turnover_ratio": 1.49,
            "reinvestment_rate": 37.83,
            "research_to_sale_ratio": 2.43,
            "price_fair": 315.89,
            "eps_avg_yearly": 12.33,
            "eps_latest_yearly": 14.36,
            "eps_growth_yearly": 15.62
        },
        "20114": {
            "year_quarter": 20114,
            "year": 2011,
            "quarter": 4,
            "eps": 3.83,
            "eps_growth_year": 15.17,
            "eps_4q": 13.16,
            "eps_4q_growth_year": 0.71,
            "roe": 7.19,
            "roe_4q": 25.56,
            "gross_profit": 1880660,
            "gross_margin": 14.6,
            "gross_margin_4q_avg": 14.27,
            "net_income": 1112648,
            "revenue": 12883877,
            "common_shares": 2802584,
            "book_valuer_per_share": 56.97,
            "book_valuer_per_share_4q_avg": 54.61,
            "equity": 15967078,
            "current_ratio": 179.31,
            "debt_ratio": 47.75,
            "inventory_turnover_ratio": 1.31,
            "account_receivable_turnover_ratio": 1.37,
            "reinvestment_rate": 24.73,
            "research_to_sale_ratio": 0.99,
            "price_fair": 244.02,
            "eps_avg_yearly": 12.27,
            "eps_latest_yearly": 15.32,
            "eps_growth_yearly": 9.89
        },
        "20121": {
            "year_quarter": 20121,
            "year": 2012,
            "quarter": 1,
            "eps": 2.7,
            "eps_growth_year": 4.65,
            "eps_4q": 13.52,
            "eps_4q_growth_year": 1.77,
            "roe": 4.65,
            "roe_4q": 25.729999999999997,
            "gross_profit": 1529685,
            "gross_margin": 12.95,
            "gross_margin_4q_avg": 14.09,
            "net_income": 757721,
            "revenue": 11815127,
            "common_shares": 2802584,
            "book_valuer_per_share": 59.21,
            "book_valuer_per_share_4q_avg": 55.64,
            "equity": 16595317,
            "current_ratio": 170.92,
            "debt_ratio": 51.09,
            "inventory_turnover_ratio": 1.41,
            "account_receivable_turnover_ratio": 1.25,
            "reinvestment_rate": 24.98,
            "research_to_sale_ratio": 1.79,
            "price_fair": 272.94,
            "eps_avg_yearly": 12.32,
            "eps_latest_yearly": 10.8,
            "eps_growth_yearly": 12.16
        },
        "20122": {
            "year_quarter": 20122,
            "year": 2012,
            "quarter": 2,
            "eps": 3.07,
            "eps_growth_year": -9.47,
            "eps_4q": 12.27,
            "eps_4q_growth_year": 2.89,
            "roe": 5.83,
            "roe_4q": 24.48,
            "gross_profit": 1943263,
            "gross_margin": 13.55,
            "gross_margin_4q_avg": 13.83,
            "net_income": 946914,
            "revenue": 14344165,
            "common_shares": 2802584,
            "book_valuer_per_share": 56.78,
            "book_valuer_per_share_4q_avg": 56.56,
            "equity": 15912700,
            "current_ratio": 147.19,
            "debt_ratio": 59.19,
            "inventory_turnover_ratio": 1.55,
            "account_receivable_turnover_ratio": 1.37,
            "reinvestment_rate": 27.08,
            "research_to_sale_ratio": 1.91,
            "price_fair": 300.5,
            "eps_avg_yearly": 12.43,
            "eps_latest_yearly": 12.28,
            "eps_growth_yearly": 14.18
        },
        "20123": {
            "year_quarter": 20123,
            "year": 2012,
            "quarter": 3,
            "eps": 3.07,
            "eps_growth_year": -14.32,
            "eps_4q": 12.09,
            "eps_4q_growth_year": -2.13,
            "roe": 5.8,
            "roe_4q": 23.470000000000002,
            "gross_profit": 1797495,
            "gross_margin": 11.34,
            "gross_margin_4q_avg": 13.11,
            "net_income": 947528,
            "revenue": 15848414,
            "common_shares": 3082842,
            "book_valuer_per_share": 54.35,
            "book_valuer_per_share_4q_avg": 56.83,
            "equity": 16755234,
            "current_ratio": 151,
            "debt_ratio": 57.99,
            "inventory_turnover_ratio": 1.49,
            "account_receivable_turnover_ratio": 1.42,
            "reinvestment_rate": 25.82,
            "research_to_sale_ratio": 1.72,
            "price_fair": 221.81,
            "eps_avg_yearly": 12.37,
            "eps_latest_yearly": 12.28,
            "eps_growth_yearly": 7.93
        },
        "20124": {
            "year_quarter": 20124,
            "year": 2012,
            "quarter": 4,
            "eps": 2.11,
            "eps_growth_year": -44.94,
            "eps_4q": 10.71,
            "eps_4q_growth_year": -18.58,
            "roe": 3.81,
            "roe_4q": 20.09,
            "gross_profit": 1818165,
            "gross_margin": 10.81,
            "gross_margin_4q_avg": 12.16,
            "net_income": 650449,
            "revenue": 16825696,
            "common_shares": 3082842,
            "book_valuer_per_share": 56.36,
            "book_valuer_per_share_4q_avg": 56.68,
            "equity": 17375507,
            "current_ratio": 165.62,
            "debt_ratio": 50.89,
            "inventory_turnover_ratio": 1.8,
            "account_receivable_turnover_ratio": 1.36,
            "reinvestment_rate": 23.39,
            "research_to_sale_ratio": 1.06,
            "price_fair": 140.04,
            "eps_avg_yearly": 12.12,
            "eps_latest_yearly": 8.44,
            "eps_growth_yearly": 1.56
        },
        "20131": {
            "year_quarter": 20131,
            "year": 2013,
            "quarter": 1,
            "eps": 2.33,
            "eps_growth_year": -13.7,
            "eps_4q": 10.58,
            "eps_4q_growth_year": -21.72,
            "roe": 4.03,
            "roe_4q": 19.47,
            "gross_profit": 1321600,
            "gross_margin": 11.49,
            "gross_margin_4q_avg": 11.8,
            "net_income": 716944,
            "revenue": 11500733,
            "common_shares": 3082842,
            "book_valuer_per_share": 58.94,
            "book_valuer_per_share_4q_avg": 56.61,
            "equity": 18170766,
            "current_ratio": 167.17,
            "debt_ratio": 50.14,
            "inventory_turnover_ratio": 1.62,
            "account_receivable_turnover_ratio": 1,
            "reinvestment_rate": 21.94,
            "research_to_sale_ratio": 2.02,
            "price_fair": 279.58,
            "eps_avg_yearly": 12.2,
            "eps_latest_yearly": 9.32,
            "eps_growth_yearly": 12.93
        },
        "20132": {
            "year_quarter": 20132,
            "year": 2013,
            "quarter": 2,
            "eps": 2.11,
            "eps_growth_year": -31.31,
            "eps_4q": 9.62,
            "eps_4q_growth_year": -21.64,
            "roe": 3.71,
            "roe_4q": 17.35,
            "gross_profit": 1289087,
            "gross_margin": 11.21,
            "gross_margin_4q_avg": 11.21,
            "net_income": 650024,
            "revenue": 11499918,
            "common_shares": 3082842,
            "book_valuer_per_share": 54.83,
            "book_valuer_per_share_4q_avg": 56.12,
            "equity": 16904548,
            "current_ratio": 155.52,
            "debt_ratio": 53,
            "inventory_turnover_ratio": 1.7,
            "account_receivable_turnover_ratio": 1.2,
            "reinvestment_rate": 20.95,
            "research_to_sale_ratio": 1.97,
            "price_fair": 172.32,
            "eps_avg_yearly": 12.09,
            "eps_latest_yearly": 8.44,
            "eps_growth_yearly": 4.25
        },
        "20133": {
            "year_quarter": 20133,
            "year": 2013,
            "quarter": 3,
            "eps": 2.71,
            "eps_growth_year": -11.83,
            "eps_4q": 9.25,
            "eps_4q_growth_year": -23.45,
            "roe": 4.83,
            "roe_4q": 16.38,
            "gross_profit": 1580848,
            "gross_margin": 10.89,
            "gross_margin_4q_avg": 11.1,
            "net_income": 834820,
            "revenue": 14519836,
            "common_shares": 3082842,
            "book_valuer_per_share": 57.33,
            "book_valuer_per_share_4q_avg": 56.87,
            "equity": 17673901,
            "current_ratio": 154.28,
            "debt_ratio": 54.14,
            "inventory_turnover_ratio": 2,
            "account_receivable_turnover_ratio": 1.32,
            "reinvestment_rate": 19.66,
            "research_to_sale_ratio": 1.39,
            "price_fair": 189.86,
            "eps_avg_yearly": 12,
            "eps_latest_yearly": 10.84,
            "eps_growth_yearly": 5.83
        },
        "20134": {
            "year_quarter": 20134,
            "year": 2013,
            "quarter": 4,
            "eps": 3.35,
            "eps_growth_year": 58.94,
            "eps_4q": 10.5,
            "eps_4q_growth_year": -2.03,
            "roe": 5.66,
            "roe_4q": 18.23,
            "gross_profit": 1974437,
            "gross_margin": 11.47,
            "gross_margin_4q_avg": 11.27,
            "net_income": 1033819,
            "revenue": 17215036,
            "common_shares": 3082842,
            "book_valuer_per_share": 61.1,
            "book_valuer_per_share_4q_avg": 58.05,
            "equity": 18885187,
            "current_ratio": 158.49,
            "debt_ratio": 53.32,
            "inventory_turnover_ratio": 2.27,
            "account_receivable_turnover_ratio": 1.21,
            "reinvestment_rate": 24.28,
            "research_to_sale_ratio": 2.14,
            "price_fair": 251.81,
            "eps_avg_yearly": 12.04,
            "eps_latest_yearly": 13.4,
            "eps_growth_yearly": 10.92
        },
        "20141": {
            "year_quarter": 20141,
            "year": 2014,
            "quarter": 1,
            "eps": 2.45,
            "eps_growth_year": 5.15,
            "eps_4q": 10.62,
            "eps_4q_growth_year": 0.4,
            "roe": 3.92,
            "roe_4q": 18.12,
            "gross_profit": 1381208,
            "gross_margin": 11.39,
            "gross_margin_4q_avg": 11.24,
            "net_income": 755297,
            "revenue": 12127615,
            "common_shares": 3082842,
            "book_valuer_per_share": 63.47,
            "book_valuer_per_share_4q_avg": 59.18,
            "equity": 19615900,
            "current_ratio": 172.59,
            "debt_ratio": 48.8,
            "inventory_turnover_ratio": 1.73,
            "account_receivable_turnover_ratio": 0.93,
            "reinvestment_rate": -2.88,
            "research_to_sale_ratio": 1.89,
            "price_fair": 225.92,
            "eps_avg_yearly": 12,
            "eps_latest_yearly": 9.8,
            "eps_growth_yearly": 8.83
        },
        "20142": {
            "year_quarter": 20142,
            "year": 2014,
            "quarter": 2,
            "eps": 2.45,
            "eps_growth_year": 16.11,
            "eps_4q": 10.96,
            "eps_4q_growth_year": 13.95,
            "roe": 3.96,
            "roe_4q": 18.369999999999997,
            "gross_profit": 1520089,
            "gross_margin": 11.14,
            "gross_margin_4q_avg": 11.22,
            "net_income": 748695,
            "revenue": 13641623,
            "common_shares": 3082842,
            "book_valuer_per_share": 58.71,
            "book_valuer_per_share_4q_avg": 60.15,
            "equity": 18161314,
            "current_ratio": 154.8,
            "debt_ratio": 54.95,
            "inventory_turnover_ratio": 2.13,
            "account_receivable_turnover_ratio": 1.29,
            "reinvestment_rate": 18.52,
            "research_to_sale_ratio": 1.78,
            "price_fair": 34.91,
            "eps_avg_yearly": 11.64,
            "eps_latest_yearly": 9.8,
            "eps_growth_yearly": -3.57
        },
        "20143": {
            "year_quarter": 20143,
            "year": 2014,
            "quarter": 3,
            "eps": 2.8,
            "eps_growth_year": 3.32,
            "eps_4q": 11.05,
            "eps_4q_growth_year": 19.41,
            "roe": 4.62,
            "roe_4q": 18.16,
            "gross_profit": 1680091,
            "gross_margin": 11.04,
            "gross_margin_4q_avg": 11.26,
            "net_income": 863196,
            "revenue": 15214045,
            "common_shares": 3082842,
            "book_valuer_per_share": 62,
            "book_valuer_per_share_4q_avg": 61.32,
            "equity": 19175016,
            "current_ratio": 153.62,
            "debt_ratio": 56.53,
            "inventory_turnover_ratio": 1.98,
            "account_receivable_turnover_ratio": 1.25,
            "reinvestment_rate": 17.71,
            "research_to_sale_ratio": 1.68,
            "price_fair": 144.87,
            "eps_avg_yearly": 11.47,
            "eps_latest_yearly": 11.2,
            "eps_growth_yearly": 2.63
        },
        "20144": {
            "year_quarter": 20144,
            "year": 2014,
            "quarter": 4,
            "eps": 3.29,
            "eps_growth_year": -1.88,
            "eps_4q": 10.98,
            "eps_4q_growth_year": 4.66,
            "roe": 5.35,
            "roe_4q": 17.85,
            "gross_profit": 2196764,
            "gross_margin": 11.54,
            "gross_margin_4q_avg": 11.28,
            "net_income": 1060001,
            "revenue": 19032309,
            "common_shares": 3082842,
            "book_valuer_per_share": 66.03,
            "book_valuer_per_share_4q_avg": 62.55,
            "equity": 20467574,
            "current_ratio": 157.63,
            "debt_ratio": 55.27,
            "inventory_turnover_ratio": 2.06,
            "account_receivable_turnover_ratio": 1.34,
            "reinvestment_rate": 18.57,
            "research_to_sale_ratio": 2.02,
            "price_fair": 207.22,
            "eps_avg_yearly": 11.46,
            "eps_latest_yearly": 13.16,
            "eps_growth_yearly": 8.09
        },
        "20151": {
            "year_quarter": 20151,
            "year": 2015,
            "quarter": 1,
            "eps": 2.46,
            "eps_growth_year": 0.41,
            "eps_4q": 10.99,
            "eps_4q_growth_year": 3.46,
            "roe": 3.75,
            "roe_4q": 17.68,
            "gross_profit": 1631158,
            "gross_margin": 10.87,
            "gross_margin_4q_avg": 11.15,
            "net_income": 780775,
            "revenue": 15007596,
            "common_shares": 3082842,
            "book_valuer_per_share": 68.25,
            "book_valuer_per_share_4q_avg": 63.75,
            "equity": 21159097,
            "current_ratio": 169.48,
            "debt_ratio": 51.37,
            "inventory_turnover_ratio": 1.63,
            "account_receivable_turnover_ratio": 1.17,
            "reinvestment_rate": 16.05,
            "research_to_sale_ratio": 1.73,
            "price_fair": 198.95,
            "eps_avg_yearly": 11.43,
            "eps_latest_yearly": 9.84,
            "eps_growth_yearly": 7.41
        },
        "20152": {
            "year_quarter": 20152,
            "year": 2015,
            "quarter": 2,
            "eps": 2.34,
            "eps_growth_year": -4.49,
            "eps_4q": 10.89,
            "eps_4q_growth_year": -0.66,
            "roe": 3.65,
            "roe_4q": 17.37,
            "gross_profit": 1583691,
            "gross_margin": 10.12,
            "gross_margin_4q_avg": 10.89,
            "net_income": 744635,
            "revenue": 15650631,
            "common_shares": 3082842,
            "book_valuer_per_share": 63.41,
            "book_valuer_per_share_4q_avg": 64.92,
            "equity": 19684531,
            "current_ratio": 156.32,
            "debt_ratio": 56.03,
            "inventory_turnover_ratio": 1.79,
            "account_receivable_turnover_ratio": 1.48,
            "reinvestment_rate": 15.09,
            "research_to_sale_ratio": 1.83,
            "price_fair": 33.5,
            "eps_avg_yearly": 11.17,
            "eps_latest_yearly": 9.36,
            "eps_growth_yearly": -1.66
        },
        "20153": {
            "year_quarter": 20153,
            "year": 2015,
            "quarter": 3,
            "eps": 2.51,
            "eps_growth_year": -10.36,
            "eps_4q": 10.6,
            "eps_4q_growth_year": -4.07,
            "roe": 3.93,
            "roe_4q": 16.68,
            "gross_profit": 1650927,
            "gross_margin": 10.23,
            "gross_margin_4q_avg": 10.69,
            "net_income": 796607,
            "revenue": 16143254,
            "common_shares": 3082842,
            "book_valuer_per_share": 66.72,
            "book_valuer_per_share_4q_avg": 66.1,
            "equity": 20806653,
            "current_ratio": 155.51,
            "debt_ratio": 55.45,
            "inventory_turnover_ratio": 1.71,
            "account_receivable_turnover_ratio": 1.43,
            "reinvestment_rate": 13.96,
            "research_to_sale_ratio": 1.8,
            "price_fair": 32.69,
            "eps_avg_yearly": 10.9,
            "eps_latest_yearly": 10.04,
            "eps_growth_yearly": -1.32
        },
        "20154": {
            "year_quarter": 20154,
            "year": 2015,
            "quarter": 4,
            "eps": 2.79,
            "eps_growth_year": -15.17,
            "eps_4q": 10.1,
            "eps_4q_growth_year": -8.06,
            "roe": 4.22,
            "roe_4q": 15.55,
            "gross_profit": 1802965,
            "gross_margin": 10.34,
            "gross_margin_4q_avg": 10.39,
            "net_income": 890711,
            "revenue": 17434791,
            "common_shares": 3082842,
            "book_valuer_per_share": 68.64,
            "book_valuer_per_share_4q_avg": 66.76,
            "equity": 21423501,
            "current_ratio": 164.51,
            "debt_ratio": 51.16,
            "inventory_turnover_ratio": 1.71,
            "account_receivable_turnover_ratio": 1.51,
            "reinvestment_rate": 10.25,
            "research_to_sale_ratio": 1.96,
            "price_fair": 31.91,
            "eps_avg_yearly": 10.64,
            "eps_latest_yearly": 11.16,
            "eps_growth_yearly": -0.2
        },
        "20161": {
            "year_quarter": 20161,
            "year": 2016,
            "quarter": 1,
            "eps": 2.08,
            "eps_growth_year": -15.45,
            "eps_4q": 9.72,
            "eps_4q_growth_year": -11.54,
            "roe": 2.97,
            "roe_4q": 14.77,
            "gross_profit": 1352928,
            "gross_margin": 10.14,
            "gross_margin_4q_avg": 10.21,
            "net_income": 643871,
            "revenue": 13346779,
            "common_shares": 3082842,
            "book_valuer_per_share": 70.96,
            "book_valuer_per_share_4q_avg": 67.43,
            "equity": 21875137,
            "current_ratio": 181.97,
            "debt_ratio": 46.12,
            "inventory_turnover_ratio": 1.44,
            "account_receivable_turnover_ratio": 1.34,
            "reinvestment_rate": 7.72,
            "research_to_sale_ratio": 2.18,
            "price_fair": 104.8,
            "eps_avg_yearly": 10.48,
            "eps_latest_yearly": 8.32,
            "eps_growth_yearly": 0.81
        },
        "20162": {
            "year_quarter": 20162,
            "year": 2016,
            "quarter": 2,
            "eps": 2.09,
            "eps_growth_year": -10.68,
            "eps_4q": 9.47,
            "eps_4q_growth_year": -13.02,
            "roe": 3.06,
            "roe_4q": 14.18,
            "gross_profit": 1364141,
            "gross_margin": 10.04,
            "gross_margin_4q_avg": 10.19,
            "net_income": 643861,
            "revenue": 13593424,
            "common_shares": 3082842,
            "book_valuer_per_share": 65.43,
            "book_valuer_per_share_4q_avg": 67.94,
            "equity": 20171555,
            "current_ratio": 172.97,
            "debt_ratio": 47.9,
            "inventory_turnover_ratio": 1.89,
            "account_receivable_turnover_ratio": 1.49,
            "reinvestment_rate": 4.01,
            "research_to_sale_ratio": 1.62,
            "price_fair": 30.71,
            "eps_avg_yearly": 10.24,
            "eps_latest_yearly": 8.36,
            "eps_growth_yearly": -2.49
        },
        "20163": {
            "year_quarter": 20163,
            "year": 2016,
            "quarter": 3,
            "eps": 2.33,
            "eps_growth_year": -7.17,
            "eps_4q": 9.29,
            "eps_4q_growth_year": -12.35,
            "roe": 3.52,
            "roe_4q": 13.77,
            "gross_profit": 1477823,
            "gross_margin": 10.11,
            "gross_margin_4q_avg": 10.16,
            "net_income": 717087,
            "revenue": 14623143,
            "common_shares": 3082842,
            "book_valuer_per_share": 66.86,
            "book_valuer_per_share_4q_avg": 67.97,
            "equity": 20612428,
            "current_ratio": 167.11,
            "debt_ratio": 50.33,
            "inventory_turnover_ratio": 2.24,
            "account_receivable_turnover_ratio": 1.41,
            "reinvestment_rate": -0.9,
            "research_to_sale_ratio": 1.55,
            "price_fair": 100.5,
            "eps_avg_yearly": 10.05,
            "eps_latest_yearly": 9.32,
            "eps_growth_yearly": 0.38
        },
        "20164": {
            "year_quarter": 20164,
            "year": 2016,
            "quarter": 4,
            "eps": 2.59,
            "eps_growth_year": -7.12,
            "eps_4q": 9.09,
            "eps_4q_growth_year": -9.99,
            "roe": 3.82,
            "roe_4q": 13.370000000000001,
            "gross_profit": 1657751,
            "gross_margin": 10.01,
            "gross_margin_4q_avg": 10.08,
            "net_income": 799162,
            "revenue": 16556992,
            "common_shares": 3082842,
            "book_valuer_per_share": 68.95,
            "book_valuer_per_share_4q_avg": 68.05,
            "equity": 21257587,
            "current_ratio": 163.39,
            "debt_ratio": 51.94,
            "inventory_turnover_ratio": 2.24,
            "account_receivable_turnover_ratio": 1.37,
            "reinvestment_rate": -4.76,
            "research_to_sale_ratio": 1.29,
            "price_fair": 213.43,
            "eps_avg_yearly": 10.17,
            "eps_latest_yearly": 10.36,
            "eps_growth_yearly": 10.99
        },
        "20171": {
            "year_quarter": 20171,
            "year": 2017,
            "quarter": 1,
            "eps": 1.8,
            "eps_growth_year": -13.46,
            "eps_4q": 8.81,
            "eps_4q_growth_year": -9.39,
            "roe": 2.6,
            "roe_4q": 13,
            "gross_profit": 1006958,
            "gross_margin": 8.6,
            "gross_margin_4q_avg": 9.69,
            "net_income": 555676,
            "revenue": 11712276,
            "common_shares": 3082842,
            "book_valuer_per_share": 69.77,
            "book_valuer_per_share_4q_avg": 67.75,
            "equity": 21509725,
            "current_ratio": 182.69,
            "debt_ratio": 46.24,
            "inventory_turnover_ratio": 1.53,
            "account_receivable_turnover_ratio": 1.07,
            "reinvestment_rate": -5.51,
            "research_to_sale_ratio": 1.48,
            "price_fair": 100.38,
            "eps_avg_yearly": 10.04,
            "eps_latest_yearly": 7.2,
            "eps_growth_yearly": 0.75
        },
        "20172": {
            "year_quarter": 20172,
            "year": 2017,
            "quarter": 2,
            "eps": 1.82,
            "eps_growth_year": -12.92,
            "eps_4q": 8.54,
            "eps_4q_growth_year": -9.8,
            "roe": 2.68,
            "roe_4q": 12.62,
            "gross_profit": 1089643,
            "gross_margin": 8.62,
            "gross_margin_4q_avg": 9.34,
            "net_income": 561375,
            "revenue": 12646923,
            "common_shares": 3082842,
            "book_valuer_per_share": 66.1,
            "book_valuer_per_share_4q_avg": 67.92,
            "equity": 20378686,
            "current_ratio": 152.24,
            "debt_ratio": 56.08,
            "inventory_turnover_ratio": 1.39,
            "account_receivable_turnover_ratio": 1.31,
            "reinvestment_rate": 3.35,
            "research_to_sale_ratio": 1.87,
            "price_fair": 133.46,
            "eps_avg_yearly": 9.97,
            "eps_latest_yearly": 7.28,
            "eps_growth_yearly": 3.39
        },
        "20173": {
            "year_quarter": 20173,
            "year": 2017,
            "quarter": 3,
            "eps": 2.93,
            "eps_growth_year": 25.75,
            "eps_4q": 14,
            "eps_4q_growth_year": 50.68,
            "roe": 3.4,
            "roe_4q": 12.5,
            "gross_profit": 1407627,
            "gross_margin": 8.94,
            "gross_margin_4q_avg": 9.04,
            "net_income": 688512,
            "revenue": 15747168,
            "common_shares": 1849705,
            "book_valuer_per_share": 107.76,
            "book_valuer_per_share_4q_avg": 78.15,
            "equity": 20132409,
            "current_ratio": 149.34,
            "debt_ratio": 56.99,
            "inventory_turnover_ratio": 1.35,
            "account_receivable_turnover_ratio": 1.49,
            "reinvestment_rate": 3.69,
            "research_to_sale_ratio": 1.38,
            "price_fair": 215.74,
            "eps_avg_yearly": 10.02,
            "eps_latest_yearly": 11.72,
            "eps_growth_yearly": 11.53
        },
        "20174": {
            "year_quarter": 20174,
            "year": 2017,
            "quarter": 4,
            "eps": 4.49,
            "eps_growth_year": 73.05,
            "eps_4q": 14.16,
            "eps_4q_growth_year": 55.79,
            "roe": 4.08,
            "roe_4q": 12.76,
            "gross_profit": 1621847,
            "gross_margin": 8.92,
            "gross_margin_4q_avg": 8.77,
            "net_income": 841530,
            "revenue": 18174618,
            "common_shares": 1849705,
            "book_valuer_per_share": 112.41,
            "book_valuer_per_share_4q_avg": 89.01,
            "equity": 21078035,
            "current_ratio": 160.8,
            "debt_ratio": 53.53,
            "inventory_turnover_ratio": 1.5,
            "account_receivable_turnover_ratio": 1.53,
            "reinvestment_rate": -0.09,
            "research_to_sale_ratio": 1.52,
            "price_fair": 298.2,
            "eps_avg_yearly": 10.31,
            "eps_latest_yearly": 17.96,
            "eps_growth_yearly": 18.94
        },
        "20181": {
            "year_quarter": 20181,
            "year": 2018,
            "quarter": 1,
            "eps": 3.1,
            "eps_growth_year": 72.22,
            "eps_4q": 14.26,
            "eps_4q_growth_year": 61.85,
            "roe": 2.76,
            "roe_4q": 12.92,
            "gross_profit": 1256849,
            "gross_margin": 9.66,
            "gross_margin_4q_avg": 9.04,
            "net_income": 592323,
            "revenue": 13006858,
            "common_shares": 1849705,
            "book_valuer_per_share": 116.3,
            "book_valuer_per_share_4q_avg": 100.64,
            "equity": 21815437,
            "current_ratio": 168.04,
            "debt_ratio": 51.23,
            "inventory_turnover_ratio": 1.13,
            "account_receivable_turnover_ratio": 1.17,
            "reinvestment_rate": -0.61,
            "research_to_sale_ratio": 1.69,
            "price_fair": 292.19,
            "eps_avg_yearly": 10.47,
            "eps_latest_yearly": 12.4,
            "eps_growth_yearly": 17.91
        },
        "20182": {
            "year_quarter": 20182,
            "year": 2018,
            "quarter": 2,
            "eps": 4,
            "eps_growth_year": 119.78,
            "eps_4q": 15.22,
            "eps_4q_growth_year": 78.19,
            "roe": 3.46,
            "roe_4q": 13.700000000000001,
            "gross_profit": 1462292,
            "gross_margin": 9.79,
            "gross_margin_4q_avg": 9.33,
            "net_income": 734402,
            "revenue": 14943777,
            "common_shares": 1849705,
            "book_valuer_per_share": 109.75,
            "book_valuer_per_share_4q_avg": 111.56,
            "equity": 20600333,
            "current_ratio": 155.82,
            "debt_ratio": 54.79,
            "inventory_turnover_ratio": 1.19,
            "account_receivable_turnover_ratio": 1.5,
            "reinvestment_rate": -0.13,
            "research_to_sale_ratio": 1.79,
            "price_fair": 379.93,
            "eps_avg_yearly": 10.86,
            "eps_latest_yearly": 16,
            "eps_growth_yearly": 25.17
        },
        "20183": {
            "year_quarter": 20183,
            "year": 2018,
            "quarter": 3,
            "eps": 4.6,
            "eps_growth_year": 57,
            "eps_4q": 16.19,
            "eps_4q_growth_year": 15.66,
            "roe": 4.22,
            "roe_4q": 14.52,
            "gross_profit": 1679861,
            "gross_margin": 10.12,
            "gross_margin_4q_avg": 9.62,
            "net_income": 880873,
            "revenue": 16604109,
            "common_shares": 1849705,
            "book_valuer_per_share": 112.31,
            "book_valuer_per_share_4q_avg": 112.69,
            "equity": 21159381,
            "current_ratio": 147.3,
            "debt_ratio": 57.81,
            "inventory_turnover_ratio": 1.08,
            "account_receivable_turnover_ratio": 1.43,
            "reinvestment_rate": -0.61,
            "research_to_sale_ratio": 1.65,
            "price_fair": 395.68,
            "eps_avg_yearly": 11.31,
            "eps_latest_yearly": 18.4,
            "eps_growth_yearly": 25.35
        },
        "20184": {
            "year_quarter": 20184,
            "year": 2018,
            "quarter": 4,
            "eps": 5.65,
            "eps_growth_year": 25.87,
            "eps_4q": 17.35,
            "eps_4q_growth_year": 22.5,
            "roe": 5.07,
            "roe_4q": 15.51,
            "gross_profit": 2286697,
            "gross_margin": 11.49,
            "gross_margin_4q_avg": 10.27,
            "net_income": 1108172,
            "revenue": 19898162,
            "common_shares": 1849705,
            "book_valuer_per_share": 119.12,
            "book_valuer_per_share_4q_avg": 114.37,
            "equity": 22515565,
            "current_ratio": 156.14,
            "debt_ratio": 53.45,
            "inventory_turnover_ratio": 1.15,
            "account_receivable_turnover_ratio": 1.58,
            "reinvestment_rate": 0.06,
            "research_to_sale_ratio": 1.45,
            "price_fair": 416.33,
            "eps_avg_yearly": 11.9,
            "eps_latest_yearly": 22.6,
            "eps_growth_yearly": 26.68
        },
        "20191": {
            "year_quarter": 20191,
            "year": 2019,
            "quarter": 1,
            "eps": 3.24,
            "eps_growth_year": 4.52,
            "eps_4q": 17.49,
            "eps_4q_growth_year": 22.69,
            "roe": 2.7,
            "roe_4q": 15.45,
            "gross_profit": 1384062,
            "gross_margin": 9.6,
            "gross_margin_4q_avg": 10.25,
            "net_income": 620400,
            "revenue": 14416809,
            "common_shares": 1849705,
            "book_valuer_per_share": 123.59,
            "book_valuer_per_share_4q_avg": 116.19,
            "equity": 23372993,
            "current_ratio": 170.59,
            "debt_ratio": 49.43,
            "inventory_turnover_ratio": 0.96,
            "account_receivable_turnover_ratio": 1.27,
            "reinvestment_rate": -1,
            "research_to_sale_ratio": 1.96,
            "price_fair": 390.82,
            "eps_avg_yearly": 12.09,
            "eps_latest_yearly": 12.96,
            "eps_growth_yearly": 22.33
        },
        "20192": {
            "year_quarter": 20192,
            "year": 2019,
            "quarter": 2,
            "eps": 4.66,
            "eps_growth_year": 16.5,
            "eps_4q": 18.15,
            "eps_4q_growth_year": 19.25,
            "roe": 3.9,
            "roe_4q": 15.89,
            "gross_profit": 1684070,
            "gross_margin": 10.07,
            "gross_margin_4q_avg": 10.32,
            "net_income": 885068,
            "revenue": 16715476,
            "common_shares": 1849705,
            "book_valuer_per_share": 116.16,
            "book_valuer_per_share_4q_avg": 117.8,
            "equity": 22016466,
            "current_ratio": 152.43,
            "debt_ratio": 56.44,
            "inventory_turnover_ratio": 1.19,
            "account_receivable_turnover_ratio": 1.49,
            "reinvestment_rate": 3.66,
            "research_to_sale_ratio": 1.39,
            "price_fair": 443.45,
            "eps_avg_yearly": 12.67,
            "eps_latest_yearly": 18.64,
            "eps_growth_yearly": 34.5
        },
        "20193": {
            "year_quarter": 20193,
            "year": 2019,
            "quarter": 3,
            "eps": 6.64,
            "eps_growth_year": 44.35,
            "eps_4q": 20.18,
            "eps_4q_growth_year": 24.69,
            "roe": 5.69,
            "roe_4q": 17.36,
            "gross_profit": 2129899,
            "gross_margin": 10.47,
            "gross_margin_4q_avg": 10.41,
            "net_income": 1275569,
            "revenue": 20351835,
            "common_shares": 1849705,
            "book_valuer_per_share": 120.66,
            "book_valuer_per_share_4q_avg": 119.88,
            "equity": 22836481,
            "current_ratio": 156.41,
            "debt_ratio": 56.03,
            "inventory_turnover_ratio": 1.36,
            "account_receivable_turnover_ratio": 1.6,
            "reinvestment_rate": -4.27,
            "research_to_sale_ratio": 1.59,
            "price_fair": 479.59,
            "eps_avg_yearly": 13.7,
            "eps_latest_yearly": 26.56,
            "eps_growth_yearly": 43.31
        },
        "20194": {
            "year_quarter": 20194,
            "year": 2019,
            "quarter": 4,
            "eps": 6.14,
            "eps_growth_year": 8.75,
            "eps_4q": 20.68,
            "eps_4q_growth_year": 19.19,
            "roe": 4.56,
            "roe_4q": 16.85,
            "gross_profit": 2328268,
            "gross_margin": 10.46,
            "gross_margin_4q_avg": 10.15,
            "net_income": 1067003,
            "revenue": 22250426,
            "common_shares": 1849705,
            "book_valuer_per_share": 126.73,
            "book_valuer_per_share_4q_avg": 121.79,
            "equity": 23919535,
            "current_ratio": 169.88,
            "debt_ratio": 52.22,
            "inventory_turnover_ratio": 1.52,
            "account_receivable_turnover_ratio": 1.73,
            "reinvestment_rate": 1.29,
            "research_to_sale_ratio": 1.2,
            "price_fair": 508.9,
            "eps_avg_yearly": 14.54,
            "eps_latest_yearly": 24.56,
            "eps_growth_yearly": 38.64
        },
        "20201": {
            "year_quarter": 20201,
            "year": 2020,
            "quarter": 1,
            "eps": 3.6,
            "eps_growth_year": 11.11,
            "eps_4q": 21.03,
            "eps_4q_growth_year": 20.24,
            "roe": 2.89,
            "roe_4q": 17.04,
            "gross_profit": 1425013,
            "gross_margin": 9.84,
            "gross_margin_4q_avg": 10.21,
            "net_income": 698326,
            "revenue": 14484501,
            "common_shares": 1849705,
            "book_valuer_per_share": 129.43,
            "book_valuer_per_share_4q_avg": 123.25,
            "equity": 24446237,
            "current_ratio": 180.58,
            "debt_ratio": 49.27,
            "inventory_turnover_ratio": 1.07,
            "account_receivable_turnover_ratio": 1.29,
            "reinvestment_rate": 0.05,
            "research_to_sale_ratio": 1.9,
            "price_fair": 522.2,
            "eps_avg_yearly": 14.92,
            "eps_latest_yearly": 14.4,
            "eps_growth_yearly": 34.66
        },
        "20202": {
            "year_quarter": 20202,
            "year": 2020,
            "quarter": 2,
            "eps": 6.39,
            "eps_growth_year": 37.12,
            "eps_4q": 22.77,
            "eps_4q_growth_year": 25.46,
            "roe": 5.01,
            "roe_4q": 18.150000000000002,
            "gross_profit": 2026110,
            "gross_margin": 10.35,
            "gross_margin_4q_avg": 10.28,
            "net_income": 1184180,
            "revenue": 19578374,
            "common_shares": 1849705,
            "book_valuer_per_share": 120.68,
            "book_valuer_per_share_4q_avg": 124.38,
            "equity": 22793351,
            "current_ratio": 147.35,
            "debt_ratio": 59.49,
            "inventory_turnover_ratio": 1.33,
            "account_receivable_turnover_ratio": 1.77,
            "reinvestment_rate": -1.49,
            "research_to_sale_ratio": 1.44,
            "price_fair": 559.83,
            "eps_avg_yearly": 16,
            "eps_latest_yearly": 25.56,
            "eps_growth_yearly": 53.91
        },
        "20203": {
            "year_quarter": 20203,
            "year": 2020,
            "quarter": 3,
            "eps": 7.8,
            "eps_growth_year": 17.47,
            "eps_4q": 23.93,
            "eps_4q_growth_year": 18.58,
            "roe": 6.4,
            "roe_4q": 18.86,
            "gross_profit": 2966194,
            "gross_margin": 13.01,
            "gross_margin_4q_avg": 10.92,
            "net_income": 1533129,
            "revenue": 22802191,
            "common_shares": 1849705,
            "book_valuer_per_share": 131.24,
            "book_valuer_per_share_4q_avg": 127.02,
            "equity": 25114112,
            "current_ratio": 148.74,
            "debt_ratio": 58.02,
            "inventory_turnover_ratio": 1.32,
            "account_receivable_turnover_ratio": 1.62,
            "reinvestment_rate": 2.92,
            "research_to_sale_ratio": 1.4,
            "price_fair": 607.69,
            "eps_avg_yearly": 17.36,
            "eps_latest_yearly": 31.2,
            "eps_growth_yearly": 56.56
        },
        "20204": {
            "year_quarter": 20204,
            "year": 2020,
            "quarter": 4,
            "eps": 9.51,
            "eps_growth_year": 54.85,
            "eps_4q": 27.3,
            "eps_4q_growth_year": 32.03,
            "roe": 7.08,
            "roe_4q": 21.380000000000003,
            "gross_profit": 3584750,
            "gross_margin": 12.53,
            "gross_margin_4q_avg": 11.43,
            "net_income": 1865232,
            "revenue": 28606228,
            "common_shares": 1849705,
            "book_valuer_per_share": 143.67,
            "book_valuer_per_share_4q_avg": 131.26,
            "equity": 27546797,
            "current_ratio": 152.51,
            "debt_ratio": 57.58,
            "inventory_turnover_ratio": 1.56,
            "account_receivable_turnover_ratio": 1.73,
            "reinvestment_rate": 16.69,
            "research_to_sale_ratio": 1.33,
            "price_fair": 668.24,
            "eps_avg_yearly": 19.09,
            "eps_latest_yearly": 38.04,
            "eps_growth_yearly": 59.25
        },
        "20211": {
            "year_quarter": 20211,
            "year": 2021,
            "quarter": 1,
            "eps": 7.28,
            "eps_growth_year": 102.22,
            "eps_4q": 30.98,
            "eps_4q_growth_year": 47.28,
            "roe": 4.95,
            "roe_4q": 23.439999999999998,
            "gross_profit": 2926096,
            "gross_margin": 13.05,
            "gross_margin_4q_avg": 12.24,
            "net_income": 1526947,
            "revenue": 22418741,
            "common_shares": 1849705,
            "book_valuer_per_share": 162.75,
            "book_valuer_per_share_4q_avg": 139.59,
            "equity": 34196153,
            "current_ratio": 179.97,
            "debt_ratio": 50.11,
            "inventory_turnover_ratio": 1.18,
            "account_receivable_turnover_ratio": 1.33,
            "reinvestment_rate": 14.1,
            "research_to_sale_ratio": 1.46,
            "price_fair": 716.19,
            "eps_avg_yearly": 20.46,
            "eps_latest_yearly": 29.12,
            "eps_growth_yearly": 61.01
        },
        "20212": {
            "year_quarter": 20212,
            "year": 2021,
            "quarter": 2,
            "eps": 8.57,
            "eps_growth_year": 34.12,
            "eps_4q": 33.16,
            "eps_4q_growth_year": 45.62,
            "roe": 5.52,
            "roe_4q": 23.949999999999996,
            "gross_profit": 3331613,
            "gross_margin": 13.81,
            "gross_margin_4q_avg": 13.1,
            "net_income": 1835864,
            "revenue": 24121137,
            "common_shares": 1849705,
            "book_valuer_per_share": 152.14,
            "book_valuer_per_share_4q_avg": 147.45,
            "equity": 32274889,
            "current_ratio": 164.53,
            "debt_ratio": 54.5,
            "inventory_turnover_ratio": 1.22,
            "account_receivable_turnover_ratio": 1.48,
            "reinvestment_rate": 6.06,
            "research_to_sale_ratio": 1.45,
            "price_fair": 775.25,
            "eps_avg_yearly": 22.15,
            "eps_latest_yearly": 34.28,
            "eps_growth_yearly": 65.16
        },
        "20213": {
            "year_quarter": 20213,
            "year": 2021,
            "quarter": 3,
            "eps": 9.82,
            "eps_growth_year": 25.9,
            "eps_4q": 35.18,
            "eps_4q_growth_year": 46.97,
            "roe": 6.17,
            "roe_4q": 23.72,
            "gross_profit": 3783950,
            "gross_margin": 15.27,
            "gross_margin_4q_avg": 13.67,
            "net_income": 2092229,
            "revenue": 24787133,
            "common_shares": 1849705,
            "book_valuer_per_share": 168.23,
            "book_valuer_per_share_4q_avg": 156.7,
            "equity": 35525362,
            "current_ratio": 178.97,
            "debt_ratio": 49.78,
            "inventory_turnover_ratio": 1.21,
            "account_receivable_turnover_ratio": 1.45,
            "reinvestment_rate": 5.91,
            "research_to_sale_ratio": 1.7,
            "price_fair": 835.54,
            "eps_avg_yearly": 23.87,
            "eps_latest_yearly": 39.28,
            "eps_growth_yearly": 53.56
        },
        "20214": {
            "year_quarter": 20214,
            "year": 2021,
            "quarter": 4,
            "eps": 8.84,
            "eps_growth_year": -7.07,
            "eps_4q": 34.5,
            "eps_4q_growth_year": 26.38,
            "roe": 5.22,
            "roe_4q": 21.86,
            "gross_profit": 3575343,
            "gross_margin": 14.75,
            "gross_margin_4q_avg": 14.22,
            "net_income": 1911347,
            "revenue": 24246139,
            "common_shares": 1849705,
            "book_valuer_per_share": 178.87,
            "book_valuer_per_share_4q_avg": 165.5,
            "equity": 37766967,
            "current_ratio": 184.67,
            "debt_ratio": 49.6,
            "inventory_turnover_ratio": 1.16,
            "account_receivable_turnover_ratio": 1.32,
            "reinvestment_rate": 8.98,
            "research_to_sale_ratio": 2.19,
            "price_fair": 873.6,
            "eps_avg_yearly": 24.96,
            "eps_latest_yearly": 35.36,
            "eps_growth_yearly": 37.76
        },
        "20221": {
            "year_quarter": 20221,
            "year": 2022,
            "quarter": 1,
            "eps": 8.1,
            "eps_growth_year": 11.26,
            "eps_4q": 35.33,
            "eps_4q_growth_year": 14.05,
            "roe": 4.71,
            "roe_4q": 21.62,
            "gross_profit": 3456517,
            "gross_margin": 15.4,
            "gross_margin_4q_avg": 14.81,
            "net_income": 1836228,
            "revenue": 22438057,
            "common_shares": 1849705,
            "book_valuer_per_share": 189.35,
            "book_valuer_per_share_4q_avg": 172.15,
            "equity": 40173450,
            "current_ratio": 178.89,
            "debt_ratio": 50.48,
            "inventory_turnover_ratio": 0.95,
            "account_receivable_turnover_ratio": 1.29,
            "reinvestment_rate": 9.84,
            "research_to_sale_ratio": 2.38,
            "price_fair": 917.35,
            "eps_avg_yearly": 26.21,
            "eps_latest_yearly": 32.4,
            "eps_growth_yearly": 43.4
        },
        "20222": {
            "year_quarter": 20222,
            "year": 2022,
            "quarter": 2,
            "eps": 10.5,
            "eps_growth_year": 22.52,
            "eps_4q": 37.26,
            "eps_4q_growth_year": 12.35,
            "roe": 6.02,
            "roe_4q": 22.119999999999997,
            "gross_profit": 3975713,
            "gross_margin": 16.71,
            "gross_margin_4q_avg": 15.53,
            "net_income": 2321560,
            "revenue": 23795949,
            "common_shares": 1849705,
            "book_valuer_per_share": 172.52,
            "book_valuer_per_share_4q_avg": 177.24,
            "equity": 36914851,
            "current_ratio": 163.16,
            "debt_ratio": 55.28,
            "inventory_turnover_ratio": 0.88,
            "account_receivable_turnover_ratio": 1.52,
            "reinvestment_rate": 11.12,
            "research_to_sale_ratio": 2.22,
            "price_fair": 974.23,
            "eps_avg_yearly": 27.84,
            "eps_latest_yearly": 42,
            "eps_growth_yearly": 43.55
        },
        "20223": {
            "year_quarter": 20223,
            "year": 2022,
            "quarter": 3,
            "eps": 10.97,
            "eps_growth_year": 11.71,
            "eps_4q": 38.41,
            "eps_4q_growth_year": 9.2,
            "roe": 6.38,
            "roe_4q": 22.33,
            "gross_profit": 4090720,
            "gross_margin": 16.63,
            "gross_margin_4q_avg": 15.87,
            "net_income": 2442969,
            "revenue": 24593085,
            "common_shares": 1849705,
            "book_valuer_per_share": 184.43,
            "book_valuer_per_share_4q_avg": 181.29,
            "equity": 39646283,
            "current_ratio": 181.75,
            "debt_ratio": 49.63,
            "inventory_turnover_ratio": 0.9,
            "account_receivable_turnover_ratio": 1.59,
            "reinvestment_rate": 10.73,
            "research_to_sale_ratio": 2.13,
            "price_fair": 1029.96,
            "eps_avg_yearly": 29.43,
            "eps_latest_yearly": 43.88,
            "eps_growth_yearly": 40.92
        },
        "20224": {
            "year_quarter": 20224,
            "year": 2022,
            "quarter": 4,
            "eps": 9.55,
            "eps_growth_year": 8.1,
            "eps_4q": 39.13,
            "eps_4q_growth_year": 13.4,
            "roe": 5.32,
            "roe_4q": 22.43,
            "gross_profit": 3803428,
            "gross_margin": 15.34,
            "gross_margin_4q_avg": 16.02,
            "net_income": 2092152,
            "revenue": 24797048,
            "common_shares": 1849705,
            "book_valuer_per_share": 179.34,
            "book_valuer_per_share_4q_avg": 181.41,
            "equity": 38934728,
            "current_ratio": 187.99,
            "debt_ratio": 48.07,
            "inventory_turnover_ratio": 1.03,
            "account_receivable_turnover_ratio": 1.84,
            "reinvestment_rate": 9.07,
            "research_to_sale_ratio": 2.2,
            "price_fair": 1064.09,
            "eps_avg_yearly": 30.4,
            "eps_latest_yearly": 38.2,
            "eps_growth_yearly": 31.98
        },
        "20231": {
            "year_quarter": 20231,
            "year": 2023,
            "quarter": 1,
            "eps": 6.72,
            "eps_growth_year": -17.04,
            "eps_4q": 37.74,
            "eps_4q_growth_year": 6.83,
            "roe": 3.96,
            "roe_4q": 21.68,
            "gross_profit": 2794853,
            "gross_margin": 14.48,
            "gross_margin_4q_avg": 15.79,
            "net_income": 1520916,
            "revenue": 19300222,
            "common_shares": 1849705,
            "book_valuer_per_share": 171.95,
            "book_valuer_per_share_4q_avg": 177.06,
            "equity": 37854221,
            "current_ratio": 180.1,
            "debt_ratio": 49.4,
            "inventory_turnover_ratio": 0.92,
            "account_receivable_turnover_ratio": 1.74,
            "reinvestment_rate": 9.47,
            "research_to_sale_ratio": 2.48,
            "price_fair": 1094.54,
            "eps_avg_yearly": 31.27,
            "eps_latest_yearly": 26.88,
            "eps_growth_yearly": 35.24
        }
    },
    "months": {
        "2001-11": {
            "month": "2001-11",
            "price": "52.90",
            "revenue": 225947
        },
        "2001-12": {
            "month": "2001-12",
            "price": "90.36",
            "revenue": 108500
        },
        "2002-01": {
            "month": "2002-01",
            "price": "105.80",
            "revenue": 135928
        },
        "2002-02": {
            "month": "2002-02",
            "price": "99.21",
            "revenue": 130981
        },
        "2002-03": {
            "month": "2002-03",
            "price": "100.64",
            "revenue": 223750
        },
        "2002-04": {
            "month": "2002-04",
            "price": "117.48",
            "revenue": 243187
        },
        "2002-05": {
            "month": "2002-05",
            "price": "109.18",
            "revenue": 274012
        },
        "2002-06": {
            "month": "2002-06",
            "price": "88.65",
            "revenue": 165288
        },
        "2002-07": {
            "month": "2002-07",
            "price": "71.72",
            "revenue": 160125
        },
        "2002-08": {
            "month": "2002-08",
            "price": "61.41",
            "revenue": 129872
        },
        "2002-09": {
            "month": "2002-09",
            "price": "59.90",
            "revenue": 240412
        },
        "2002-10": {
            "month": "2002-10",
            "price": "58.32",
            "revenue": 334266
        },
        "2002-11": {
            "month": "2002-11",
            "price": "57.95",
            "revenue": 360218
        },
        "2002-12": {
            "month": "2002-12",
            "price": "57.20",
            "revenue": 315886
        },
        "2003-01": {
            "month": "2003-01",
            "price": "50.21",
            "revenue": 285763
        },
        "2003-02": {
            "month": "2003-02",
            "price": "45.62",
            "revenue": 331713
        },
        "2003-03": {
            "month": "2003-03",
            "price": "45.50",
            "revenue": 446781
        },
        "2003-04": {
            "month": "2003-04",
            "price": "46.81",
            "revenue": 476440
        },
        "2003-05": {
            "month": "2003-05",
            "price": "53.34",
            "revenue": 508038
        },
        "2003-06": {
            "month": "2003-06",
            "price": "61.25",
            "revenue": 572716
        },
        "2003-07": {
            "month": "2003-07",
            "price": "75.13",
            "revenue": 529795
        },
        "2003-08": {
            "month": "2003-08",
            "price": "83.21",
            "revenue": 551319
        },
        "2003-09": {
            "month": "2003-09",
            "price": "76.90",
            "revenue": 695437
        },
        "2003-10": {
            "month": "2003-10",
            "price": "72.70",
            "revenue": 735977
        },
        "2003-11": {
            "month": "2003-11",
            "price": "81.92",
            "revenue": 767765
        },
        "2003-12": {
            "month": "2003-12",
            "price": "93.50",
            "revenue": 795485
        },
        "2004-01": {
            "month": "2004-01",
            "price": "94.37",
            "revenue": 608022
        },
        "2004-02": {
            "month": "2004-02",
            "price": "95.92",
            "revenue": 632610
        },
        "2004-03": {
            "month": "2004-03",
            "price": "91.65",
            "revenue": 683189
        },
        "2004-04": {
            "month": "2004-04",
            "price": "98.25",
            "revenue": 734317
        },
        "2004-05": {
            "month": "2004-05",
            "price": "94.31",
            "revenue": 763895
        },
        "2004-06": {
            "month": "2004-06",
            "price": "85.95",
            "revenue": 701847
        },
        "2004-07": {
            "month": "2004-07",
            "price": "72.39",
            "revenue": 755457
        },
        "2004-08": {
            "month": "2004-08",
            "price": "78.52",
            "revenue": 802429
        },
        "2004-09": {
            "month": "2004-09",
            "price": "82.79",
            "revenue": 875500
        },
        "2004-10": {
            "month": "2004-10",
            "price": "73.88",
            "revenue": 917374
        },
        "2004-11": {
            "month": "2004-11",
            "price": "77.45",
            "revenue": 920498
        },
        "2004-12": {
            "month": "2004-12",
            "price": "75.72",
            "revenue": 614528
        },
        "2005-01": {
            "month": "2005-01",
            "price": "65.43",
            "revenue": 800946
        },
        "2005-02": {
            "month": "2005-02",
            "price": "71.81",
            "revenue": 618923
        },
        "2005-03": {
            "month": "2005-03",
            "price": "74.43",
            "revenue": 808730
        },
        "2005-04": {
            "month": "2005-04",
            "price": "78.96",
            "revenue": 815703
        },
        "2005-05": {
            "month": "2005-05",
            "price": "77.28",
            "revenue": 830083
        },
        "2005-06": {
            "month": "2005-06",
            "price": "82.65",
            "revenue": 820420
        },
        "2005-07": {
            "month": "2005-07",
            "price": "75.72",
            "revenue": 922922
        },
        "2005-08": {
            "month": "2005-08",
            "price": "77.81",
            "revenue": 1032543
        },
        "2005-09": {
            "month": "2005-09",
            "price": "77.08",
            "revenue": 1101107
        },
        "2005-10": {
            "month": "2005-10",
            "price": "75.90",
            "revenue": 1160430
        },
        "2005-11": {
            "month": "2005-11",
            "price": "74.76",
            "revenue": 1165126
        },
        "2005-12": {
            "month": "2005-12",
            "price": "77.90",
            "revenue": 1051832
        },
        "2006-01": {
            "month": "2006-01",
            "price": "78.50",
            "revenue": 889477
        },
        "2006-02": {
            "month": "2006-02",
            "price": "75.45",
            "revenue": 921026
        },
        "2006-03": {
            "month": "2006-03",
            "price": "79.53",
            "revenue": 1195965
        },
        "2006-04": {
            "month": "2006-04",
            "price": "83.01",
            "revenue": 1206013
        },
        "2006-05": {
            "month": "2006-05",
            "price": "99.89",
            "revenue": 1120881
        },
        "2006-06": {
            "month": "2006-06",
            "price": "88.24",
            "revenue": 1190743
        },
        "2006-07": {
            "month": "2006-07",
            "price": "87.41",
            "revenue": 1311468
        },
        "2006-08": {
            "month": "2006-08",
            "price": "88.94",
            "revenue": 1481823
        },
        "2006-09": {
            "month": "2006-09",
            "price": "92.55",
            "revenue": 1722240
        },
        "2006-10": {
            "month": "2006-10",
            "price": "92.68",
            "revenue": 1781278
        },
        "2006-11": {
            "month": "2006-11",
            "price": "96.22",
            "revenue": 1832473
        },
        "2006-12": {
            "month": "2006-12",
            "price": "106.29",
            "revenue": 1653956
        },
        "2007-01": {
            "month": "2007-01",
            "price": "115.91",
            "revenue": 1508108
        },
        "2007-02": {
            "month": "2007-02",
            "price": "119.62",
            "revenue": 1232376
        },
        "2007-03": {
            "month": "2007-03",
            "price": "142.54",
            "revenue": 1666095
        },
        "2007-04": {
            "month": "2007-04",
            "price": "162.75",
            "revenue": 1685280
        },
        "2007-05": {
            "month": "2007-05",
            "price": "163.11",
            "revenue": 1715142
        },
        "2007-06": {
            "month": "2007-06",
            "price": "182.48",
            "revenue": 1763455
        },
        "2007-07": {
            "month": "2007-07",
            "price": "206.43",
            "revenue": 1883197
        },
        "2007-08": {
            "month": "2007-08",
            "price": "202.43",
            "revenue": 1950996
        },
        "2007-09": {
            "month": "2007-09",
            "price": "199.64",
            "revenue": 2192856
        },
        "2007-10": {
            "month": "2007-10",
            "price": "184.07",
            "revenue": 2310288
        },
        "2007-11": {
            "month": "2007-11",
            "price": "163.66",
            "revenue": 2710516
        },
        "2007-12": {
            "month": "2007-12",
            "price": "159.21",
            "revenue": 2301363
        },
        "2008-01": {
            "month": "2008-01",
            "price": "132.84",
            "revenue": 2210354
        },
        "2008-02": {
            "month": "2008-02",
            "price": "141.57",
            "revenue": 1966500
        },
        "2008-03": {
            "month": "2008-03",
            "price": "146.62",
            "revenue": 2344697
        },
        "2008-04": {
            "month": "2008-04",
            "price": "169.14",
            "revenue": 2345162
        },
        "2008-05": {
            "month": "2008-05",
            "price": "164.33",
            "revenue": 2350388
        },
        "2008-06": {
            "month": "2008-06",
            "price": "161.21",
            "revenue": 2330359
        },
        "2008-07": {
            "month": "2008-07",
            "price": "144.16",
            "revenue": 2538352
        },
        "2008-08": {
            "month": "2008-08",
            "price": "132.36",
            "revenue": 2806198
        },
        "2008-09": {
            "month": "2008-09",
            "price": "116.55",
            "revenue": 3068176
        },
        "2008-10": {
            "month": "2008-10",
            "price": "96.53",
            "revenue": 3130729
        },
        "2008-11": {
            "month": "2008-11",
            "price": "79.44",
            "revenue": 3171860
        },
        "2008-12": {
            "month": "2008-12",
            "price": "80.13",
            "revenue": 2533063
        },
        "2009-01": {
            "month": "2009-01",
            "price": "81.43",
            "revenue": 2021239
        },
        "2009-02": {
            "month": "2009-02",
            "price": "87.38",
            "revenue": 2230256
        },
        "2009-03": {
            "month": "2009-03",
            "price": "92.65",
            "revenue": 2660392
        },
        "2009-04": {
            "month": "2009-04",
            "price": "110.53",
            "revenue": 2704089
        },
        "2009-05": {
            "month": "2009-05",
            "price": "136.14",
            "revenue": 2726544
        },
        "2009-06": {
            "month": "2009-06",
            "price": "129.33",
            "revenue": 2808453
        },
        "2009-07": {
            "month": "2009-07",
            "price": "146.63",
            "revenue": 3050691
        },
        "2009-08": {
            "month": "2009-08",
            "price": "143.98",
            "revenue": 3200224
        },
        "2009-09": {
            "month": "2009-09",
            "price": "168.41",
            "revenue": 3261997
        },
        "2009-10": {
            "month": "2009-10",
            "price": "177.00",
            "revenue": 3280675
        },
        "2009-11": {
            "month": "2009-11",
            "price": "173.88",
            "revenue": 3300737
        },
        "2009-12": {
            "month": "2009-12",
            "price": "178.67",
            "revenue": 2970226
        },
        "2010-01": {
            "month": "2010-01",
            "price": "188.75",
            "revenue": 2651510
        },
        "2010-02": {
            "month": "2010-02",
            "price": "178.64",
            "revenue": 2588280
        },
        "2010-03": {
            "month": "2010-03",
            "price": "174.02",
            "revenue": 2970880
        },
        "2010-04": {
            "month": "2010-04",
            "price": "182.69",
            "revenue": 3201582
        },
        "2010-05": {
            "month": "2010-05",
            "price": "181.57",
            "revenue": 3251134
        },
        "2010-06": {
            "month": "2010-06",
            "price": "178.55",
            "revenue": 3300539
        },
        "2010-07": {
            "month": "2010-07",
            "price": "180.50",
            "revenue": 3300486
        },
        "2010-08": {
            "month": "2010-08",
            "price": "170.70",
            "revenue": 3351153
        },
        "2010-09": {
            "month": "2010-09",
            "price": "172.24",
            "revenue": 3508722
        },
        "2010-10": {
            "month": "2010-10",
            "price": "183.17",
            "revenue": 3450659
        },
        "2010-11": {
            "month": "2010-11",
            "price": "194.11",
            "revenue": 3702335
        },
        "2010-12": {
            "month": "2010-12",
            "price": "211.35",
            "revenue": 3104997
        },
        "2011-01": {
            "month": "2011-01",
            "price": "207.38",
            "revenue": 3052938
        },
        "2011-02": {
            "month": "2011-02",
            "price": "193.64",
            "revenue": 2802615
        },
        "2011-03": {
            "month": "2011-03",
            "price": "191.74",
            "revenue": 3705510
        },
        "2011-04": {
            "month": "2011-04",
            "price": "187.58",
            "revenue": 3814874
        },
        "2011-05": {
            "month": "2011-05",
            "price": "215.81",
            "revenue": 4013886
        },
        "2011-06": {
            "month": "2011-06",
            "price": "227.36",
            "revenue": 4217386
        },
        "2011-07": {
            "month": "2011-07",
            "price": "254.71",
            "revenue": 4466114
        },
        "2011-08": {
            "month": "2011-08",
            "price": "226.80",
            "revenue": 4786798
        },
        "2011-09": {
            "month": "2011-09",
            "price": "194.69",
            "revenue": 4503107
        },
        "2011-10": {
            "month": "2011-10",
            "price": "180.35",
            "revenue": 4505452
        },
        "2011-11": {
            "month": "2011-11",
            "price": "173.70",
            "revenue": 4501930
        },
        "2011-12": {
            "month": "2011-12",
            "price": "164.27",
            "revenue": 4008524
        },
        "2012-01": {
            "month": "2012-01",
            "price": "185.17",
            "revenue": 3603730
        },
        "2012-02": {
            "month": "2012-02",
            "price": "214.10",
            "revenue": 3910776
        },
        "2012-03": {
            "month": "2012-03",
            "price": "216.93",
            "revenue": 4303565
        },
        "2012-04": {
            "month": "2012-04",
            "price": "220.88",
            "revenue": 4537829
        },
        "2012-05": {
            "month": "2012-05",
            "price": "212.75",
            "revenue": 4809090
        },
        "2012-06": {
            "month": "2012-06",
            "price": "208.19",
            "revenue": 5028823
        },
        "2012-07": {
            "month": "2012-07",
            "price": "193.84",
            "revenue": 5102682
        },
        "2012-08": {
            "month": "2012-08",
            "price": "184.32",
            "revenue": 5263978
        },
        "2012-09": {
            "month": "2012-09",
            "price": "180.78",
            "revenue": 5662830
        },
        "2012-10": {
            "month": "2012-10",
            "price": "173.41",
            "revenue": 5673509
        },
        "2012-11": {
            "month": "2012-11",
            "price": "137.77",
            "revenue": 5760469
        },
        "2012-12": {
            "month": "2012-12",
            "price": "144.02",
            "revenue": 5186360
        },
        "2013-01": {
            "month": "2013-01",
            "price": "135.86",
            "revenue": 4214805
        },
        "2013-02": {
            "month": "2013-02",
            "price": "133.31",
            "revenue": 3708409
        },
        "2013-03": {
            "month": "2013-03",
            "price": "134.79",
            "revenue": 3578191
        },
        "2013-04": {
            "month": "2013-04",
            "price": "128.62",
            "revenue": 3775360
        },
        "2013-05": {
            "month": "2013-05",
            "price": "134.91",
            "revenue": 3780076
        },
        "2013-06": {
            "month": "2013-06",
            "price": "132.18",
            "revenue": 3946261
        },
        "2013-07": {
            "month": "2013-07",
            "price": "128.37",
            "revenue": 4501382
        },
        "2013-08": {
            "month": "2013-08",
            "price": "137.33",
            "revenue": 4701959
        },
        "2013-09": {
            "month": "2013-09",
            "price": "141.28",
            "revenue": 5312778
        },
        "2013-10": {
            "month": "2013-10",
            "price": "146.11",
            "revenue": 5472937
        },
        "2013-11": {
            "month": "2013-11",
            "price": "130.67",
            "revenue": 6010856
        },
        "2013-12": {
            "month": "2013-12",
            "price": "132.64",
            "revenue": 5731885
        },
        "2014-01": {
            "month": "2014-01",
            "price": "139.33",
            "revenue": 4510556
        },
        "2014-02": {
            "month": "2014-02",
            "price": "134.41",
            "revenue": 3107863
        },
        "2014-03": {
            "month": "2014-03",
            "price": "136.98",
            "revenue": 4511921
        },
        "2014-04": {
            "month": "2014-04",
            "price": "147.88",
            "revenue": 4512665
        },
        "2014-05": {
            "month": "2014-05",
            "price": "157.64",
            "revenue": 4525377
        },
        "2014-06": {
            "month": "2014-06",
            "price": "169.98",
            "revenue": 4604452
        },
        "2014-07": {
            "month": "2014-07",
            "price": "177.20",
            "revenue": 4802494
        },
        "2014-08": {
            "month": "2014-08",
            "price": "163.69",
            "revenue": 5007735
        },
        "2014-09": {
            "month": "2014-09",
            "price": "155.57",
            "revenue": 5401150
        },
        "2014-10": {
            "month": "2014-10",
            "price": "147.16",
            "revenue": 5957048
        },
        "2014-11": {
            "month": "2014-11",
            "price": "155.68",
            "revenue": 6519646
        },
        "2014-12": {
            "month": "2014-12",
            "price": "158.27",
            "revenue": 6554563
        },
        "2015-01": {
            "month": "2015-01",
            "price": "154.88",
            "revenue": 5424104
        },
        "2015-02": {
            "month": "2015-02",
            "price": "154.46",
            "revenue": 4061928
        },
        "2015-03": {
            "month": "2015-03",
            "price": "156.84",
            "revenue": 5521238
        },
        "2015-04": {
            "month": "2015-04",
            "price": "155.98",
            "revenue": 5425362
        },
        "2015-05": {
            "month": "2015-05",
            "price": "146.40",
            "revenue": 5102352
        },
        "2015-06": {
            "month": "2015-06",
            "price": "137.50",
            "revenue": 5121457
        },
        "2015-07": {
            "month": "2015-07",
            "price": "133.89",
            "revenue": 5136458
        },
        "2015-08": {
            "month": "2015-08",
            "price": "112.63",
            "revenue": 5322915
        },
        "2015-09": {
            "month": "2015-09",
            "price": "110.88",
            "revenue": 5684182
        },
        "2015-10": {
            "month": "2015-10",
            "price": "113.45",
            "revenue": 6023894
        },
        "2015-11": {
            "month": "2015-11",
            "price": "115.95",
            "revenue": 6401052
        },
        "2015-12": {
            "month": "2015-12",
            "price": "109.91",
            "revenue": 5011314
        },
        "2016-01": {
            "month": "2016-01",
            "price": "98.36",
            "revenue": 4906095
        },
        "2016-02": {
            "month": "2016-02",
            "price": "105.46",
            "revenue": 3612225
        },
        "2016-03": {
            "month": "2016-03",
            "price": "113.33",
            "revenue": 4828328
        },
        "2016-04": {
            "month": "2016-04",
            "price": "112.50",
            "revenue": 4524130
        },
        "2016-05": {
            "month": "2016-05",
            "price": "107.64",
            "revenue": 4602751
        },
        "2016-06": {
            "month": "2016-06",
            "price": "111.86",
            "revenue": 4466440
        },
        "2016-07": {
            "month": "2016-07",
            "price": "114.58",
            "revenue": 4581948
        },
        "2016-08": {
            "month": "2016-08",
            "price": "109.65",
            "revenue": 4803486
        },
        "2016-09": {
            "month": "2016-09",
            "price": "103.92",
            "revenue": 5237943
        },
        "2016-10": {
            "month": "2016-10",
            "price": "98.76",
            "revenue": 5530297
        },
        "2016-11": {
            "month": "2016-11",
            "price": "93.09",
            "revenue": 5801065
        },
        "2016-12": {
            "month": "2016-12",
            "price": "93.68",
            "revenue": 5225630
        },
        "2017-01": {
            "month": "2017-01",
            "price": "94.12",
            "revenue": 3536555
        },
        "2017-02": {
            "month": "2017-02",
            "price": "99.73",
            "revenue": 3854251
        },
        "2017-03": {
            "month": "2017-03",
            "price": "102.13",
            "revenue": 4321470
        },
        "2017-04": {
            "month": "2017-04",
            "price": "99.88",
            "revenue": 4109466
        },
        "2017-05": {
            "month": "2017-05",
            "price": "99.65",
            "revenue": 4230558
        },
        "2017-06": {
            "month": "2017-06",
            "price": "101.33",
            "revenue": 4306899
        },
        "2017-07": {
            "month": "2017-07",
            "price": "100.72",
            "revenue": 4912950
        },
        "2017-08": {
            "month": "2017-08",
            "price": "100.28",
            "revenue": 5119168
        },
        "2017-09": {
            "month": "2017-09",
            "price": "120.00",
            "revenue": 5715050
        },
        "2017-10": {
            "month": "2017-10",
            "price": "175.84",
            "revenue": 5751353
        },
        "2017-11": {
            "month": "2017-11",
            "price": "178.77",
            "revenue": 6307611
        },
        "2017-12": {
            "month": "2017-12",
            "price": "164.69",
            "revenue": 6115654
        },
        "2018-01": {
            "month": "2018-01",
            "price": "180.30",
            "revenue": 4500818
        },
        "2018-02": {
            "month": "2018-02",
            "price": "183.46",
            "revenue": 3766029
        },
        "2018-03": {
            "month": "2018-03",
            "price": "184.00",
            "revenue": 4740011
        },
        "2018-04": {
            "month": "2018-04",
            "price": "174.25",
            "revenue": 4804231
        },
        "2018-05": {
            "month": "2018-05",
            "price": "176.89",
            "revenue": 5023509
        },
        "2018-06": {
            "month": "2018-06",
            "price": "182.38",
            "revenue": 5116037
        },
        "2018-07": {
            "month": "2018-07",
            "price": "175.36",
            "revenue": 5231716
        },
        "2018-08": {
            "month": "2018-08",
            "price": "199.46",
            "revenue": 5352015
        },
        "2018-09": {
            "month": "2018-09",
            "price": "210.53",
            "revenue": 6020378
        },
        "2018-10": {
            "month": "2018-10",
            "price": "193.05",
            "revenue": 6348210
        },
        "2018-11": {
            "month": "2018-11",
            "price": "184.84",
            "revenue": 6801509
        },
        "2018-12": {
            "month": "2018-12",
            "price": "192.45",
            "revenue": 6818839
        },
        "2019-01": {
            "month": "2019-01",
            "price": "212.19",
            "revenue": 5303269
        },
        "2019-02": {
            "month": "2019-02",
            "price": "223.46",
            "revenue": 3955940
        },
        "2019-03": {
            "month": "2019-03",
            "price": "230.30",
            "revenue": 5157600
        },
        "2019-04": {
            "month": "2019-04",
            "price": "276.05",
            "revenue": 5252343
        },
        "2019-05": {
            "month": "2019-05",
            "price": "252.25",
            "revenue": 5607343
        },
        "2019-06": {
            "month": "2019-06",
            "price": "245.97",
            "revenue": 5855790
        },
        "2019-07": {
            "month": "2019-07",
            "price": "253.78",
            "revenue": 6454282
        },
        "2019-08": {
            "month": "2019-08",
            "price": "245.48",
            "revenue": 6843754
        },
        "2019-09": {
            "month": "2019-09",
            "price": "264.84",
            "revenue": 7053799
        },
        "2019-10": {
            "month": "2019-10",
            "price": "273.21",
            "revenue": 7207640
        },
        "2019-11": {
            "month": "2019-11",
            "price": "295.71",
            "revenue": 7510586
        },
        "2019-12": {
            "month": "2019-12",
            "price": "309.91",
            "revenue": 7532200
        },
        "2020-01": {
            "month": "2020-01",
            "price": "311.43",
            "revenue": 4786195
        },
        "2020-02": {
            "month": "2020-02",
            "price": "313.87",
            "revenue": 3819035
        },
        "2020-03": {
            "month": "2020-03",
            "price": "268.02",
            "revenue": 5879271
        },
        "2020-04": {
            "month": "2020-04",
            "price": "296.50",
            "revenue": 6352858
        },
        "2020-05": {
            "month": "2020-05",
            "price": "309.80",
            "revenue": 6540637
        },
        "2020-06": {
            "month": "2020-06",
            "price": "327.58",
            "revenue": 6684879
        },
        "2020-07": {
            "month": "2020-07",
            "price": "342.09",
            "revenue": 6793233
        },
        "2020-08": {
            "month": "2020-08",
            "price": "338.38",
            "revenue": 7385706
        },
        "2020-09": {
            "month": "2020-09",
            "price": "318.23",
            "revenue": 8623252
        },
        "2020-10": {
            "month": "2020-10",
            "price": "316.71",
            "revenue": 9224265
        },
        "2020-11": {
            "month": "2020-11",
            "price": "323.64",
            "revenue": 9625602
        },
        "2020-12": {
            "month": "2020-12",
            "price": "346.96",
            "revenue": 9756362
        },
        "2021-01": {
            "month": "2021-01",
            "price": "369.98",
            "revenue": 7865198
        },
        "2021-02": {
            "month": "2021-02",
            "price": "361.31",
            "revenue": 6685073
        },
        "2021-03": {
            "month": "2021-03",
            "price": "364.18",
            "revenue": 7868470
        },
        "2021-04": {
            "month": "2021-04",
            "price": "369.71",
            "revenue": 7943637
        },
        "2021-05": {
            "month": "2021-05",
            "price": "354.38",
            "revenue": 8023810
        },
        "2021-06": {
            "month": "2021-06",
            "price": "357.45",
            "revenue": 8153690
        },
        "2021-07": {
            "month": "2021-07",
            "price": "361.86",
            "revenue": 8202655
        },
        "2021-08": {
            "month": "2021-08",
            "price": "333.36",
            "revenue": 8232046
        },
        "2021-09": {
            "month": "2021-09",
            "price": "301.90",
            "revenue": 8352432
        },
        "2021-10": {
            "month": "2021-10",
            "price": "284.98",
            "revenue": 8002849
        },
        "2021-11": {
            "month": "2021-11",
            "price": "311.32",
            "revenue": 8122458
        },
        "2021-12": {
            "month": "2021-12",
            "price": "327.66",
            "revenue": 8120833
        },
        "2022-01": {
            "month": "2022-01",
            "price": "328.08",
            "revenue": 7052452
        },
        "2022-02": {
            "month": "2022-02",
            "price": "318.30",
            "revenue": 7232546
        },
        "2022-03": {
            "month": "2022-03",
            "price": "313.98",
            "revenue": 8153059
        },
        "2022-04": {
            "month": "2022-04",
            "price": "300.58",
            "revenue": 7853820
        },
        "2022-05": {
            "month": "2022-05",
            "price": "289.83",
            "revenue": 7933326
        },
        "2022-06": {
            "month": "2022-06",
            "price": "284.29",
            "revenue": 8008803
        },
        "2022-07": {
            "month": "2022-07",
            "price": "260.24",
            "revenue": 8061596
        },
        "2022-08": {
            "month": "2022-08",
            "price": "274.07",
            "revenue": 8163204
        },
        "2022-09": {
            "month": "2022-09",
            "price": "276.05",
            "revenue": 8368285
        },
        "2022-10": {
            "month": "2022-10",
            "price": "259.50",
            "revenue": 8411167
        },
        "2022-11": {
            "month": "2022-11",
            "price": "286.36",
            "revenue": 8456249
        },
        "2022-12": {
            "month": "2022-12",
            "price": "294.27",
            "revenue": 7929632
        },
        "2023-01": {
            "month": "2023-01",
            "price": "289.04",
            "revenue": 6033916
        },
        "2023-02": {
            "month": "2023-02",
            "price": "296.56",
            "revenue": 6364459
        },
        "2023-03": {
            "month": "2023-03",
            "price": "298.39",
            "revenue": 6901847
        },
        "2023-04": {
            "month": "2023-04",
            "price": "312.18",
            "revenue": 6460956
        }
    }
}
