{
    "summary": {
        "stock_name": "擎邦",
        "stock_id": "6122",
        "category": "電機機械",
        "main_business": "石化及化工工程<br>捷運、發電廠、空調機電系統及公共工程<br>其他",
        "website_url": "http://www.kpec.com.tw",
        "ceo": "張明燦",
        "pe_ratio": 15,
        "report_year_from": 2001,
        "report_year_to": 2023,
        "age": 22,
        "eps_negative_percentage": 40,
        "eps_growth_avg": {
            "last_all": -7.57,
            "last_2y": 36.61,
            "last_4y": 37.97,
            "last_8y": 14.97,
            "last_12y": -8.07,
            "last_16y": 0.86,
            "last_20y": -7.57,
            "at_2006_last_3y": -19.03,
            "at_2007_last_3y": 3.49,
            "at_2008_last_3y": 27.62,
            "at_2009_last_3y": 23.18,
            "at_2010_last_3y": 19.07,
            "at_2011_last_3y": 18.7,
            "at_2012_last_3y": -14.3,
            "at_2013_last_3y": -42.64,
            "at_2014_last_3y": -55.31,
            "at_2015_last_3y": -77.33,
            "at_2016_last_3y": -100,
            "at_2017_last_3y": -100,
            "at_2018_last_3y": -60,
            "at_2019_last_3y": 40,
            "at_2020_last_3y": -3.39,
            "at_2021_last_3y": 22.46,
            "at_2022_last_3y": 52.46,
            "at_2023_last_3y": 52.46,
            "at_2006_last_all": -32.2,
            "at_2007_last_all": -32.25,
            "at_2008_last_all": -10.21,
            "at_2009_last_all": -6.84,
            "at_2010_last_all": -6.57,
            "at_2011_last_all": -9.61,
            "at_2012_last_all": -11.85,
            "at_2013_last_all": -19.86,
            "at_2014_last_all": -19.86,
            "at_2015_last_all": -26.54,
            "at_2016_last_all": -26.54,
            "at_2017_last_all": -26.54,
            "at_2018_last_all": -26.04,
            "at_2019_last_all": -17.03,
            "at_2020_last_all": -21.91,
            "at_2021_last_all": -14.29,
            "at_2022_last_all": -7.57,
            "at_2023_last_all": -7.57
        },
        "latest_eps": 2.25,
        "latest_price": 34.2,
        "latest_roe": 12.85,
        "latest_gross_margin": 8.9,
        "latest_equity": 1334416,
        "latest_revenue": 1012320,
        "latest_gross_profit": 90060,
        "latest_net_income": 57885,
        "latest_debt_ratio": 62.45,
        "latest_current_ratio": 149.15,
        "latest_account_receivable_turnover_ratio": 3.8,
        "latest_inventory_turnover_ratio": 940.12,
        "latest_reinvestment_rate": 2.02,
        "latest_research_to_sale_ratio": null
    },
    "eps_dividends": {
        "1999": {
            "cash": 2,
            "stock": 2,
            "eps": 0
        },
        "2000": {
            "cash": 2,
            "stock": 2,
            "eps": 0
        },
        "2001": {
            "cash": 1,
            "stock": 1,
            "eps": 0.99
        },
        "2002": {
            "cash": 0,
            "stock": 0,
            "eps": 0.28
        },
        "2003": {
            "cash": 0,
            "stock": 0,
            "eps": -1.26
        },
        "2004": {
            "cash": 0,
            "stock": 0,
            "eps": 1.03
        },
        "2005": {
            "cash": 0,
            "stock": 0,
            "eps": 1.35
        },
        "2006": {
            "cash": 0,
            "stock": 0,
            "eps": 1.51
        },
        "2007": {
            "cash": 1,
            "stock": 1,
            "eps": 1.02
        },
        "2008": {
            "cash": 1,
            "stock": 0,
            "eps": 2.1
        },
        "2009": {
            "cash": 1,
            "stock": 0,
            "eps": 2.38
        },
        "2010": {
            "cash": 1,
            "stock": 0,
            "eps": 2.27
        },
        "2011": {
            "cash": 1,
            "stock": 1,
            "eps": 1.5
        },
        "2012": {
            "cash": 1,
            "stock": 0,
            "eps": 1.02
        },
        "2013": {
            "cash": 1,
            "stock": 0,
            "eps": -0.44
        },
        "2014": {
            "cash": 0,
            "stock": 0,
            "eps": 0.31
        },
        "2015": {
            "cash": 0,
            "stock": 0,
            "eps": -0.2
        },
        "2016": {
            "cash": 0,
            "stock": 0,
            "eps": -0.19
        },
        "2017": {
            "cash": 0,
            "stock": 0,
            "eps": 0.25
        },
        "2018": {
            "cash": 0,
            "stock": 0,
            "eps": 0.2
        },
        "2019": {
            "cash": 0,
            "stock": 0,
            "eps": 2.44
        },
        "2020": {
            "cash": 1,
            "stock": 0,
            "eps": 0.24
        },
        "2021": {
            "cash": 0,
            "stock": 0,
            "eps": 0.79
        },
        "2022": {
            "cash": 0,
            "stock": 0,
            "eps": 1.81
        },
        "2023": {
            "cash": 1,
            "stock": 0,
            "eps": 0.8
        }
    },
    "dividends": {
        "1999-06-02": {
            "cash": 1.85,
            "stock": 1.85
        },
        "2000-04-27": {
            "cash": 1.5,
            "stock": 1.5
        },
        "2001-06-21": {
            "cash": 1.1,
            "stock": 1.1
        },
        "2006-03-10": {
            "cash": 0.43,
            "stock": 0.43
        },
        "2007-03-27": {
            "cash": 0.5,
            "stock": 0.5
        },
        "2008-03-28": {
            "cash": 0.77,
            "stock": 0.02
        },
        "2009-03-26": {
            "cash": 1.03,
            "stock": 0.26
        },
        "2010-06-25": {
            "cash": 1.4,
            "stock": 0.3
        },
        "2011-03-21": {
            "cash": 1,
            "stock": 0.6
        },
        "2012-06-19": {
            "cash": 1,
            "stock": 0
        },
        "2013-06-24": {
            "cash": 0.8,
            "stock": 0
        },
        "2020-11-05": {
            "cash": 0.5,
            "stock": 0.3
        },
        "2021-10-20": {
            "cash": 0.3,
            "stock": 0
        },
        "2022-11-01": {
            "cash": 0.4,
            "stock": 0.2
        },
        "2023-03-13": {
            "cash": 0.9,
            "stock": 0.3
        }
    },
    "prices": {
        "200101": "無",
        "200102": "無",
        "200103": "無",
        "200104": "無",
        "200105": "無",
        "200106": "無",
        "200107": "無",
        "200108": "無",
        "200109": "無",
        "200110": "無",
        "200111": "無",
        "200112": "無",
        "200201": "18.97",
        "200202": "24.31",
        "200203": "22.32",
        "200204": "22.17",
        "200205": "16.60",
        "200206": "15.15",
        "200207": "13.63",
        "200208": "11.87",
        "200209": "10.62",
        "200210": "9.90",
        "200211": "9.54",
        "200212": "9.05",
        "200301": "9.35",
        "200302": "9.41",
        "200303": "8.19",
        "200304": "7.82",
        "200305": "7.64",
        "200306": "9.33",
        "200307": "9.38",
        "200308": "8.26",
        "200309": "7.81",
        "200310": "7.99",
        "200311": "7.95",
        "200312": "8.63",
        "200401": "8.94",
        "200402": "10.47",
        "200403": "10.80",
        "200404": "10.83",
        "200405": "9.32",
        "200406": "8.85",
        "200407": "7.86",
        "200408": "7.98",
        "200409": "7.68",
        "200410": "7.83",
        "200411": "8.03",
        "200412": "9.01",
        "200501": "9.60",
        "200502": "9.27",
        "200503": "10.95",
        "200504": "10.95",
        "200505": "10.37",
        "200506": "11.36",
        "200507": "10.53",
        "200508": "9.85",
        "200509": "9.49",
        "200510": "8.88",
        "200511": "8.94",
        "200512": "9.86",
        "200601": "11.39",
        "200602": "10.65",
        "200603": "10.56",
        "200604": "10.92",
        "200605": "9.90",
        "200606": "8.72",
        "200607": "8.32",
        "200608": "8.35",
        "200609": "8.67",
        "200610": "8.78",
        "200611": "9.63",
        "200612": "10.54",
        "200701": "15.82",
        "200702": "17.81",
        "200703": "16.90",
        "200704": "17.19",
        "200705": "15.85",
        "200706": "17.13",
        "200707": "20.49",
        "200708": "19.34",
        "200709": "18.67",
        "200710": "16.94",
        "200711": "14.01",
        "200712": "12.35",
        "200801": "11.31",
        "200802": "11.37",
        "200803": "13.09",
        "200804": "13.80",
        "200805": "14.38",
        "200806": "13.18",
        "200807": "11.91",
        "200808": "10.90",
        "200809": "9.87",
        "200810": "9.14",
        "200811": "9.08",
        "200812": "9.39",
        "200901": "11.08",
        "200902": "12.36",
        "200903": "13.93",
        "200904": "17.35",
        "200905": "20.17",
        "200906": "20.16",
        "200907": "21.31",
        "200908": "20.57",
        "200909": "18.92",
        "200910": "18.99",
        "200911": "18.49",
        "200912": "19.62",
        "201001": "20.35",
        "201002": "18.64",
        "201003": "19.27",
        "201004": "20.72",
        "201005": "19.96",
        "201006": "19.95",
        "201007": "20.70",
        "201008": "21.03",
        "201009": "19.66",
        "201010": "19.20",
        "201011": "19.47",
        "201012": "19.79",
        "201101": "20.86",
        "201102": "20.24",
        "201103": "19.57",
        "201104": "20.61",
        "201105": "23.33",
        "201106": "22.06",
        "201107": "21.62",
        "201108": "20.18",
        "201109": "17.27",
        "201110": "16.66",
        "201111": "15.81",
        "201112": "14.46",
        "201201": "14.64",
        "201202": "16.58",
        "201203": "16.58",
        "201204": "15.48",
        "201205": "14.65",
        "201206": "13.41",
        "201207": "13.63",
        "201208": "13.90",
        "201209": "13.60",
        "201210": "13.58",
        "201211": "12.17",
        "201212": "12.49",
        "201301": "13.31",
        "201302": "13.42",
        "201303": "13.48",
        "201304": "13.41",
        "201305": "13.72",
        "201306": "13.49",
        "201307": "13.67",
        "201308": "13.50",
        "201309": "12.62",
        "201310": "12.72",
        "201311": "11.37",
        "201312": "11.05",
        "201401": "11.64",
        "201402": "11.41",
        "201403": "11.67",
        "201404": "10.84",
        "201405": "10.38",
        "201406": "10.82",
        "201407": "10.71",
        "201408": "10.95",
        "201409": "11.05",
        "201410": "10.50",
        "201411": "10.20",
        "201412": "10.43",
        "201501": "10.96",
        "201502": "10.22",
        "201503": "10.65",
        "201504": "10.30",
        "201505": "9.70",
        "201506": "8.52",
        "201507": "7.84",
        "201508": "6.69",
        "201509": "6.84",
        "201510": "7.07",
        "201511": "6.62",
        "201512": "6.51",
        "201601": "6.39",
        "201602": "6.42",
        "201603": "6.53",
        "201604": "6.62",
        "201605": "6.54",
        "201606": "7.21",
        "201607": "7.88",
        "201608": "7.38",
        "201609": "7.52",
        "201610": "8.36",
        "201611": "9.02",
        "201612": "9.93",
        "201701": "10.21",
        "201702": "11.18",
        "201703": "11.40",
        "201704": "10.70",
        "201705": "10.52",
        "201706": "10.72",
        "201707": "11.02",
        "201708": "11.27",
        "201709": "10.96",
        "201710": "10.60",
        "201711": "11.06",
        "201712": "11.24",
        "201801": "11.56",
        "201802": "10.73",
        "201803": "10.89",
        "201804": "10.34",
        "201805": "9.32",
        "201806": "9.81",
        "201807": "9.07",
        "201808": "9.03",
        "201809": "9.05",
        "201810": "8.35",
        "201811": "8.03",
        "201812": "8.00",
        "201901": "8.12",
        "201902": "8.95",
        "201903": "9.39",
        "201904": "10.50",
        "201905": "10.71",
        "201906": "10.53",
        "201907": "10.49",
        "201908": "11.13",
        "201909": "11.87",
        "201910": "12.78",
        "201911": "12.41",
        "201912": "12.64",
        "202001": "12.49",
        "202002": "12.62",
        "202003": "12.88",
        "202004": "14.38",
        "202005": "14.28",
        "202006": "13.86",
        "202007": "13.67",
        "202008": "13.46",
        "202009": "12.60",
        "202010": "11.98",
        "202011": "11.78",
        "202012": "11.59",
        "202101": "11.85",
        "202102": "11.27",
        "202103": "11.18",
        "202104": "12.27",
        "202105": "10.90",
        "202106": "10.56",
        "202107": "10.71",
        "202108": "11.02",
        "202109": "10.86",
        "202110": "10.78",
        "202111": "11.57",
        "202112": "12.42",
        "202201": "12.47",
        "202202": "12.52",
        "202203": "14.27",
        "202204": "17.85",
        "202205": "17.42",
        "202206": "17.67",
        "202207": "17.84",
        "202208": "18.98",
        "202209": "17.15",
        "202210": "14.30",
        "202211": "15.77",
        "202212": "16.70",
        "202301": "17.97",
        "202302": "18.76",
        "202303": "24.28",
        "202304": "30.99",
        "202305": "32.55"
    },
    "quarters": {
        "20011": {
            "year_quarter": 20011,
            "year": 2001,
            "quarter": 1,
            "eps": 0.48,
            "eps_growth_year": 4.35,
            "eps_4q": 1.69,
            "eps_4q_growth_year": 26.65,
            "roe": 4.06,
            "gross_profit": 25418,
            "gross_margin": 9.88,
            "net_income": 13328,
            "revenue": 257329,
            "common_shares": 276261,
            "equity": 336424,
            "current_ratio": 166.33,
            "debt_ratio": 46.67,
            "inventory_turnover_ratio": 1.98,
            "account_receivable_turnover_ratio": null,
            "reinvestment_rate": null,
            "research_to_sale_ratio": null,
            "price_fair": 0,
            "eps_avg_yearly": 0,
            "eps_latest_yearly": 0,
            "eps_growth_yearly": 0
        },
        "20012": {
            "year_quarter": 20012,
            "year": 2001,
            "quarter": 2,
            "eps": 0.2,
            "eps_growth_year": -69.23,
            "eps_4q": 1.16,
            "eps_4q_growth_year": -11.47,
            "roe": 1.78,
            "gross_profit": 25203,
            "gross_margin": 9.04,
            "net_income": 6046,
            "revenue": 278891,
            "common_shares": 276261,
            "equity": 342718,
            "current_ratio": 174.04,
            "debt_ratio": 46.29,
            "inventory_turnover_ratio": 2.41,
            "account_receivable_turnover_ratio": null,
            "reinvestment_rate": null,
            "research_to_sale_ratio": null,
            "price_fair": 0,
            "eps_avg_yearly": 0,
            "eps_latest_yearly": 0,
            "eps_growth_yearly": 0
        },
        "20013": {
            "year_quarter": 20013,
            "year": 2001,
            "quarter": 3,
            "eps": 0.4,
            "eps_growth_year": 73.91,
            "eps_4q": 1.32,
            "eps_4q_growth_year": 0.05,
            "roe": 3.59,
            "gross_profit": 27380,
            "gross_margin": 14.16,
            "net_income": 12417,
            "revenue": 193347,
            "common_shares": 309078,
            "equity": 349272,
            "current_ratio": 177.24,
            "debt_ratio": 46.29,
            "inventory_turnover_ratio": 1.74,
            "account_receivable_turnover_ratio": null,
            "reinvestment_rate": null,
            "research_to_sale_ratio": null,
            "price_fair": 0,
            "eps_avg_yearly": 0,
            "eps_latest_yearly": 0,
            "eps_growth_yearly": 0
        },
        "20014": {
            "year_quarter": 20014,
            "year": 2001,
            "quarter": 4,
            "eps": -0.09,
            "eps_growth_year": -127.27,
            "eps_4q": 0.94,
            "eps_4q_growth_year": -40.89,
            "roe": -0.76,
            "gross_profit": 15213,
            "gross_margin": 8.61,
            "net_income": -2652,
            "revenue": 176629,
            "common_shares": 309078,
            "equity": 352001,
            "current_ratio": 182.28,
            "debt_ratio": 44.12,
            "inventory_turnover_ratio": 1.81,
            "account_receivable_turnover_ratio": null,
            "reinvestment_rate": null,
            "research_to_sale_ratio": null,
            "price_fair": 0,
            "eps_avg_yearly": 0,
            "eps_latest_yearly": 0,
            "eps_growth_yearly": 0
        },
        "20021": {
            "year_quarter": 20021,
            "year": 2002,
            "quarter": 1,
            "eps": -0.04,
            "eps_growth_year": -108.33,
            "eps_4q": 0.47,
            "eps_4q_growth_year": -72.25,
            "roe": -0.35,
            "gross_profit": 6902,
            "gross_margin": 5.36,
            "net_income": -1242,
            "revenue": 128778,
            "common_shares": 309078,
            "equity": 362182,
            "current_ratio": 241.69,
            "debt_ratio": 30.41,
            "inventory_turnover_ratio": 1.39,
            "account_receivable_turnover_ratio": null,
            "reinvestment_rate": null,
            "research_to_sale_ratio": null,
            "price_fair": 0,
            "eps_avg_yearly": 0,
            "eps_latest_yearly": 0,
            "eps_growth_yearly": 0
        },
        "20022": {
            "year_quarter": 20022,
            "year": 2002,
            "quarter": 2,
            "eps": 0.04,
            "eps_growth_year": -80,
            "eps_4q": 0.31,
            "eps_4q_growth_year": -73.59,
            "roe": 0.36,
            "gross_profit": 11352,
            "gross_margin": 6.86,
            "net_income": 1281,
            "revenue": 165420,
            "common_shares": 309078,
            "equity": 358890,
            "current_ratio": 206.31,
            "debt_ratio": 37.44,
            "inventory_turnover_ratio": 1.64,
            "account_receivable_turnover_ratio": null,
            "reinvestment_rate": null,
            "research_to_sale_ratio": null,
            "price_fair": 0,
            "eps_avg_yearly": 0,
            "eps_latest_yearly": 0,
            "eps_growth_yearly": 0
        },
        "20023": {
            "year_quarter": 20023,
            "year": 2002,
            "quarter": 3,
            "eps": -0.04,
            "eps_growth_year": -110,
            "eps_4q": -0.13,
            "eps_4q_growth_year": -109.99,
            "roe": -0.41,
            "gross_profit": 8137,
            "gross_margin": 7.42,
            "net_income": -1466,
            "revenue": 109670,
            "common_shares": 309078,
            "equity": 349334,
            "current_ratio": 192.28,
            "debt_ratio": 41.48,
            "inventory_turnover_ratio": 1.02,
            "account_receivable_turnover_ratio": null,
            "reinvestment_rate": null,
            "research_to_sale_ratio": null,
            "price_fair": 0,
            "eps_avg_yearly": 0,
            "eps_latest_yearly": 0,
            "eps_growth_yearly": 0
        },
        "20024": {
            "year_quarter": 20024,
            "year": 2002,
            "quarter": 4,
            "eps": 0.32,
            "eps_growth_year": null,
            "eps_4q": 0.28,
            "eps_4q_growth_year": -70.49,
            "roe": 3.01,
            "gross_profit": 26203,
            "gross_margin": 8.36,
            "net_income": 10721,
            "revenue": 313400,
            "common_shares": 338648,
            "equity": 361957,
            "current_ratio": 183.96,
            "debt_ratio": 45.61,
            "inventory_turnover_ratio": 2.31,
            "account_receivable_turnover_ratio": null,
            "reinvestment_rate": 20.19,
            "research_to_sale_ratio": null,
            "price_fair": 0,
            "eps_avg_yearly": 0,
            "eps_latest_yearly": 0,
            "eps_growth_yearly": 0
        },
        "20031": {
            "year_quarter": 20031,
            "year": 2003,
            "quarter": 1,
            "eps": -0.29,
            "eps_growth_year": null,
            "eps_4q": 0.02,
            "eps_4q_growth_year": -94.82,
            "roe": -2.74,
            "gross_profit": 5055,
            "gross_margin": 5.68,
            "net_income": -9721,
            "revenue": 88979,
            "common_shares": 338648,
            "equity": 347152,
            "current_ratio": 156.54,
            "debt_ratio": 47.55,
            "inventory_turnover_ratio": 0.55,
            "account_receivable_turnover_ratio": null,
            "reinvestment_rate": 18.46,
            "research_to_sale_ratio": null,
            "price_fair": 0,
            "eps_avg_yearly": 0,
            "eps_latest_yearly": 0,
            "eps_growth_yearly": 0
        },
        "20032": {
            "year_quarter": 20032,
            "year": 2003,
            "quarter": 2,
            "eps": -0.2,
            "eps_growth_year": -600,
            "eps_4q": -0.22,
            "eps_4q_growth_year": -171.29,
            "roe": -2.01,
            "gross_profit": 9073,
            "gross_margin": 4.56,
            "net_income": -6925,
            "revenue": 199169,
            "common_shares": 338648,
            "equity": 341581,
            "current_ratio": 189.73,
            "debt_ratio": 37.41,
            "inventory_turnover_ratio": 1.48,
            "account_receivable_turnover_ratio": null,
            "reinvestment_rate": 21.04,
            "research_to_sale_ratio": null,
            "price_fair": 0,
            "eps_avg_yearly": 0,
            "eps_latest_yearly": 0,
            "eps_growth_yearly": 0
        },
        "20033": {
            "year_quarter": 20033,
            "year": 2003,
            "quarter": 3,
            "eps": -0.25,
            "eps_growth_year": null,
            "eps_4q": -0.43,
            "eps_4q_growth_year": null,
            "roe": -2.53,
            "gross_profit": 5257,
            "gross_margin": 2.95,
            "net_income": -8593,
            "revenue": 178437,
            "common_shares": 338648,
            "equity": 336785,
            "current_ratio": 164.56,
            "debt_ratio": 44.12,
            "inventory_turnover_ratio": 1.55,
            "account_receivable_turnover_ratio": null,
            "reinvestment_rate": 18.22,
            "research_to_sale_ratio": null,
            "price_fair": 0,
            "eps_avg_yearly": 0,
            "eps_latest_yearly": 0,
            "eps_growth_yearly": 0
        },
        "20034": {
            "year_quarter": 20034,
            "year": 2003,
            "quarter": 4,
            "eps": -0.52,
            "eps_growth_year": -262.5,
            "eps_4q": -1.26,
            "eps_4q_growth_year": -554.21,
            "roe": -5.3,
            "gross_profit": -14767,
            "gross_margin": -7.1,
            "net_income": -17587,
            "revenue": 207999,
            "common_shares": 338648,
            "equity": 326932,
            "current_ratio": 143.94,
            "debt_ratio": 55.07,
            "inventory_turnover_ratio": 1.78,
            "account_receivable_turnover_ratio": null,
            "reinvestment_rate": 104.78,
            "research_to_sale_ratio": null,
            "price_fair": 0,
            "eps_avg_yearly": 0,
            "eps_latest_yearly": 0,
            "eps_growth_yearly": 0
        },
        "20041": {
            "year_quarter": 20041,
            "year": 2004,
            "quarter": 1,
            "eps": -0.09,
            "eps_growth_year": null,
            "eps_4q": -1.11,
            "eps_4q_growth_year": -4671.25,
            "roe": -0.9,
            "gross_profit": 14191,
            "gross_margin": 8.48,
            "net_income": -2917,
            "revenue": 167269,
            "common_shares": 338648,
            "equity": 322401,
            "current_ratio": 167.29,
            "debt_ratio": 42.25,
            "inventory_turnover_ratio": 1.31,
            "account_receivable_turnover_ratio": null,
            "reinvestment_rate": 12.73,
            "research_to_sale_ratio": null,
            "price_fair": 0,
            "eps_avg_yearly": 0,
            "eps_latest_yearly": 0,
            "eps_growth_yearly": 0
        },
        "20042": {
            "year_quarter": 20042,
            "year": 2004,
            "quarter": 2,
            "eps": 0.27,
            "eps_growth_year": null,
            "eps_4q": -0.58,
            "eps_4q_growth_year": null,
            "roe": 2.81,
            "gross_profit": 19995,
            "gross_margin": 8.22,
            "net_income": 9223,
            "revenue": 243109,
            "common_shares": 338648,
            "equity": 332933,
            "current_ratio": 155.3,
            "debt_ratio": 46.76,
            "inventory_turnover_ratio": 2.11,
            "account_receivable_turnover_ratio": null,
            "reinvestment_rate": 9.26,
            "research_to_sale_ratio": null,
            "price_fair": 0,
            "eps_avg_yearly": 0,
            "eps_latest_yearly": 0,
            "eps_growth_yearly": 0
        },
        "20043": {
            "year_quarter": 20043,
            "year": 2004,
            "quarter": 3,
            "eps": 0.3,
            "eps_growth_year": null,
            "eps_4q": -0.04,
            "eps_4q_growth_year": null,
            "roe": 2.96,
            "gross_profit": 25276,
            "gross_margin": 18.2,
            "net_income": 10009,
            "revenue": 138877,
            "common_shares": 338648,
            "equity": 343328,
            "current_ratio": 178.33,
            "debt_ratio": 39.07,
            "inventory_turnover_ratio": 1.12,
            "account_receivable_turnover_ratio": null,
            "reinvestment_rate": -66.34,
            "research_to_sale_ratio": null,
            "price_fair": 42,
            "eps_avg_yearly": 1.2,
            "eps_latest_yearly": 1.2,
            "eps_growth_yearly": 44.44
        },
        "20044": {
            "year_quarter": 20044,
            "year": 2004,
            "quarter": 4,
            "eps": 0.55,
            "eps_growth_year": null,
            "eps_4q": 1.03,
            "eps_4q_growth_year": null,
            "roe": 5.31,
            "gross_profit": 19923,
            "gross_margin": 8.26,
            "net_income": 18583,
            "revenue": 241200,
            "common_shares": 338648,
            "equity": 357102,
            "current_ratio": 147.2,
            "debt_ratio": 54.6,
            "inventory_turnover_ratio": 2.15,
            "account_receivable_turnover_ratio": null,
            "reinvestment_rate": 62.92,
            "research_to_sale_ratio": null,
            "price_fair": 59.5,
            "eps_avg_yearly": 1.7,
            "eps_latest_yearly": 2.2,
            "eps_growth_yearly": 188.89
        },
        "20051": {
            "year_quarter": 20051,
            "year": 2005,
            "quarter": 1,
            "eps": -0.1,
            "eps_growth_year": null,
            "eps_4q": 0.98,
            "eps_4q_growth_year": null,
            "roe": -0.99,
            "gross_profit": 15526,
            "gross_margin": 6.71,
            "net_income": -3508,
            "revenue": 231504,
            "common_shares": 338648,
            "equity": 352624,
            "current_ratio": 160.21,
            "debt_ratio": 44.33,
            "inventory_turnover_ratio": 1.98,
            "account_receivable_turnover_ratio": null,
            "reinvestment_rate": -168.59,
            "research_to_sale_ratio": null,
            "price_fair": 59.5,
            "eps_avg_yearly": 1.7,
            "eps_latest_yearly": 2.2,
            "eps_growth_yearly": 188.89
        },
        "20052": {
            "year_quarter": 20052,
            "year": 2005,
            "quarter": 2,
            "eps": 0.35,
            "eps_growth_year": 29.63,
            "eps_4q": 1.1,
            "eps_4q_growth_year": null,
            "roe": 3.28,
            "gross_profit": 11622,
            "gross_margin": 4.62,
            "net_income": 11757,
            "revenue": 251701,
            "common_shares": 338648,
            "equity": 364603,
            "current_ratio": 207.04,
            "debt_ratio": 50.05,
            "inventory_turnover_ratio": 1.74,
            "account_receivable_turnover_ratio": null,
            "reinvestment_rate": -119.37,
            "research_to_sale_ratio": null,
            "price_fair": 59.5,
            "eps_avg_yearly": 1.7,
            "eps_latest_yearly": 2.2,
            "eps_growth_yearly": 188.89
        },
        "20053": {
            "year_quarter": 20053,
            "year": 2005,
            "quarter": 3,
            "eps": 0.44,
            "eps_growth_year": 46.67,
            "eps_4q": 1.22,
            "eps_4q_growth_year": null,
            "roe": 4.04,
            "gross_profit": 17249,
            "gross_margin": 8.4,
            "net_income": 15172,
            "revenue": 205304,
            "common_shares": 346001,
            "equity": 387180,
            "current_ratio": 199.12,
            "debt_ratio": 49.97,
            "inventory_turnover_ratio": 0.95,
            "account_receivable_turnover_ratio": null,
            "reinvestment_rate": -95.77,
            "research_to_sale_ratio": null,
            "price_fair": 60.2,
            "eps_avg_yearly": 1.72,
            "eps_latest_yearly": 1.76,
            "eps_growth_yearly": 160.21
        },
        "20054": {
            "year_quarter": 20054,
            "year": 2005,
            "quarter": 4,
            "eps": 0.66,
            "eps_growth_year": 20,
            "eps_4q": 1.34,
            "eps_4q_growth_year": 29.79,
            "roe": 5.61,
            "gross_profit": 33258,
            "gross_margin": 7.21,
            "net_income": 22713,
            "revenue": 461061,
            "common_shares": 351981,
            "equity": 422203,
            "current_ratio": 167.29,
            "debt_ratio": 59.43,
            "inventory_turnover_ratio": 1.74,
            "account_receivable_turnover_ratio": null,
            "reinvestment_rate": 44.03,
            "research_to_sale_ratio": null,
            "price_fair": 68.25,
            "eps_avg_yearly": 1.95,
            "eps_latest_yearly": 2.64,
            "eps_growth_yearly": 170.16
        },
        "20061": {
            "year_quarter": 20061,
            "year": 2006,
            "quarter": 1,
            "eps": -0.11,
            "eps_growth_year": null,
            "eps_4q": 1.15,
            "eps_4q_growth_year": 18,
            "roe": -0.96,
            "gross_profit": 13300,
            "gross_margin": 7.18,
            "net_income": -4320,
            "revenue": 185165,
            "common_shares": 409137,
            "equity": 481075,
            "current_ratio": 156.39,
            "debt_ratio": 53.58,
            "inventory_turnover_ratio": 0.65,
            "account_receivable_turnover_ratio": null,
            "reinvestment_rate": -37.23,
            "research_to_sale_ratio": null,
            "price_fair": 68.25,
            "eps_avg_yearly": 1.95,
            "eps_latest_yearly": 2.64,
            "eps_growth_yearly": 170.16
        },
        "20062": {
            "year_quarter": 20062,
            "year": 2006,
            "quarter": 2,
            "eps": 0.47,
            "eps_growth_year": 34.29,
            "eps_4q": 1.3,
            "eps_4q_growth_year": 18.51,
            "roe": 3.96,
            "gross_profit": 22328,
            "gross_margin": 7.97,
            "net_income": 19013,
            "revenue": 280162,
            "common_shares": 410118,
            "equity": 479915,
            "current_ratio": 153.55,
            "debt_ratio": 51.28,
            "inventory_turnover_ratio": 0.87,
            "account_receivable_turnover_ratio": null,
            "reinvestment_rate": -25.07,
            "research_to_sale_ratio": null,
            "price_fair": 68.25,
            "eps_avg_yearly": 1.95,
            "eps_latest_yearly": 2.64,
            "eps_growth_yearly": 170.16
        },
        "20063": {
            "year_quarter": 20063,
            "year": 2006,
            "quarter": 3,
            "eps": 0.27,
            "eps_growth_year": -38.64,
            "eps_4q": 1.16,
            "eps_4q_growth_year": -4.91,
            "roe": 2.34,
            "gross_profit": 29432,
            "gross_margin": 9.8,
            "net_income": 11369,
            "revenue": 300414,
            "common_shares": 431039,
            "equity": 493558,
            "current_ratio": 153.12,
            "debt_ratio": 50.68,
            "inventory_turnover_ratio": 0.75,
            "account_receivable_turnover_ratio": null,
            "reinvestment_rate": -18.78,
            "research_to_sale_ratio": null,
            "price_fair": 62.16,
            "eps_avg_yearly": 1.78,
            "eps_latest_yearly": 1.08,
            "eps_growth_yearly": 102.08
        },
        "20064": {
            "year_quarter": 20064,
            "year": 2006,
            "quarter": 4,
            "eps": 0.88,
            "eps_growth_year": 33.33,
            "eps_4q": 1.49,
            "eps_4q_growth_year": 11.32,
            "roe": 7.25,
            "gross_profit": 37748,
            "gross_margin": 4.71,
            "net_income": 37454,
            "revenue": 801969,
            "common_shares": 439831,
            "equity": 539292,
            "current_ratio": 171.38,
            "debt_ratio": 51.46,
            "inventory_turnover_ratio": 1.96,
            "account_receivable_turnover_ratio": null,
            "reinvestment_rate": 20.22,
            "research_to_sale_ratio": null,
            "price_fair": 72.33,
            "eps_avg_yearly": 2.07,
            "eps_latest_yearly": 3.52,
            "eps_growth_yearly": 235.69
        },
        "20071": {
            "year_quarter": 20071,
            "year": 2007,
            "quarter": 1,
            "eps": -0.11,
            "eps_growth_year": null,
            "eps_4q": 1.32,
            "eps_4q_growth_year": 14.1,
            "roe": -0.95,
            "gross_profit": 13221,
            "gross_margin": 8.49,
            "net_income": -5230,
            "revenue": 155665,
            "common_shares": 462808,
            "equity": 565254,
            "current_ratio": 169.34,
            "debt_ratio": 46.46,
            "inventory_turnover_ratio": 0.38,
            "account_receivable_turnover_ratio": null,
            "reinvestment_rate": -12.35,
            "research_to_sale_ratio": null,
            "price_fair": 72.33,
            "eps_avg_yearly": 2.07,
            "eps_latest_yearly": 3.52,
            "eps_growth_yearly": 235.69
        },
        "20072": {
            "year_quarter": 20072,
            "year": 2007,
            "quarter": 2,
            "eps": 0.68,
            "eps_growth_year": 44.68,
            "eps_4q": 1.62,
            "eps_4q_growth_year": 24.47,
            "roe": 5.42,
            "gross_profit": 36357,
            "gross_margin": 9.27,
            "net_income": 31611,
            "revenue": 392093,
            "common_shares": 462808,
            "equity": 600830,
            "current_ratio": 177.39,
            "debt_ratio": 43.86,
            "inventory_turnover_ratio": 0.92,
            "account_receivable_turnover_ratio": null,
            "reinvestment_rate": -7.53,
            "research_to_sale_ratio": null,
            "price_fair": 72.33,
            "eps_avg_yearly": 2.07,
            "eps_latest_yearly": 3.52,
            "eps_growth_yearly": 235.69
        },
        "20073": {
            "year_quarter": 20073,
            "year": 2007,
            "quarter": 3,
            "eps": 0.02,
            "eps_growth_year": -92.59,
            "eps_4q": 1.19,
            "eps_4q_growth_year": 3.12,
            "roe": 0.18,
            "gross_profit": 17082,
            "gross_margin": 6.16,
            "net_income": 1087,
            "revenue": 277459,
            "common_shares": 462808,
            "equity": 602737,
            "current_ratio": 179.18,
            "debt_ratio": 43.6,
            "inventory_turnover_ratio": 0.64,
            "account_receivable_turnover_ratio": null,
            "reinvestment_rate": -6.09,
            "research_to_sale_ratio": null,
            "price_fair": 62.4,
            "eps_avg_yearly": 1.78,
            "eps_latest_yearly": 0.08,
            "eps_growth_yearly": 146.56
        },
        "20074": {
            "year_quarter": 20074,
            "year": 2007,
            "quarter": 4,
            "eps": 0.43,
            "eps_growth_year": -51.14,
            "eps_4q": 0.99,
            "eps_4q_growth_year": -33.61,
            "roe": 3.46,
            "gross_profit": 28445,
            "gross_margin": 5.56,
            "net_income": 21061,
            "revenue": 511460,
            "common_shares": 490522,
            "equity": 616016,
            "current_ratio": 149.76,
            "debt_ratio": 59.99,
            "inventory_turnover_ratio": 1,
            "account_receivable_turnover_ratio": null,
            "reinvestment_rate": -2.8,
            "research_to_sale_ratio": null,
            "price_fair": 62.13,
            "eps_avg_yearly": 1.78,
            "eps_latest_yearly": 1.72,
            "eps_growth_yearly": 1153.24
        },
        "20081": {
            "year_quarter": 20081,
            "year": 2008,
            "quarter": 1,
            "eps": 0.14,
            "eps_growth_year": null,
            "eps_4q": 1.28,
            "eps_4q_growth_year": -2.91,
            "roe": 1.07,
            "gross_profit": 26367,
            "gross_margin": 7.44,
            "net_income": 6638,
            "revenue": 354245,
            "common_shares": 491454,
            "equity": 626466,
            "current_ratio": 154.47,
            "debt_ratio": 63.16,
            "inventory_turnover_ratio": 0.68,
            "account_receivable_turnover_ratio": null,
            "reinvestment_rate": 14.73,
            "research_to_sale_ratio": null,
            "price_fair": 57.4,
            "eps_avg_yearly": 1.64,
            "eps_latest_yearly": 0.56,
            "eps_growth_yearly": 995.12
        },
        "20082": {
            "year_quarter": 20082,
            "year": 2008,
            "quarter": 2,
            "eps": 0.66,
            "eps_growth_year": -2.94,
            "eps_4q": 1.26,
            "eps_4q_growth_year": -22.39,
            "roe": 5.18,
            "gross_profit": 64829,
            "gross_margin": 13.09,
            "net_income": 32543,
            "revenue": 495308,
            "common_shares": 506624,
            "equity": 631117,
            "current_ratio": 147.16,
            "debt_ratio": 68.56,
            "inventory_turnover_ratio": 0.9,
            "account_receivable_turnover_ratio": null,
            "reinvestment_rate": 14.19,
            "research_to_sale_ratio": null,
            "price_fair": 60.9,
            "eps_avg_yearly": 1.74,
            "eps_latest_yearly": 2.64,
            "eps_growth_yearly": 1044.18
        },
        "20083": {
            "year_quarter": 20083,
            "year": 2008,
            "quarter": 3,
            "eps": 0.59,
            "eps_growth_year": 2850,
            "eps_4q": 1.79,
            "eps_4q_growth_year": 50.1,
            "roe": 4.65,
            "gross_profit": 66490,
            "gross_margin": 12.94,
            "net_income": 30021,
            "revenue": 513778,
            "common_shares": 525860,
            "equity": 661214,
            "current_ratio": 151.96,
            "debt_ratio": 66.64,
            "inventory_turnover_ratio": 0.9,
            "account_receivable_turnover_ratio": null,
            "reinvestment_rate": 13.46,
            "research_to_sale_ratio": null,
            "price_fair": 64.96,
            "eps_avg_yearly": 1.86,
            "eps_latest_yearly": 2.36,
            "eps_growth_yearly": 1035.5
        },
        "20084": {
            "year_quarter": 20084,
            "year": 2008,
            "quarter": 4,
            "eps": 0.71,
            "eps_growth_year": 65.12,
            "eps_4q": 2.05,
            "eps_4q_growth_year": 106.77,
            "roe": 5.45,
            "gross_profit": 108939,
            "gross_margin": 9.44,
            "net_income": 37125,
            "revenue": 1154298,
            "common_shares": 526421,
            "equity": 700418,
            "current_ratio": 170.69,
            "debt_ratio": 59.51,
            "inventory_turnover_ratio": 2.7,
            "account_receivable_turnover_ratio": 4.99,
            "reinvestment_rate": -0.94,
            "research_to_sale_ratio": null,
            "price_fair": 67.2,
            "eps_avg_yearly": 1.92,
            "eps_latest_yearly": 2.84,
            "eps_growth_yearly": 1010.3
        },
        "20091": {
            "year_quarter": 20091,
            "year": 2009,
            "quarter": 1,
            "eps": 0.98,
            "eps_growth_year": 600,
            "eps_4q": 2.83,
            "eps_4q_growth_year": 121.76,
            "roe": 7,
            "gross_profit": 94443,
            "gross_margin": 7.91,
            "net_income": 53055,
            "revenue": 1193420,
            "common_shares": 580906,
            "equity": 815340,
            "current_ratio": 199.38,
            "debt_ratio": 48.33,
            "inventory_turnover_ratio": 3.37,
            "account_receivable_turnover_ratio": 2.58,
            "reinvestment_rate": 11.15,
            "research_to_sale_ratio": null,
            "price_fair": 73.56,
            "eps_avg_yearly": 2.1,
            "eps_latest_yearly": 3.92,
            "eps_growth_yearly": 932.28
        },
        "20092": {
            "year_quarter": 20092,
            "year": 2009,
            "quarter": 2,
            "eps": 0.17,
            "eps_growth_year": -74.24,
            "eps_4q": 2.32,
            "eps_4q_growth_year": 85.01,
            "roe": 1.18,
            "gross_profit": 41134,
            "gross_margin": 5.85,
            "net_income": 9529,
            "revenue": 703172,
            "common_shares": 613430,
            "equity": 794358,
            "current_ratio": 195.65,
            "debt_ratio": 46.16,
            "inventory_turnover_ratio": 1.54,
            "account_receivable_turnover_ratio": 1.74,
            "reinvestment_rate": 10.36,
            "research_to_sale_ratio": null,
            "price_fair": 69.42,
            "eps_avg_yearly": 1.98,
            "eps_latest_yearly": 0.68,
            "eps_growth_yearly": 827.04
        },
        "20093": {
            "year_quarter": 20093,
            "year": 2009,
            "quarter": 3,
            "eps": 0.6,
            "eps_growth_year": 1.69,
            "eps_4q": 2.27,
            "eps_4q_growth_year": 26.45,
            "roe": 4.37,
            "gross_profit": 76353,
            "gross_margin": 9.96,
            "net_income": 35960,
            "revenue": 766963,
            "common_shares": 629503,
            "equity": 852125,
            "current_ratio": 204.14,
            "debt_ratio": 43.65,
            "inventory_turnover_ratio": 1.06,
            "account_receivable_turnover_ratio": 2.25,
            "reinvestment_rate": 9.05,
            "research_to_sale_ratio": null,
            "price_fair": 71.28,
            "eps_avg_yearly": 2.04,
            "eps_latest_yearly": 2.4,
            "eps_growth_yearly": 902.78
        },
        "20094": {
            "year_quarter": 20094,
            "year": 2009,
            "quarter": 4,
            "eps": 0.63,
            "eps_growth_year": -11.27,
            "eps_4q": 2.18,
            "eps_4q_growth_year": 6.31,
            "roe": 4.3,
            "gross_profit": 75329,
            "gross_margin": 13.96,
            "net_income": 38083,
            "revenue": 539668,
            "common_shares": 629503,
            "equity": 917520,
            "current_ratio": 219.92,
            "debt_ratio": 40.37,
            "inventory_turnover_ratio": 1.19,
            "account_receivable_turnover_ratio": 4.4,
            "reinvestment_rate": 55.86,
            "research_to_sale_ratio": null,
            "price_fair": 70.93,
            "eps_avg_yearly": 2.03,
            "eps_latest_yearly": 2.52,
            "eps_growth_yearly": 887.78
        },
        "20101": {
            "year_quarter": 20101,
            "year": 2010,
            "quarter": 1,
            "eps": 0.49,
            "eps_growth_year": -50,
            "eps_4q": 1.82,
            "eps_4q_growth_year": -35.77,
            "roe": 3.28,
            "gross_profit": 58304,
            "gross_margin": 11.48,
            "net_income": 30671,
            "revenue": 507930,
            "common_shares": 629503,
            "equity": 951340,
            "current_ratio": 195.38,
            "debt_ratio": 46.06,
            "inventory_turnover_ratio": 117.14,
            "account_receivable_turnover_ratio": 2.01,
            "reinvestment_rate": 60.15,
            "research_to_sale_ratio": null,
            "price_fair": 70.75,
            "eps_avg_yearly": 2.02,
            "eps_latest_yearly": 1.96,
            "eps_growth_yearly": 812.65
        },
        "20102": {
            "year_quarter": 20102,
            "year": 2010,
            "quarter": 2,
            "eps": 0.62,
            "eps_growth_year": 265.34,
            "eps_4q": 2.24,
            "eps_4q_growth_year": -3.55,
            "roe": 4.13,
            "gross_profit": 77067,
            "gross_margin": 10.8,
            "net_income": 38434,
            "revenue": 713775,
            "common_shares": 629503,
            "equity": 910325,
            "current_ratio": 167.31,
            "debt_ratio": 54.58,
            "inventory_turnover_ratio": 154.07,
            "account_receivable_turnover_ratio": 1.46,
            "reinvestment_rate": 59.8,
            "research_to_sale_ratio": null,
            "price_fair": 71.9,
            "eps_avg_yearly": 2.05,
            "eps_latest_yearly": 2.48,
            "eps_growth_yearly": 762.19
        },
        "20103": {
            "year_quarter": 20103,
            "year": 2010,
            "quarter": 3,
            "eps": 0.76,
            "eps_growth_year": 26.67,
            "eps_4q": 2.44,
            "eps_4q_growth_year": 7.79,
            "roe": 5.18,
            "gross_profit": 71076,
            "gross_margin": 10.72,
            "net_income": 48783,
            "revenue": 662756,
            "common_shares": 648388,
            "equity": 971442,
            "current_ratio": 177.07,
            "debt_ratio": 51.24,
            "inventory_turnover_ratio": 60,
            "account_receivable_turnover_ratio": 0.9,
            "reinvestment_rate": 57.02,
            "research_to_sale_ratio": null,
            "price_fair": 76.8,
            "eps_avg_yearly": 2.19,
            "eps_latest_yearly": 3.04,
            "eps_growth_yearly": 780.8
        },
        "20104": {
            "year_quarter": 20104,
            "year": 2010,
            "quarter": 4,
            "eps": 0.4,
            "eps_growth_year": -35.98,
            "eps_4q": 2.26,
            "eps_4q_growth_year": 3.69,
            "roe": 2.66,
            "gross_profit": 45088,
            "gross_margin": 6.71,
            "net_income": 25984,
            "revenue": 672138,
            "common_shares": 648388,
            "equity": 982491,
            "current_ratio": 165.26,
            "debt_ratio": 55.28,
            "inventory_turnover_ratio": 39.65,
            "account_receivable_turnover_ratio": 0.88,
            "reinvestment_rate": 50.91,
            "research_to_sale_ratio": null,
            "price_fair": 72,
            "eps_avg_yearly": 2.06,
            "eps_latest_yearly": 1.6,
            "eps_growth_yearly": 702.71
        },
        "20111": {
            "year_quarter": 20111,
            "year": 2011,
            "quarter": 1,
            "eps": 0.99,
            "eps_growth_year": 102.04,
            "eps_4q": 2.78,
            "eps_4q_growth_year": 52.54,
            "roe": 6.35,
            "gross_profit": 84226,
            "gross_margin": 13.64,
            "net_income": 64328,
            "revenue": 617442,
            "common_shares": 648388,
            "equity": 1042546,
            "current_ratio": 219.73,
            "debt_ratio": 40.84,
            "inventory_turnover_ratio": 32.07,
            "account_receivable_turnover_ratio": 1.14,
            "reinvestment_rate": 51.29,
            "research_to_sale_ratio": null,
            "price_fair": 76.44,
            "eps_avg_yearly": 2.18,
            "eps_latest_yearly": 3.96,
            "eps_growth_yearly": 695.2
        },
        "20112": {
            "year_quarter": 20112,
            "year": 2011,
            "quarter": 2,
            "eps": 0.22,
            "eps_growth_year": -64.34,
            "eps_4q": 2.26,
            "eps_4q_growth_year": 0.7,
            "roe": 1.5,
            "gross_profit": 43498,
            "gross_margin": 8.06,
            "net_income": 15154,
            "revenue": 539969,
            "common_shares": 648388,
            "equity": 983590,
            "current_ratio": 200.4,
            "debt_ratio": 45.82,
            "inventory_turnover_ratio": 29,
            "account_receivable_turnover_ratio": 1.66,
            "reinvestment_rate": 54.1,
            "research_to_sale_ratio": null,
            "price_fair": 73.59,
            "eps_avg_yearly": 2.1,
            "eps_latest_yearly": 0.88,
            "eps_growth_yearly": 632.3
        },
        "20113": {
            "year_quarter": 20113,
            "year": 2011,
            "quarter": 3,
            "eps": 0.05,
            "eps_growth_year": -94.02,
            "eps_4q": 1.58,
            "eps_4q_growth_year": -35.16,
            "roe": 0.32,
            "gross_profit": 11714,
            "gross_margin": 3.16,
            "net_income": 3083,
            "revenue": 370412,
            "common_shares": 687291,
            "equity": 971090,
            "current_ratio": 237.18,
            "debt_ratio": 40.33,
            "inventory_turnover_ratio": 20.72,
            "account_receivable_turnover_ratio": 1.35,
            "reinvestment_rate": 80.02,
            "research_to_sale_ratio": null,
            "price_fair": 73.85,
            "eps_avg_yearly": 2.11,
            "eps_latest_yearly": 0.2,
            "eps_growth_yearly": 637.25
        },
        "20114": {
            "year_quarter": 20114,
            "year": 2011,
            "quarter": 4,
            "eps": 0.24,
            "eps_growth_year": -40.16,
            "eps_4q": 1.45,
            "eps_4q_growth_year": -36,
            "roe": 1.52,
            "gross_profit": 48258,
            "gross_margin": 11.12,
            "net_income": 16378,
            "revenue": 433902,
            "common_shares": 687291,
            "equity": 1184969,
            "current_ratio": 221.86,
            "debt_ratio": 38.17,
            "inventory_turnover_ratio": 23.52,
            "account_receivable_turnover_ratio": 2.49,
            "reinvestment_rate": 114.44,
            "research_to_sale_ratio": null,
            "price_fair": 72.19,
            "eps_avg_yearly": 2.06,
            "eps_latest_yearly": 0.96,
            "eps_growth_yearly": 219.75
        },
        "20121": {
            "year_quarter": 20121,
            "year": 2012,
            "quarter": 1,
            "eps": 0.06,
            "eps_growth_year": -93.94,
            "eps_4q": 0.57,
            "eps_4q_growth_year": -79.38,
            "roe": 0.36,
            "gross_profit": 28213,
            "gross_margin": 9.4,
            "net_income": 4305,
            "revenue": 300170,
            "common_shares": 687291,
            "equity": 1215992,
            "current_ratio": 214.9,
            "debt_ratio": 38.69,
            "inventory_turnover_ratio": 32.57,
            "account_receivable_turnover_ratio": 1.78,
            "reinvestment_rate": 118.29,
            "research_to_sale_ratio": null,
            "price_fair": 71.49,
            "eps_avg_yearly": 2.04,
            "eps_latest_yearly": 0.24,
            "eps_growth_yearly": 217.86
        },
        "20122": {
            "year_quarter": 20122,
            "year": 2012,
            "quarter": 2,
            "eps": 0.25,
            "eps_growth_year": 14.99,
            "eps_4q": 0.61,
            "eps_4q_growth_year": -73.14,
            "roe": 1.5,
            "gross_profit": 28714,
            "gross_margin": 8.02,
            "net_income": 17506,
            "revenue": 357851,
            "common_shares": 687291,
            "equity": 1120692,
            "current_ratio": 194.54,
            "debt_ratio": 43.06,
            "inventory_turnover_ratio": 295.46,
            "account_receivable_turnover_ratio": 1.33,
            "reinvestment_rate": 111.21,
            "research_to_sale_ratio": null,
            "price_fair": 67.9,
            "eps_avg_yearly": 1.94,
            "eps_latest_yearly": 1,
            "eps_growth_yearly": 204.17
        },
        "20123": {
            "year_quarter": 20123,
            "year": 2012,
            "quarter": 3,
            "eps": 0.22,
            "eps_growth_year": 381.5,
            "eps_4q": 0.78,
            "eps_4q_growth_year": -50.81,
            "roe": 1.34,
            "gross_profit": 23156,
            "gross_margin": 3.91,
            "net_income": 15048,
            "revenue": 592733,
            "common_shares": 687291,
            "equity": 1121602,
            "current_ratio": 235.47,
            "debt_ratio": 35.48,
            "inventory_turnover_ratio": 511.29,
            "account_receivable_turnover_ratio": 2.37,
            "reinvestment_rate": 110.25,
            "research_to_sale_ratio": null,
            "price_fair": 64.66,
            "eps_avg_yearly": 1.85,
            "eps_latest_yearly": 0.88,
            "eps_growth_yearly": 203.82
        },
        "20124": {
            "year_quarter": 20124,
            "year": 2012,
            "quarter": 4,
            "eps": 0.49,
            "eps_growth_year": 104.02,
            "eps_4q": 1.03,
            "eps_4q_growth_year": -28.71,
            "roe": 2.98,
            "gross_profit": 43810,
            "gross_margin": 4.33,
            "net_income": 33846,
            "revenue": 1011470,
            "common_shares": 687291,
            "equity": 1147869,
            "current_ratio": 236.83,
            "debt_ratio": 36.15,
            "inventory_turnover_ratio": 868.64,
            "account_receivable_turnover_ratio": 5.41,
            "reinvestment_rate": 106.55,
            "research_to_sale_ratio": null,
            "price_fair": 62.74,
            "eps_avg_yearly": 1.79,
            "eps_latest_yearly": 1.96,
            "eps_growth_yearly": 229.42
        },
        "20131": {
            "year_quarter": 20131,
            "year": 2013,
            "quarter": 1,
            "eps": 0.01,
            "eps_growth_year": -83.33,
            "eps_4q": 0.97,
            "eps_4q_growth_year": 69.56,
            "roe": 0.03,
            "gross_profit": 18226,
            "gross_margin": 4.02,
            "net_income": 386,
            "revenue": 453064,
            "common_shares": 687291,
            "equity": 1169233,
            "current_ratio": 235.88,
            "debt_ratio": 36.01,
            "inventory_turnover_ratio": 390.34,
            "account_receivable_turnover_ratio": 2.4,
            "reinvestment_rate": 99.47,
            "research_to_sale_ratio": null,
            "price_fair": 54.25,
            "eps_avg_yearly": 1.55,
            "eps_latest_yearly": 0.04,
            "eps_growth_yearly": 195.42
        },
        "20132": {
            "year_quarter": 20132,
            "year": 2013,
            "quarter": 2,
            "eps": 0.32,
            "eps_growth_year": 25.66,
            "eps_4q": 1.03,
            "eps_4q_growth_year": 70.48,
            "roe": 1.92,
            "gross_profit": 44428,
            "gross_margin": 9.76,
            "net_income": 21749,
            "revenue": 455326,
            "common_shares": 687291,
            "equity": 1100018,
            "current_ratio": 208.62,
            "debt_ratio": 40.93,
            "inventory_turnover_ratio": 737.7,
            "account_receivable_turnover_ratio": 3.31,
            "reinvestment_rate": 87.78,
            "research_to_sale_ratio": null,
            "price_fair": 55.56,
            "eps_avg_yearly": 1.59,
            "eps_latest_yearly": 1.28,
            "eps_growth_yearly": 991.09
        },
        "20133": {
            "year_quarter": 20133,
            "year": 2013,
            "quarter": 3,
            "eps": -0.24,
            "eps_growth_year": -209.7,
            "eps_4q": 0.58,
            "eps_4q_growth_year": -25.67,
            "roe": -1.51,
            "gross_profit": -11110,
            "gross_margin": -3.12,
            "net_income": -16181,
            "revenue": 355597,
            "common_shares": 687291,
            "equity": 1043353,
            "current_ratio": 189.51,
            "debt_ratio": 45.86,
            "inventory_turnover_ratio": null,
            "account_receivable_turnover_ratio": 1.64,
            "reinvestment_rate": 89.63,
            "research_to_sale_ratio": null,
            "price_fair": 53.67,
            "eps_avg_yearly": 1.53,
            "eps_latest_yearly": 1.28,
            "eps_growth_yearly": 989.71
        },
        "20134": {
            "year_quarter": 20134,
            "year": 2013,
            "quarter": 4,
            "eps": -0.53,
            "eps_growth_year": -208.58,
            "eps_4q": -0.45,
            "eps_4q_growth_year": -143.44,
            "roe": -3.6,
            "gross_profit": 6047,
            "gross_margin": 1.21,
            "net_income": -36739,
            "revenue": 501509,
            "common_shares": 687291,
            "equity": 1000399,
            "current_ratio": 186.5,
            "debt_ratio": 46.67,
            "inventory_turnover_ratio": null,
            "account_receivable_turnover_ratio": 1.4,
            "reinvestment_rate": 38.05,
            "research_to_sale_ratio": null,
            "price_fair": 51.2,
            "eps_avg_yearly": 1.46,
            "eps_latest_yearly": 1.28,
            "eps_growth_yearly": 1058.97
        },
        "20141": {
            "year_quarter": 20141,
            "year": 2014,
            "quarter": 1,
            "eps": 0.18,
            "eps_growth_year": 1700,
            "eps_4q": -0.27,
            "eps_4q_growth_year": -128.1,
            "roe": 1.23,
            "gross_profit": 10209,
            "gross_margin": 2.95,
            "net_income": 12385,
            "revenue": 345615,
            "common_shares": 687291,
            "equity": 1017770,
            "current_ratio": 204.81,
            "debt_ratio": 42.25,
            "inventory_turnover_ratio": null,
            "account_receivable_turnover_ratio": 0.89,
            "reinvestment_rate": 42.21,
            "research_to_sale_ratio": null,
            "price_fair": 49.86,
            "eps_avg_yearly": 1.42,
            "eps_latest_yearly": 1.28,
            "eps_growth_yearly": 1147.27
        },
        "20142": {
            "year_quarter": 20142,
            "year": 2014,
            "quarter": 2,
            "eps": 0.25,
            "eps_growth_year": -21.88,
            "eps_4q": -0.34,
            "eps_4q_growth_year": -133.29,
            "roe": 1.65,
            "gross_profit": 23358,
            "gross_margin": 6.01,
            "net_income": 16875,
            "revenue": 388792,
            "common_shares": 687291,
            "equity": 1029851,
            "current_ratio": 245.79,
            "debt_ratio": 35.69,
            "inventory_turnover_ratio": null,
            "account_receivable_turnover_ratio": 1.35,
            "reinvestment_rate": 34.18,
            "research_to_sale_ratio": null,
            "price_fair": 45.88,
            "eps_avg_yearly": 1.31,
            "eps_latest_yearly": 1,
            "eps_growth_yearly": 1151.07
        },
        "20143": {
            "year_quarter": 20143,
            "year": 2014,
            "quarter": 3,
            "eps": -0.17,
            "eps_growth_year": null,
            "eps_4q": -0.27,
            "eps_4q_growth_year": -147.4,
            "roe": -1.13,
            "gross_profit": 290,
            "gross_margin": 0.15,
            "net_income": -11399,
            "revenue": 199214,
            "common_shares": 687291,
            "equity": 995923,
            "current_ratio": 214.37,
            "debt_ratio": 41.07,
            "inventory_turnover_ratio": 0.43,
            "account_receivable_turnover_ratio": 1.12,
            "reinvestment_rate": 27.25,
            "research_to_sale_ratio": null,
            "price_fair": 40.83,
            "eps_avg_yearly": 1.17,
            "eps_latest_yearly": 1,
            "eps_growth_yearly": 1239.47
        },
        "20144": {
            "year_quarter": 20144,
            "year": 2014,
            "quarter": 4,
            "eps": 0.05,
            "eps_growth_year": null,
            "eps_4q": 0.31,
            "eps_4q_growth_year": null,
            "roe": 0.31,
            "gross_profit": 20499,
            "gross_margin": 10.37,
            "net_income": 3129,
            "revenue": 197733,
            "common_shares": 687291,
            "equity": 991984,
            "current_ratio": 219.32,
            "debt_ratio": 40.13,
            "inventory_turnover_ratio": 0.38,
            "account_receivable_turnover_ratio": 1.43,
            "reinvestment_rate": 23.89,
            "research_to_sale_ratio": null,
            "price_fair": 39.45,
            "eps_avg_yearly": 1.13,
            "eps_latest_yearly": 1,
            "eps_growth_yearly": 1369.37
        },
        "20151": {
            "year_quarter": 20151,
            "year": 2015,
            "quarter": 1,
            "eps": 0.01,
            "eps_growth_year": -94.44,
            "eps_4q": 0.14,
            "eps_4q_growth_year": null,
            "roe": 0.07,
            "gross_profit": 19044,
            "gross_margin": 6.56,
            "net_income": 688,
            "revenue": 290193,
            "common_shares": 687291,
            "equity": 1002769,
            "current_ratio": 240.32,
            "debt_ratio": 36.25,
            "inventory_turnover_ratio": 651.02,
            "account_receivable_turnover_ratio": 2,
            "reinvestment_rate": 50.47,
            "research_to_sale_ratio": null,
            "price_fair": 26.98,
            "eps_avg_yearly": 0.77,
            "eps_latest_yearly": 0.04,
            "eps_growth_yearly": 1286.64
        },
        "20152": {
            "year_quarter": 20152,
            "year": 2015,
            "quarter": 2,
            "eps": -0.13,
            "eps_growth_year": -152,
            "eps_4q": -0.24,
            "eps_4q_growth_year": null,
            "roe": -0.92,
            "gross_profit": 8361,
            "gross_margin": 3.5,
            "net_income": -9168,
            "revenue": 238898,
            "common_shares": 687291,
            "equity": 983111,
            "current_ratio": 251.04,
            "debt_ratio": 34.75,
            "inventory_turnover_ratio": 185.62,
            "account_receivable_turnover_ratio": 1.42,
            "reinvestment_rate": 43.06,
            "research_to_sale_ratio": null,
            "price_fair": 26.6,
            "eps_avg_yearly": 0.76,
            "eps_latest_yearly": 0.04,
            "eps_growth_yearly": 1446.42
        },
        "20153": {
            "year_quarter": 20153,
            "year": 2015,
            "quarter": 3,
            "eps": -0.21,
            "eps_growth_year": null,
            "eps_4q": -0.29,
            "eps_4q_growth_year": null,
            "roe": -1.47,
            "gross_profit": -711,
            "gross_margin": -0.3,
            "net_income": -14393,
            "revenue": 239212,
            "common_shares": 687291,
            "equity": 971536,
            "current_ratio": 214.54,
            "debt_ratio": 40.24,
            "inventory_turnover_ratio": 108.49,
            "account_receivable_turnover_ratio": 1.12,
            "reinvestment_rate": -173.11,
            "research_to_sale_ratio": null,
            "price_fair": 28.78,
            "eps_avg_yearly": 0.82,
            "eps_latest_yearly": 0.04,
            "eps_growth_yearly": 1641.48
        },
        "20154": {
            "year_quarter": 20154,
            "year": 2015,
            "quarter": 4,
            "eps": 0.13,
            "eps_growth_year": 183.73,
            "eps_4q": -0.2,
            "eps_4q_growth_year": -165.87,
            "roe": 0.91,
            "gross_profit": 26684,
            "gross_margin": 8.79,
            "net_income": 8809,
            "revenue": 303639,
            "common_shares": 687291,
            "equity": 967114,
            "current_ratio": 212.45,
            "debt_ratio": 40.88,
            "inventory_turnover_ratio": 123.7,
            "account_receivable_turnover_ratio": 1.21,
            "reinvestment_rate": -659.7,
            "research_to_sale_ratio": null,
            "price_fair": 28.18,
            "eps_avg_yearly": 0.81,
            "eps_latest_yearly": 0.04,
            "eps_growth_yearly": 1656.66
        },
        "20161": {
            "year_quarter": 20161,
            "year": 2016,
            "quarter": 1,
            "eps": 0.08,
            "eps_growth_year": 700,
            "eps_4q": -0.13,
            "eps_4q_growth_year": -196.13,
            "roe": 0.57,
            "gross_profit": 21264,
            "gross_margin": 10.1,
            "net_income": 5516,
            "revenue": 210631,
            "common_shares": 687291,
            "equity": 984648,
            "current_ratio": 218.61,
            "debt_ratio": 39.22,
            "inventory_turnover_ratio": 83.07,
            "account_receivable_turnover_ratio": 0.99,
            "reinvestment_rate": -653.88,
            "research_to_sale_ratio": null,
            "price_fair": 28.53,
            "eps_avg_yearly": 0.82,
            "eps_latest_yearly": 0.32,
            "eps_growth_yearly": 1674.93
        },
        "20162": {
            "year_quarter": 20162,
            "year": 2016,
            "quarter": 2,
            "eps": -0.03,
            "eps_growth_year": null,
            "eps_4q": -0.03,
            "eps_4q_growth_year": null,
            "roe": -0.25,
            "gross_profit": 15463,
            "gross_margin": 6.28,
            "net_income": -2467,
            "revenue": 246142,
            "common_shares": 687291,
            "equity": 991391,
            "current_ratio": 215.27,
            "debt_ratio": 39.67,
            "inventory_turnover_ratio": 57.37,
            "account_receivable_turnover_ratio": 1.11,
            "reinvestment_rate": -931.98,
            "research_to_sale_ratio": null,
            "price_fair": 27.6,
            "eps_avg_yearly": 0.79,
            "eps_latest_yearly": 0.32,
            "eps_growth_yearly": 1733.25
        },
        "20163": {
            "year_quarter": 20163,
            "year": 2016,
            "quarter": 3,
            "eps": -0.15,
            "eps_growth_year": null,
            "eps_4q": 0.02,
            "eps_4q_growth_year": null,
            "roe": -1.08,
            "gross_profit": 6260,
            "gross_margin": 2.27,
            "net_income": -10603,
            "revenue": 275330,
            "common_shares": 687291,
            "equity": 975506,
            "current_ratio": 191.91,
            "debt_ratio": 44.72,
            "inventory_turnover_ratio": 23.33,
            "account_receivable_turnover_ratio": 1.15,
            "reinvestment_rate": -8457.35,
            "research_to_sale_ratio": null,
            "price_fair": 27.07,
            "eps_avg_yearly": 0.77,
            "eps_latest_yearly": 0.32,
            "eps_growth_yearly": 2030.13
        },
        "20164": {
            "year_quarter": 20164,
            "year": 2016,
            "quarter": 4,
            "eps": -0.09,
            "eps_growth_year": -171.93,
            "eps_4q": -0.2,
            "eps_4q_growth_year": null,
            "roe": -0.68,
            "gross_profit": 11883,
            "gross_margin": 2.79,
            "net_income": -6535,
            "revenue": 425767,
            "common_shares": 687291,
            "equity": 947990,
            "current_ratio": 190.72,
            "debt_ratio": 45.21,
            "inventory_turnover_ratio": 13.08,
            "account_receivable_turnover_ratio": 1.71,
            "reinvestment_rate": null,
            "research_to_sale_ratio": null,
            "price_fair": 18.76,
            "eps_avg_yearly": 0.54,
            "eps_latest_yearly": 0.32,
            "eps_growth_yearly": 2337.97
        },
        "20171": {
            "year_quarter": 20171,
            "year": 2017,
            "quarter": 1,
            "eps": 0.21,
            "eps_growth_year": 162.5,
            "eps_4q": -0.07,
            "eps_4q_growth_year": null,
            "roe": 1.47,
            "gross_profit": 11089,
            "gross_margin": 2.77,
            "net_income": 13991,
            "revenue": 399899,
            "common_shares": 687291,
            "equity": 955758,
            "current_ratio": 171.96,
            "debt_ratio": 51.04,
            "inventory_turnover_ratio": 3.39,
            "account_receivable_turnover_ratio": 1.43,
            "reinvestment_rate": null,
            "research_to_sale_ratio": null,
            "price_fair": 23.1,
            "eps_avg_yearly": 0.66,
            "eps_latest_yearly": 0.32,
            "eps_growth_yearly": 3020.43
        },
        "20172": {
            "year_quarter": 20172,
            "year": 2017,
            "quarter": 2,
            "eps": 0,
            "eps_growth_year": null,
            "eps_4q": -0.04,
            "eps_4q_growth_year": null,
            "roe": -0.03,
            "gross_profit": 15724,
            "gross_margin": 3.17,
            "net_income": -260,
            "revenue": 496665,
            "common_shares": 687291,
            "equity": 952789,
            "current_ratio": 167.65,
            "debt_ratio": 52.33,
            "inventory_turnover_ratio": 2.57,
            "account_receivable_turnover_ratio": 1.57,
            "reinvestment_rate": null,
            "research_to_sale_ratio": null,
            "price_fair": 1.36,
            "eps_avg_yearly": 0.45,
            "eps_latest_yearly": 0.32,
            "eps_growth_yearly": -106.1
        },
        "20173": {
            "year_quarter": 20173,
            "year": 2017,
            "quarter": 3,
            "eps": 0.41,
            "eps_growth_year": null,
            "eps_4q": 0.52,
            "eps_4q_growth_year": 2071.34,
            "roe": 2.86,
            "gross_profit": 11428,
            "gross_margin": 1.93,
            "net_income": 27766,
            "revenue": 591357,
            "common_shares": 687291,
            "equity": 990672,
            "current_ratio": 156.38,
            "debt_ratio": 56.56,
            "inventory_turnover_ratio": 2.97,
            "account_receivable_turnover_ratio": 1.89,
            "reinvestment_rate": null,
            "research_to_sale_ratio": null,
            "price_fair": 1.36,
            "eps_avg_yearly": 0.45,
            "eps_latest_yearly": 0.32,
            "eps_growth_yearly": -106.1
        },
        "20174": {
            "year_quarter": 20174,
            "year": 2017,
            "quarter": 4,
            "eps": -0.37,
            "eps_growth_year": null,
            "eps_4q": 0.24,
            "eps_4q_growth_year": null,
            "roe": -2.59,
            "gross_profit": -4892,
            "gross_margin": -0.71,
            "net_income": -25403,
            "revenue": 685346,
            "common_shares": 687291,
            "equity": 967455,
            "current_ratio": 147.47,
            "debt_ratio": 60.43,
            "inventory_turnover_ratio": 3.41,
            "account_receivable_turnover_ratio": 2.77,
            "reinvestment_rate": -786.19,
            "research_to_sale_ratio": null,
            "price_fair": 1.36,
            "eps_avg_yearly": 0.45,
            "eps_latest_yearly": 0.32,
            "eps_growth_yearly": -106.1
        },
        "20181": {
            "year_quarter": 20181,
            "year": 2018,
            "quarter": 1,
            "eps": -0.67,
            "eps_growth_year": -419.05,
            "eps_4q": -0.64,
            "eps_4q_growth_year": null,
            "roe": -4.88,
            "gross_profit": -27919,
            "gross_margin": -5.13,
            "net_income": -46394,
            "revenue": 544568,
            "common_shares": 687291,
            "equity": 935318,
            "current_ratio": 146.82,
            "debt_ratio": 60.92,
            "inventory_turnover_ratio": 2.78,
            "account_receivable_turnover_ratio": 3.73,
            "reinvestment_rate": null,
            "research_to_sale_ratio": null,
            "price_fair": 1.36,
            "eps_avg_yearly": 0.45,
            "eps_latest_yearly": 0.32,
            "eps_growth_yearly": -106.1
        },
        "20182": {
            "year_quarter": 20182,
            "year": 2018,
            "quarter": 2,
            "eps": 0.37,
            "eps_growth_year": null,
            "eps_4q": -0.26,
            "eps_4q_growth_year": null,
            "roe": 2.68,
            "gross_profit": 19138,
            "gross_margin": 3.94,
            "net_income": 25364,
            "revenue": 485746,
            "common_shares": 687291,
            "equity": 958523,
            "current_ratio": 154.86,
            "debt_ratio": 58.36,
            "inventory_turnover_ratio": 2.24,
            "account_receivable_turnover_ratio": 3.42,
            "reinvestment_rate": null,
            "research_to_sale_ratio": null,
            "price_fair": 0.54,
            "eps_avg_yearly": 0.18,
            "eps_latest_yearly": 0.32,
            "eps_growth_yearly": -236.92
        },
        "20183": {
            "year_quarter": 20183,
            "year": 2018,
            "quarter": 3,
            "eps": -0.21,
            "eps_growth_year": -151.22,
            "eps_4q": -0.88,
            "eps_4q_growth_year": -270.44,
            "roe": -1.56,
            "gross_profit": -2963,
            "gross_margin": -0.83,
            "net_income": -15365,
            "revenue": 355135,
            "common_shares": 687291,
            "equity": 1011797,
            "current_ratio": 174.31,
            "debt_ratio": 51.83,
            "inventory_turnover_ratio": 1.69,
            "account_receivable_turnover_ratio": 1.83,
            "reinvestment_rate": null,
            "research_to_sale_ratio": null,
            "price_fair": 0.54,
            "eps_avg_yearly": 0.18,
            "eps_latest_yearly": 0.32,
            "eps_growth_yearly": -236.92
        },
        "20184": {
            "year_quarter": 20184,
            "year": 2018,
            "quarter": 4,
            "eps": 0.71,
            "eps_growth_year": null,
            "eps_4q": 0.2,
            "eps_4q_growth_year": -17.16,
            "roe": 4.76,
            "gross_profit": 78069,
            "gross_margin": 12.55,
            "net_income": 49139,
            "revenue": 621970,
            "common_shares": 687291,
            "equity": 1052426,
            "current_ratio": 190.45,
            "debt_ratio": 47.65,
            "inventory_turnover_ratio": 2.49,
            "account_receivable_turnover_ratio": 5.08,
            "reinvestment_rate": -5780.82,
            "research_to_sale_ratio": null,
            "price_fair": 0.54,
            "eps_avg_yearly": 0.18,
            "eps_latest_yearly": 0.32,
            "eps_growth_yearly": -236.92
        },
        "20191": {
            "year_quarter": 20191,
            "year": 2019,
            "quarter": 1,
            "eps": 1.68,
            "eps_growth_year": null,
            "eps_4q": 2.55,
            "eps_4q_growth_year": null,
            "roe": 10.7,
            "gross_profit": 7900,
            "gross_margin": 1.71,
            "net_income": 115687,
            "revenue": 462363,
            "common_shares": 687291,
            "equity": 1110375,
            "current_ratio": 181.33,
            "debt_ratio": 50.38,
            "inventory_turnover_ratio": 2,
            "account_receivable_turnover_ratio": 4.79,
            "reinvestment_rate": -153.54,
            "research_to_sale_ratio": null,
            "price_fair": 123.2,
            "eps_avg_yearly": 3.52,
            "eps_latest_yearly": 6.72,
            "eps_growth_yearly": 196.32
        },
        "20192": {
            "year_quarter": 20192,
            "year": 2019,
            "quarter": 2,
            "eps": 0.31,
            "eps_growth_year": -16.22,
            "eps_4q": 2.5,
            "eps_4q_growth_year": null,
            "roe": 1.95,
            "gross_profit": 41686,
            "gross_margin": 7.88,
            "net_income": 21819,
            "revenue": 529122,
            "common_shares": 687291,
            "equity": 1127995,
            "current_ratio": 190.83,
            "debt_ratio": 47.75,
            "inventory_turnover_ratio": 2.06,
            "account_receivable_turnover_ratio": 2.85,
            "reinvestment_rate": -110.93,
            "research_to_sale_ratio": null,
            "price_fair": 88.73,
            "eps_avg_yearly": 2.76,
            "eps_latest_yearly": 1.24,
            "eps_growth_yearly": 22.15
        },
        "20193": {
            "year_quarter": 20193,
            "year": 2019,
            "quarter": 3,
            "eps": 0.03,
            "eps_growth_year": null,
            "eps_4q": 2.74,
            "eps_4q_growth_year": null,
            "roe": 0.17,
            "gross_profit": 15016,
            "gross_margin": 3.82,
            "net_income": 1866,
            "revenue": 392655,
            "common_shares": 687291,
            "equity": 1115840,
            "current_ratio": 201.74,
            "debt_ratio": 44.86,
            "inventory_turnover_ratio": 1.5,
            "account_receivable_turnover_ratio": 2.18,
            "reinvestment_rate": -101.59,
            "research_to_sale_ratio": null,
            "price_fair": 6.3,
            "eps_avg_yearly": 2.1,
            "eps_latest_yearly": 0.12,
            "eps_growth_yearly": -73.71
        },
        "20194": {
            "year_quarter": 20194,
            "year": 2019,
            "quarter": 4,
            "eps": 0.42,
            "eps_growth_year": -41.49,
            "eps_4q": 2.44,
            "eps_4q_growth_year": 1115.71,
            "roe": 2.54,
            "gross_profit": 64919,
            "gross_margin": 11.98,
            "net_income": 28731,
            "revenue": 541839,
            "common_shares": 687291,
            "equity": 1145838,
            "current_ratio": 204.2,
            "debt_ratio": 44.9,
            "inventory_turnover_ratio": 1.76,
            "account_receivable_turnover_ratio": 5.58,
            "reinvestment_rate": -84.64,
            "research_to_sale_ratio": null,
            "price_fair": 70.56,
            "eps_avg_yearly": 2.02,
            "eps_latest_yearly": 1.68,
            "eps_growth_yearly": 981.03
        },
        "20201": {
            "year_quarter": 20201,
            "year": 2020,
            "quarter": 1,
            "eps": 0.12,
            "eps_growth_year": -92.86,
            "eps_4q": 0.88,
            "eps_4q_growth_year": -65.49,
            "roe": 0.69,
            "gross_profit": 25206,
            "gross_margin": 3.15,
            "net_income": 7914,
            "revenue": 799508,
            "common_shares": 687291,
            "equity": 1133182,
            "current_ratio": 215.03,
            "debt_ratio": 42.86,
            "inventory_turnover_ratio": 5.54,
            "account_receivable_turnover_ratio": 9.31,
            "reinvestment_rate": -84.94,
            "research_to_sale_ratio": null,
            "price_fair": 71.68,
            "eps_avg_yearly": 2.05,
            "eps_latest_yearly": 0.48,
            "eps_growth_yearly": 954.66
        },
        "20202": {
            "year_quarter": 20202,
            "year": 2020,
            "quarter": 2,
            "eps": 0.18,
            "eps_growth_year": -41.94,
            "eps_4q": 0.72,
            "eps_4q_growth_year": -71.4,
            "roe": 1.06,
            "gross_profit": 43076,
            "gross_margin": 9.99,
            "net_income": 12050,
            "revenue": 431211,
            "common_shares": 687291,
            "equity": 1132664,
            "current_ratio": 176.07,
            "debt_ratio": 52.23,
            "inventory_turnover_ratio": 1026.81,
            "account_receivable_turnover_ratio": 1.05,
            "reinvestment_rate": -79.68,
            "research_to_sale_ratio": null,
            "price_fair": 63.93,
            "eps_avg_yearly": 1.83,
            "eps_latest_yearly": 0.72,
            "eps_growth_yearly": 828.88
        },
        "20203": {
            "year_quarter": 20203,
            "year": 2020,
            "quarter": 3,
            "eps": -0.14,
            "eps_growth_year": -566.67,
            "eps_4q": 0.55,
            "eps_4q_growth_year": -79.99,
            "roe": -0.87,
            "gross_profit": 976,
            "gross_margin": 0.31,
            "net_income": -9875,
            "revenue": 317371,
            "common_shares": 707910,
            "equity": 1128647,
            "current_ratio": 174.19,
            "debt_ratio": 52.56,
            "inventory_turnover_ratio": 465.63,
            "account_receivable_turnover_ratio": 0.67,
            "reinvestment_rate": -76.85,
            "research_to_sale_ratio": null,
            "price_fair": 63.93,
            "eps_avg_yearly": 1.83,
            "eps_latest_yearly": 0.72,
            "eps_growth_yearly": 828.88
        },
        "20204": {
            "year_quarter": 20204,
            "year": 2020,
            "quarter": 4,
            "eps": 0.08,
            "eps_growth_year": -79.95,
            "eps_4q": 0.23,
            "eps_4q_growth_year": -90.73,
            "roe": 0.52,
            "gross_profit": 21609,
            "gross_margin": 7.5,
            "net_income": 5952,
            "revenue": 288180,
            "common_shares": 707910,
            "equity": 1142434,
            "current_ratio": 200.12,
            "debt_ratio": 44.84,
            "inventory_turnover_ratio": 271.73,
            "account_receivable_turnover_ratio": 1.92,
            "reinvestment_rate": -64.82,
            "research_to_sale_ratio": null,
            "price_fair": 63.93,
            "eps_avg_yearly": 1.83,
            "eps_latest_yearly": 0.72,
            "eps_growth_yearly": 828.88
        },
        "20211": {
            "year_quarter": 20211,
            "year": 2021,
            "quarter": 1,
            "eps": 0.02,
            "eps_growth_year": -83.33,
            "eps_4q": 0.14,
            "eps_4q_growth_year": -84.44,
            "roe": 0.14,
            "gross_profit": 15059,
            "gross_margin": 4.96,
            "net_income": 1583,
            "revenue": 303482,
            "common_shares": 707910,
            "equity": 1139295,
            "current_ratio": 188.05,
            "debt_ratio": 47.84,
            "inventory_turnover_ratio": 294.01,
            "account_receivable_turnover_ratio": 2.64,
            "reinvestment_rate": -63.67,
            "research_to_sale_ratio": null,
            "price_fair": 55.2,
            "eps_avg_yearly": 1.58,
            "eps_latest_yearly": 0.08,
            "eps_growth_yearly": 667.61
        },
        "20212": {
            "year_quarter": 20212,
            "year": 2021,
            "quarter": 2,
            "eps": 0.06,
            "eps_growth_year": -66.67,
            "eps_4q": 0.03,
            "eps_4q_growth_year": -96.2,
            "roe": 0.38,
            "gross_profit": 23110,
            "gross_margin": 5.89,
            "net_income": 4289,
            "revenue": 392649,
            "common_shares": 707910,
            "equity": 1142597,
            "current_ratio": 185.79,
            "debt_ratio": 48.61,
            "inventory_turnover_ratio": 376.7,
            "account_receivable_turnover_ratio": 2.69,
            "reinvestment_rate": -62.38,
            "research_to_sale_ratio": null,
            "price_fair": 49.35,
            "eps_avg_yearly": 1.41,
            "eps_latest_yearly": 0.24,
            "eps_growth_yearly": 684.16
        },
        "20213": {
            "year_quarter": 20213,
            "year": 2021,
            "quarter": 3,
            "eps": 0.21,
            "eps_growth_year": null,
            "eps_4q": 0.37,
            "eps_4q_growth_year": -31.75,
            "roe": 1.29,
            "gross_profit": 28707,
            "gross_margin": 6.16,
            "net_income": 14694,
            "revenue": 466119,
            "common_shares": 707910,
            "equity": 1131869,
            "current_ratio": 177.67,
            "debt_ratio": 51.07,
            "inventory_turnover_ratio": 445.88,
            "account_receivable_turnover_ratio": 2.34,
            "reinvestment_rate": -71.02,
            "research_to_sale_ratio": null,
            "price_fair": 47.13,
            "eps_avg_yearly": 1.35,
            "eps_latest_yearly": 0.84,
            "eps_growth_yearly": 719.25
        },
        "20214": {
            "year_quarter": 20214,
            "year": 2021,
            "quarter": 4,
            "eps": 0.5,
            "eps_growth_year": 493.23,
            "eps_4q": 0.79,
            "eps_4q_growth_year": 247.48,
            "roe": 3.06,
            "gross_profit": 63681,
            "gross_margin": 10.05,
            "net_income": 35173,
            "revenue": 633743,
            "common_shares": 707910,
            "equity": 1168541,
            "current_ratio": 178.18,
            "debt_ratio": 51.08,
            "inventory_turnover_ratio": 581.1,
            "account_receivable_turnover_ratio": 4.51,
            "reinvestment_rate": -52.24,
            "research_to_sale_ratio": null,
            "price_fair": 49.42,
            "eps_avg_yearly": 1.41,
            "eps_latest_yearly": 2,
            "eps_growth_yearly": 702.57
        },
        "20221": {
            "year_quarter": 20221,
            "year": 2022,
            "quarter": 1,
            "eps": 0.35,
            "eps_growth_year": 1650,
            "eps_4q": 1.11,
            "eps_4q_growth_year": 710.48,
            "roe": 2.08,
            "gross_profit": 37287,
            "gross_margin": 7.38,
            "net_income": 24509,
            "revenue": 505016,
            "common_shares": 707910,
            "equity": 1193032,
            "current_ratio": 168.17,
            "debt_ratio": 54.37,
            "inventory_turnover_ratio": 476.79,
            "account_receivable_turnover_ratio": 3.44,
            "reinvestment_rate": -4.7,
            "research_to_sale_ratio": null,
            "price_fair": 49.38,
            "eps_avg_yearly": 1.41,
            "eps_latest_yearly": 1.4,
            "eps_growth_yearly": 627.79
        },
        "20222": {
            "year_quarter": 20222,
            "year": 2022,
            "quarter": 2,
            "eps": 0.43,
            "eps_growth_year": 616.67,
            "eps_4q": 1.45,
            "eps_4q_growth_year": 5222.91,
            "roe": 2.54,
            "gross_profit": 46722,
            "gross_margin": 8.38,
            "net_income": 30248,
            "revenue": 557829,
            "common_shares": 707910,
            "equity": 1191604,
            "current_ratio": 168.8,
            "debt_ratio": 53.92,
            "inventory_turnover_ratio": 521.01,
            "account_receivable_turnover_ratio": 3.31,
            "reinvestment_rate": 1.21,
            "research_to_sale_ratio": null,
            "price_fair": 50.28,
            "eps_avg_yearly": 1.44,
            "eps_latest_yearly": 1.72,
            "eps_growth_yearly": 583.09
        },
        "20223": {
            "year_quarter": 20223,
            "year": 2022,
            "quarter": 3,
            "eps": 0.45,
            "eps_growth_year": 114.29,
            "eps_4q": 1.69,
            "eps_4q_growth_year": 351.3,
            "roe": 2.64,
            "gross_profit": 58106,
            "gross_margin": 10.73,
            "net_income": 32034,
            "revenue": 541520,
            "common_shares": 707910,
            "equity": 1231408,
            "current_ratio": 161.2,
            "debt_ratio": 56.66,
            "inventory_turnover_ratio": 492.78,
            "account_receivable_turnover_ratio": 7.5,
            "reinvestment_rate": 1.64,
            "research_to_sale_ratio": null,
            "price_fair": 51.26,
            "eps_avg_yearly": 1.46,
            "eps_latest_yearly": 1.8,
            "eps_growth_yearly": 539.67
        },
        "20224": {
            "year_quarter": 20224,
            "year": 2022,
            "quarter": 4,
            "eps": 0.58,
            "eps_growth_year": 17.68,
            "eps_4q": 1.79,
            "eps_4q_growth_year": 126.92,
            "roe": 3.37,
            "gross_profit": 77678,
            "gross_margin": 9.09,
            "net_income": 42220,
            "revenue": 854131,
            "common_shares": 722068,
            "equity": 1273210,
            "current_ratio": 141.66,
            "debt_ratio": 65.76,
            "inventory_turnover_ratio": 791.49,
            "account_receivable_turnover_ratio": 3.35,
            "reinvestment_rate": 1.84,
            "research_to_sale_ratio": null,
            "price_fair": 53.4,
            "eps_avg_yearly": 1.53,
            "eps_latest_yearly": 2.32,
            "eps_growth_yearly": 509.38
        },
        "20231": {
            "year_quarter": 20231,
            "year": 2023,
            "quarter": 1,
            "eps": 0.8,
            "eps_growth_year": 128.57,
            "eps_4q": 2.25,
            "eps_4q_growth_year": 102.38,
            "roe": 4.44,
            "gross_profit": 90060,
            "gross_margin": 8.9,
            "net_income": 57885,
            "revenue": 1012320,
            "common_shares": 722068,
            "equity": 1334416,
            "current_ratio": 149.15,
            "debt_ratio": 62.45,
            "inventory_turnover_ratio": 940.12,
            "account_receivable_turnover_ratio": 3.8,
            "reinvestment_rate": 2.02,
            "research_to_sale_ratio": null,
            "price_fair": 44.6,
            "eps_avg_yearly": 1.27,
            "eps_latest_yearly": 3.2,
            "eps_growth_yearly": 481.18
        }
    },
    "months": {
        "2002-01": {
            "month": "2002-01",
            "price": "18.97",
            "revenue": 45269
        },
        "2002-02": {
            "month": "2002-02",
            "price": "24.31",
            "revenue": 41970
        },
        "2002-03": {
            "month": "2002-03",
            "price": "22.32",
            "revenue": 41539
        },
        "2002-04": {
            "month": "2002-04",
            "price": "22.17",
            "revenue": 25124
        },
        "2002-05": {
            "month": "2002-05",
            "price": "16.60",
            "revenue": 35738
        },
        "2002-06": {
            "month": "2002-06",
            "price": "15.15",
            "revenue": 37036
        },
        "2002-07": {
            "month": "2002-07",
            "price": "13.63",
            "revenue": 19237
        },
        "2002-08": {
            "month": "2002-08",
            "price": "11.87",
            "revenue": 29468
        },
        "2002-09": {
            "month": "2002-09",
            "price": "10.62",
            "revenue": 60965
        },
        "2002-10": {
            "month": "2002-10",
            "price": "9.90",
            "revenue": 27424
        },
        "2002-11": {
            "month": "2002-11",
            "price": "9.54",
            "revenue": 164938
        },
        "2002-12": {
            "month": "2002-12",
            "price": "9.05",
            "revenue": 120692
        },
        "2003-01": {
            "month": "2003-01",
            "price": "9.35",
            "revenue": 29553
        },
        "2003-02": {
            "month": "2003-02",
            "price": "9.41",
            "revenue": 35313
        },
        "2003-03": {
            "month": "2003-03",
            "price": "8.19",
            "revenue": 23145
        },
        "2003-04": {
            "month": "2003-04",
            "price": "7.82",
            "revenue": 44700
        },
        "2003-05": {
            "month": "2003-05",
            "price": "7.64",
            "revenue": 80199
        },
        "2003-06": {
            "month": "2003-06",
            "price": "9.33",
            "revenue": 72658
        },
        "2003-07": {
            "month": "2003-07",
            "price": "9.38",
            "revenue": 58413
        },
        "2003-08": {
            "month": "2003-08",
            "price": "8.26",
            "revenue": 33798
        },
        "2003-09": {
            "month": "2003-09",
            "price": "7.81",
            "revenue": 84686
        },
        "2003-10": {
            "month": "2003-10",
            "price": "7.99",
            "revenue": 54563
        },
        "2003-11": {
            "month": "2003-11",
            "price": "7.95",
            "revenue": 28844
        },
        "2003-12": {
            "month": "2003-12",
            "price": "8.63",
            "revenue": 122600
        },
        "2004-01": {
            "month": "2004-01",
            "price": "8.94",
            "revenue": 55057
        },
        "2004-02": {
            "month": "2004-02",
            "price": "10.47",
            "revenue": 3321
        },
        "2004-03": {
            "month": "2004-03",
            "price": "10.80",
            "revenue": 107103
        },
        "2004-04": {
            "month": "2004-04",
            "price": "10.83",
            "revenue": 70354
        },
        "2004-05": {
            "month": "2004-05",
            "price": "9.32",
            "revenue": 43038
        },
        "2004-06": {
            "month": "2004-06",
            "price": "8.85",
            "revenue": 128100
        },
        "2004-07": {
            "month": "2004-07",
            "price": "7.86",
            "revenue": 36325
        },
        "2004-08": {
            "month": "2004-08",
            "price": "7.98",
            "revenue": 34552
        },
        "2004-09": {
            "month": "2004-09",
            "price": "7.68",
            "revenue": 65930
        },
        "2004-10": {
            "month": "2004-10",
            "price": "7.83",
            "revenue": 30207
        },
        "2004-11": {
            "month": "2004-11",
            "price": "8.03",
            "revenue": 58167
        },
        "2004-12": {
            "month": "2004-12",
            "price": "9.01",
            "revenue": 150521
        },
        "2005-01": {
            "month": "2005-01",
            "price": "9.60",
            "revenue": 35204
        },
        "2005-02": {
            "month": "2005-02",
            "price": "9.27",
            "revenue": 100292
        },
        "2005-03": {
            "month": "2005-03",
            "price": "10.95",
            "revenue": 91367
        },
        "2005-04": {
            "month": "2005-04",
            "price": "10.95",
            "revenue": 89253
        },
        "2005-05": {
            "month": "2005-05",
            "price": "10.37",
            "revenue": 59218
        },
        "2005-06": {
            "month": "2005-06",
            "price": "11.36",
            "revenue": 100937
        },
        "2005-07": {
            "month": "2005-07",
            "price": "10.53",
            "revenue": 63990
        },
        "2005-08": {
            "month": "2005-08",
            "price": "9.85",
            "revenue": 71219
        },
        "2005-09": {
            "month": "2005-09",
            "price": "9.49",
            "revenue": 67314
        },
        "2005-10": {
            "month": "2005-10",
            "price": "8.88",
            "revenue": 97711
        },
        "2005-11": {
            "month": "2005-11",
            "price": "8.94",
            "revenue": 63157
        },
        "2005-12": {
            "month": "2005-12",
            "price": "9.86",
            "revenue": 297995
        },
        "2006-01": {
            "month": "2006-01",
            "price": "11.39",
            "revenue": 64613
        },
        "2006-02": {
            "month": "2006-02",
            "price": "10.65",
            "revenue": 62358
        },
        "2006-03": {
            "month": "2006-03",
            "price": "10.56",
            "revenue": 52923
        },
        "2006-04": {
            "month": "2006-04",
            "price": "10.92",
            "revenue": 44610
        },
        "2006-05": {
            "month": "2006-05",
            "price": "9.90",
            "revenue": 74890
        },
        "2006-06": {
            "month": "2006-06",
            "price": "8.72",
            "revenue": 156997
        },
        "2006-07": {
            "month": "2006-07",
            "price": "8.32",
            "revenue": 45306
        },
        "2006-08": {
            "month": "2006-08",
            "price": "8.35",
            "revenue": 44433
        },
        "2006-09": {
            "month": "2006-09",
            "price": "8.67",
            "revenue": 209516
        },
        "2006-10": {
            "month": "2006-10",
            "price": "8.78",
            "revenue": 96989
        },
        "2006-11": {
            "month": "2006-11",
            "price": "9.63",
            "revenue": 82463
        },
        "2006-12": {
            "month": "2006-12",
            "price": "10.54",
            "revenue": 632612
        },
        "2007-01": {
            "month": "2007-01",
            "price": "15.82",
            "revenue": 65391
        },
        "2007-02": {
            "month": "2007-02",
            "price": "17.81",
            "revenue": 47215
        },
        "2007-03": {
            "month": "2007-03",
            "price": "16.90",
            "revenue": 43059
        },
        "2007-04": {
            "month": "2007-04",
            "price": "17.19",
            "revenue": 72559
        },
        "2007-05": {
            "month": "2007-05",
            "price": "15.85",
            "revenue": 33780
        },
        "2007-06": {
            "month": "2007-06",
            "price": "17.13",
            "revenue": 285754
        },
        "2007-07": {
            "month": "2007-07",
            "price": "20.49",
            "revenue": 114649
        },
        "2007-08": {
            "month": "2007-08",
            "price": "19.34",
            "revenue": 89193
        },
        "2007-09": {
            "month": "2007-09",
            "price": "18.67",
            "revenue": 73617
        },
        "2007-10": {
            "month": "2007-10",
            "price": "16.94",
            "revenue": 134832
        },
        "2007-11": {
            "month": "2007-11",
            "price": "14.01",
            "revenue": 124505
        },
        "2007-12": {
            "month": "2007-12",
            "price": "12.35",
            "revenue": 252123
        },
        "2008-01": {
            "month": "2008-01",
            "price": "11.31",
            "revenue": 120408
        },
        "2008-02": {
            "month": "2008-02",
            "price": "11.37",
            "revenue": 76028
        },
        "2008-03": {
            "month": "2008-03",
            "price": "13.09",
            "revenue": 68375
        },
        "2008-04": {
            "month": "2008-04",
            "price": "13.80",
            "revenue": 98470
        },
        "2008-05": {
            "month": "2008-05",
            "price": "14.38",
            "revenue": 104891
        },
        "2008-06": {
            "month": "2008-06",
            "price": "13.18",
            "revenue": 261424
        },
        "2008-07": {
            "month": "2008-07",
            "price": "11.91",
            "revenue": 101490
        },
        "2008-08": {
            "month": "2008-08",
            "price": "10.90",
            "revenue": 194269
        },
        "2008-09": {
            "month": "2008-09",
            "price": "9.87",
            "revenue": 212476
        },
        "2008-10": {
            "month": "2008-10",
            "price": "9.14",
            "revenue": 124347
        },
        "2008-11": {
            "month": "2008-11",
            "price": "9.08",
            "revenue": 350405
        },
        "2008-12": {
            "month": "2008-12",
            "price": "9.39",
            "revenue": 557362
        },
        "2009-01": {
            "month": "2009-01",
            "price": "11.08",
            "revenue": 621496
        },
        "2009-02": {
            "month": "2009-02",
            "price": "12.36",
            "revenue": 184813
        },
        "2009-03": {
            "month": "2009-03",
            "price": "13.93",
            "revenue": 322869
        },
        "2009-04": {
            "month": "2009-04",
            "price": "17.35",
            "revenue": 133967
        },
        "2009-05": {
            "month": "2009-05",
            "price": "20.17",
            "revenue": 328925
        },
        "2009-06": {
            "month": "2009-06",
            "price": "20.16",
            "revenue": 221356
        },
        "2009-07": {
            "month": "2009-07",
            "price": "21.31",
            "revenue": 371734
        },
        "2009-08": {
            "month": "2009-08",
            "price": "20.57",
            "revenue": 212608
        },
        "2009-09": {
            "month": "2009-09",
            "price": "18.92",
            "revenue": 180415
        },
        "2009-10": {
            "month": "2009-10",
            "price": "18.99",
            "revenue": 128250
        },
        "2009-11": {
            "month": "2009-11",
            "price": "18.49",
            "revenue": 104063
        },
        "2009-12": {
            "month": "2009-12",
            "price": "19.62",
            "revenue": 257362
        },
        "2010-01": {
            "month": "2010-01",
            "price": "20.35",
            "revenue": 182168
        },
        "2010-02": {
            "month": "2010-02",
            "price": "18.64",
            "revenue": 148789
        },
        "2010-03": {
            "month": "2010-03",
            "price": "19.27",
            "revenue": 173345
        },
        "2010-04": {
            "month": "2010-04",
            "price": "20.72",
            "revenue": 278748
        },
        "2010-05": {
            "month": "2010-05",
            "price": "19.96",
            "revenue": 132372
        },
        "2010-06": {
            "month": "2010-06",
            "price": "19.95",
            "revenue": 299894
        },
        "2010-07": {
            "month": "2010-07",
            "price": "20.70",
            "revenue": 95619
        },
        "2010-08": {
            "month": "2010-08",
            "price": "21.03",
            "revenue": 146328
        },
        "2010-09": {
            "month": "2010-09",
            "price": "19.66",
            "revenue": 399462
        },
        "2010-10": {
            "month": "2010-10",
            "price": "19.20",
            "revenue": 82269
        },
        "2010-11": {
            "month": "2010-11",
            "price": "19.47",
            "revenue": 226511
        },
        "2010-12": {
            "month": "2010-12",
            "price": "19.79",
            "revenue": 360314
        },
        "2011-01": {
            "month": "2011-01",
            "price": "20.86",
            "revenue": 75456
        },
        "2011-02": {
            "month": "2011-02",
            "price": "20.24",
            "revenue": 213953
        },
        "2011-03": {
            "month": "2011-03",
            "price": "19.57",
            "revenue": 292844
        },
        "2011-04": {
            "month": "2011-04",
            "price": "20.61",
            "revenue": 188133
        },
        "2011-05": {
            "month": "2011-05",
            "price": "23.33",
            "revenue": 116788
        },
        "2011-06": {
            "month": "2011-06",
            "price": "22.06",
            "revenue": 203096
        },
        "2011-07": {
            "month": "2011-07",
            "price": "21.62",
            "revenue": 113296
        },
        "2011-08": {
            "month": "2011-08",
            "price": "20.18",
            "revenue": 137861
        },
        "2011-09": {
            "month": "2011-09",
            "price": "17.27",
            "revenue": 89302
        },
        "2011-10": {
            "month": "2011-10",
            "price": "16.66",
            "revenue": 71715
        },
        "2011-11": {
            "month": "2011-11",
            "price": "15.81",
            "revenue": 138978
        },
        "2011-12": {
            "month": "2011-12",
            "price": "14.46",
            "revenue": 201408
        },
        "2012-01": {
            "month": "2012-01",
            "price": "14.64",
            "revenue": 66281
        },
        "2012-02": {
            "month": "2012-02",
            "price": "16.58",
            "revenue": 96159
        },
        "2012-03": {
            "month": "2012-03",
            "price": "16.58",
            "revenue": 145737
        },
        "2012-04": {
            "month": "2012-04",
            "price": "15.48",
            "revenue": 59730
        },
        "2012-05": {
            "month": "2012-05",
            "price": "14.65",
            "revenue": 128376
        },
        "2012-06": {
            "month": "2012-06",
            "price": "13.41",
            "revenue": 139238
        },
        "2012-07": {
            "month": "2012-07",
            "price": "13.63",
            "revenue": 217033
        },
        "2012-08": {
            "month": "2012-08",
            "price": "13.90",
            "revenue": 131194
        },
        "2012-09": {
            "month": "2012-09",
            "price": "13.60",
            "revenue": 245142
        },
        "2012-10": {
            "month": "2012-10",
            "price": "13.58",
            "revenue": 133480
        },
        "2012-11": {
            "month": "2012-11",
            "price": "12.17",
            "revenue": 192396
        },
        "2012-12": {
            "month": "2012-12",
            "price": "12.49",
            "revenue": 610603
        },
        "2013-01": {
            "month": "2013-01",
            "price": "13.31",
            "revenue": 179841
        },
        "2013-02": {
            "month": "2013-02",
            "price": "13.42",
            "revenue": 109953
        },
        "2013-03": {
            "month": "2013-03",
            "price": "13.48",
            "revenue": 143700
        },
        "2013-04": {
            "month": "2013-04",
            "price": "13.41",
            "revenue": 170079
        },
        "2013-05": {
            "month": "2013-05",
            "price": "13.72",
            "revenue": 137638
        },
        "2013-06": {
            "month": "2013-06",
            "price": "13.49",
            "revenue": 157304
        },
        "2013-07": {
            "month": "2013-07",
            "price": "13.67",
            "revenue": 157316
        },
        "2013-08": {
            "month": "2013-08",
            "price": "13.50",
            "revenue": 119550
        },
        "2013-09": {
            "month": "2013-09",
            "price": "12.62",
            "revenue": 97261
        },
        "2013-10": {
            "month": "2013-10",
            "price": "12.72",
            "revenue": 152670
        },
        "2013-11": {
            "month": "2013-11",
            "price": "11.37",
            "revenue": 199364
        },
        "2013-12": {
            "month": "2013-12",
            "price": "11.05",
            "revenue": 138122
        },
        "2014-01": {
            "month": "2014-01",
            "price": "11.64",
            "revenue": 140563
        },
        "2014-02": {
            "month": "2014-02",
            "price": "11.41",
            "revenue": 100083
        },
        "2014-03": {
            "month": "2014-03",
            "price": "11.67",
            "revenue": 118429
        },
        "2014-04": {
            "month": "2014-04",
            "price": "10.84",
            "revenue": 87946
        },
        "2014-05": {
            "month": "2014-05",
            "price": "10.38",
            "revenue": 181105
        },
        "2014-06": {
            "month": "2014-06",
            "price": "10.82",
            "revenue": 113655
        },
        "2014-07": {
            "month": "2014-07",
            "price": "10.71",
            "revenue": 64013
        },
        "2014-08": {
            "month": "2014-08",
            "price": "10.95",
            "revenue": 62806
        },
        "2014-09": {
            "month": "2014-09",
            "price": "11.05",
            "revenue": 95181
        },
        "2014-10": {
            "month": "2014-10",
            "price": "10.50",
            "revenue": 79451
        },
        "2014-11": {
            "month": "2014-11",
            "price": "10.20",
            "revenue": 64055
        },
        "2014-12": {
            "month": "2014-12",
            "price": "10.43",
            "revenue": 70193
        },
        "2015-01": {
            "month": "2015-01",
            "price": "10.96",
            "revenue": 73243
        },
        "2015-02": {
            "month": "2015-02",
            "price": "10.22",
            "revenue": 155969
        },
        "2015-03": {
            "month": "2015-03",
            "price": "10.65",
            "revenue": 54542
        },
        "2015-04": {
            "month": "2015-04",
            "price": "10.30",
            "revenue": 72437
        },
        "2015-05": {
            "month": "2015-05",
            "price": "9.70",
            "revenue": 75669
        },
        "2015-06": {
            "month": "2015-06",
            "price": "8.52",
            "revenue": 94797
        },
        "2015-07": {
            "month": "2015-07",
            "price": "7.84",
            "revenue": 74839
        },
        "2015-08": {
            "month": "2015-08",
            "price": "6.69",
            "revenue": 86391
        },
        "2015-09": {
            "month": "2015-09",
            "price": "6.84",
            "revenue": 70810
        },
        "2015-10": {
            "month": "2015-10",
            "price": "7.07",
            "revenue": 88493
        },
        "2015-11": {
            "month": "2015-11",
            "price": "6.62",
            "revenue": 98192
        },
        "2015-12": {
            "month": "2015-12",
            "price": "6.51",
            "revenue": 116101
        },
        "2016-01": {
            "month": "2016-01",
            "price": "6.39",
            "revenue": 67798
        },
        "2016-02": {
            "month": "2016-02",
            "price": "6.42",
            "revenue": 60827
        },
        "2016-03": {
            "month": "2016-03",
            "price": "6.53",
            "revenue": 76254
        },
        "2016-04": {
            "month": "2016-04",
            "price": "6.62",
            "revenue": 61710
        },
        "2016-05": {
            "month": "2016-05",
            "price": "6.54",
            "revenue": 101004
        },
        "2016-06": {
            "month": "2016-06",
            "price": "7.21",
            "revenue": 67307
        },
        "2016-07": {
            "month": "2016-07",
            "price": "7.88",
            "revenue": 83476
        },
        "2016-08": {
            "month": "2016-08",
            "price": "7.38",
            "revenue": 100238
        },
        "2016-09": {
            "month": "2016-09",
            "price": "7.52",
            "revenue": 97241
        },
        "2016-10": {
            "month": "2016-10",
            "price": "8.36",
            "revenue": 113319
        },
        "2016-11": {
            "month": "2016-11",
            "price": "9.02",
            "revenue": 122189
        },
        "2016-12": {
            "month": "2016-12",
            "price": "9.93",
            "revenue": 182117
        },
        "2017-01": {
            "month": "2017-01",
            "price": "10.21",
            "revenue": 135458
        },
        "2017-02": {
            "month": "2017-02",
            "price": "11.18",
            "revenue": 147190
        },
        "2017-03": {
            "month": "2017-03",
            "price": "11.40",
            "revenue": 129011
        },
        "2017-04": {
            "month": "2017-04",
            "price": "10.70",
            "revenue": 139688
        },
        "2017-05": {
            "month": "2017-05",
            "price": "10.52",
            "revenue": 200198
        },
        "2017-06": {
            "month": "2017-06",
            "price": "10.72",
            "revenue": 156235
        },
        "2017-07": {
            "month": "2017-07",
            "price": "11.02",
            "revenue": 153700
        },
        "2017-08": {
            "month": "2017-08",
            "price": "11.27",
            "revenue": 224709
        },
        "2017-09": {
            "month": "2017-09",
            "price": "10.96",
            "revenue": 201729
        },
        "2017-10": {
            "month": "2017-10",
            "price": "10.60",
            "revenue": 256961
        },
        "2017-11": {
            "month": "2017-11",
            "price": "11.06",
            "revenue": 236266
        },
        "2017-12": {
            "month": "2017-12",
            "price": "11.24",
            "revenue": 189386
        },
        "2018-01": {
            "month": "2018-01",
            "price": "11.56",
            "revenue": 179498
        },
        "2018-02": {
            "month": "2018-02",
            "price": "10.73",
            "revenue": 138376
        },
        "2018-03": {
            "month": "2018-03",
            "price": "10.89",
            "revenue": 212125
        },
        "2018-04": {
            "month": "2018-04",
            "price": "10.34",
            "revenue": 165199
        },
        "2018-05": {
            "month": "2018-05",
            "price": "9.32",
            "revenue": 133104
        },
        "2018-06": {
            "month": "2018-06",
            "price": "9.81",
            "revenue": 199141
        },
        "2018-07": {
            "month": "2018-07",
            "price": "9.07",
            "revenue": 132459
        },
        "2018-08": {
            "month": "2018-08",
            "price": "9.03",
            "revenue": 117001
        },
        "2018-09": {
            "month": "2018-09",
            "price": "9.05",
            "revenue": 137582
        },
        "2018-10": {
            "month": "2018-10",
            "price": "8.35",
            "revenue": 192913
        },
        "2018-11": {
            "month": "2018-11",
            "price": "8.03",
            "revenue": 164684
        },
        "2018-12": {
            "month": "2018-12",
            "price": "8.00",
            "revenue": 235313
        },
        "2019-01": {
            "month": "2019-01",
            "price": "8.12",
            "revenue": 178872
        },
        "2019-02": {
            "month": "2019-02",
            "price": "8.95",
            "revenue": 146701
        },
        "2019-03": {
            "month": "2019-03",
            "price": "9.39",
            "revenue": 136786
        },
        "2019-04": {
            "month": "2019-04",
            "price": "10.50",
            "revenue": 206838
        },
        "2019-05": {
            "month": "2019-05",
            "price": "10.71",
            "revenue": 162044
        },
        "2019-06": {
            "month": "2019-06",
            "price": "10.53",
            "revenue": 160243
        },
        "2019-07": {
            "month": "2019-07",
            "price": "10.49",
            "revenue": 100130
        },
        "2019-08": {
            "month": "2019-08",
            "price": "11.13",
            "revenue": 155107
        },
        "2019-09": {
            "month": "2019-09",
            "price": "11.87",
            "revenue": 141581
        },
        "2019-10": {
            "month": "2019-10",
            "price": "12.78",
            "revenue": 118344
        },
        "2019-11": {
            "month": "2019-11",
            "price": "12.41",
            "revenue": 205887
        },
        "2019-12": {
            "month": "2019-12",
            "price": "12.64",
            "revenue": 213668
        },
        "2020-01": {
            "month": "2020-01",
            "price": "12.49",
            "revenue": 193284
        },
        "2020-02": {
            "month": "2020-02",
            "price": "12.62",
            "revenue": 388903
        },
        "2020-03": {
            "month": "2020-03",
            "price": "12.88",
            "revenue": 217321
        },
        "2020-04": {
            "month": "2020-04",
            "price": "14.38",
            "revenue": 152148
        },
        "2020-05": {
            "month": "2020-05",
            "price": "14.28",
            "revenue": 149202
        },
        "2020-06": {
            "month": "2020-06",
            "price": "13.86",
            "revenue": 129932
        },
        "2020-07": {
            "month": "2020-07",
            "price": "13.67",
            "revenue": 90199
        },
        "2020-08": {
            "month": "2020-08",
            "price": "13.46",
            "revenue": 151046
        },
        "2020-09": {
            "month": "2020-09",
            "price": "12.60",
            "revenue": 75755
        },
        "2020-10": {
            "month": "2020-10",
            "price": "11.98",
            "revenue": 94444
        },
        "2020-11": {
            "month": "2020-11",
            "price": "11.78",
            "revenue": 89778
        },
        "2020-12": {
            "month": "2020-12",
            "price": "11.59",
            "revenue": 135233
        },
        "2021-01": {
            "month": "2021-01",
            "price": "11.85",
            "revenue": 111822
        },
        "2021-02": {
            "month": "2021-02",
            "price": "11.27",
            "revenue": 70342
        },
        "2021-03": {
            "month": "2021-03",
            "price": "11.18",
            "revenue": 119465
        },
        "2021-04": {
            "month": "2021-04",
            "price": "12.27",
            "revenue": 130577
        },
        "2021-05": {
            "month": "2021-05",
            "price": "10.90",
            "revenue": 135603
        },
        "2021-06": {
            "month": "2021-06",
            "price": "10.56",
            "revenue": 122673
        },
        "2021-07": {
            "month": "2021-07",
            "price": "10.71",
            "revenue": 178688
        },
        "2021-08": {
            "month": "2021-08",
            "price": "11.02",
            "revenue": 166582
        },
        "2021-09": {
            "month": "2021-09",
            "price": "10.86",
            "revenue": 119524
        },
        "2021-10": {
            "month": "2021-10",
            "price": "10.78",
            "revenue": 193161
        },
        "2021-11": {
            "month": "2021-11",
            "price": "11.57",
            "revenue": 219183
        },
        "2021-12": {
            "month": "2021-12",
            "price": "12.42",
            "revenue": 228373
        },
        "2022-01": {
            "month": "2022-01",
            "price": "12.47",
            "revenue": 167491
        },
        "2022-02": {
            "month": "2022-02",
            "price": "12.52",
            "revenue": 178008
        },
        "2022-03": {
            "month": "2022-03",
            "price": "14.27",
            "revenue": 159511
        },
        "2022-04": {
            "month": "2022-04",
            "price": "17.85",
            "revenue": 211163
        },
        "2022-05": {
            "month": "2022-05",
            "price": "17.42",
            "revenue": 130266
        },
        "2022-06": {
            "month": "2022-06",
            "price": "17.67",
            "revenue": 216406
        },
        "2022-07": {
            "month": "2022-07",
            "price": "17.84",
            "revenue": 203707
        },
        "2022-08": {
            "month": "2022-08",
            "price": "18.98",
            "revenue": 139544
        },
        "2022-09": {
            "month": "2022-09",
            "price": "17.15",
            "revenue": 198269
        },
        "2022-10": {
            "month": "2022-10",
            "price": "14.30",
            "revenue": 227569
        },
        "2022-11": {
            "month": "2022-11",
            "price": "15.77",
            "revenue": 282144
        },
        "2022-12": {
            "month": "2022-12",
            "price": "16.70",
            "revenue": 345403
        },
        "2023-01": {
            "month": "2023-01",
            "price": "17.97",
            "revenue": 201422
        },
        "2023-02": {
            "month": "2023-02",
            "price": "18.76",
            "revenue": 438188
        },
        "2023-03": {
            "month": "2023-03",
            "price": "24.28",
            "revenue": 372711
        },
        "2023-04": {
            "month": "2023-04",
            "price": "30.99",
            "revenue": 417778
        }
    }
}
