{
    "summary": {
        "stock_name": "上奇",
        "stock_id": "6123",
        "category": "電腦及週邊設備",
        "main_business": "資訊專業軟、硬體銷售與服務<br>數位印刷設備相關產品銷售與服務<br>雲端託管及運營服務",
        "website_url": "http://www.grandtech.com",
        "ceo": "魏茂發",
        "pe_ratio": 14,
        "report_year_from": 2001,
        "report_year_to": 2023,
        "age": 22,
        "eps_negative_percentage": 13,
        "eps_growth_avg": {
            "last_all": 9.96,
            "last_2y": 13.48,
            "last_4y": 12.02,
            "last_8y": 17.78,
            "last_12y": 14.13,
            "last_16y": 16.43,
            "last_20y": 9.96,
            "at_2006_last_3y": 100,
            "at_2007_last_3y": 58.25,
            "at_2008_last_3y": 42.52,
            "at_2009_last_3y": 23.92,
            "at_2010_last_3y": 23.92,
            "at_2011_last_3y": 15.72,
            "at_2012_last_3y": 9.73,
            "at_2013_last_3y": 5.9,
            "at_2014_last_3y": -12.1,
            "at_2015_last_3y": 0.56,
            "at_2016_last_3y": 13.59,
            "at_2017_last_3y": 24.99,
            "at_2018_last_3y": 22.49,
            "at_2019_last_3y": 14.32,
            "at_2020_last_3y": 8.07,
            "at_2021_last_3y": 12.04,
            "at_2022_last_3y": 10.52,
            "at_2023_last_3y": 10.52,
            "at_2006_last_all": 0,
            "at_2007_last_all": 5.5,
            "at_2008_last_all": 6.89,
            "at_2009_last_all": -0.86,
            "at_2010_last_all": 15.95,
            "at_2011_last_all": 11.34,
            "at_2012_last_all": 8.31,
            "at_2013_last_all": 2.14,
            "at_2014_last_all": 4.73,
            "at_2015_last_all": 7.42,
            "at_2016_last_all": 10.07,
            "at_2017_last_all": 9.17,
            "at_2018_last_all": 9.8,
            "at_2019_last_all": 9.26,
            "at_2020_last_all": 9.57,
            "at_2021_last_all": 9.85,
            "at_2022_last_all": 9.96,
            "at_2023_last_all": 9.96
        },
        "latest_eps": 5.12,
        "latest_price": 73.8,
        "latest_roe": 27.82,
        "latest_gross_margin": 15.23,
        "latest_equity": 1578404,
        "latest_revenue": 1238409,
        "latest_gross_profit": 188627,
        "latest_net_income": 76773,
        "latest_debt_ratio": 49.77,
        "latest_current_ratio": 161.53,
        "latest_account_receivable_turnover_ratio": 2.03,
        "latest_inventory_turnover_ratio": 4.6,
        "latest_reinvestment_rate": 10.08,
        "latest_research_to_sale_ratio": 0.13
    },
    "eps_dividends": {
        "1999": {
            "cash": 4.29,
            "stock": 4.29,
            "eps": 0
        },
        "2000": {
            "cash": 10,
            "stock": 1.73,
            "eps": 0
        },
        "2001": {
            "cash": 0,
            "stock": 0,
            "eps": 2.88
        },
        "2002": {
            "cash": 1,
            "stock": 2,
            "eps": -1.52
        },
        "2003": {
            "cash": 0,
            "stock": 0,
            "eps": -4.04
        },
        "2004": {
            "cash": 0,
            "stock": 0,
            "eps": -3.82
        },
        "2005": {
            "cash": 0,
            "stock": 0,
            "eps": 0.52
        },
        "2006": {
            "cash": 0.05,
            "stock": 0.05,
            "eps": 1.94
        },
        "2007": {
            "cash": 1,
            "stock": 0.2,
            "eps": 2.26
        },
        "2008": {
            "cash": 1.63,
            "stock": 0.2,
            "eps": 2.51
        },
        "2009": {
            "cash": 1.2,
            "stock": 0.2,
            "eps": 1.71
        },
        "2010": {
            "cash": 1,
            "stock": 0,
            "eps": 3.43
        },
        "2011": {
            "cash": 2.8,
            "stock": 0,
            "eps": 2.87
        },
        "2012": {
            "cash": 2.7,
            "stock": 0,
            "eps": 2.5
        },
        "2013": {
            "cash": 2.2,
            "stock": 0,
            "eps": 1.32
        },
        "2014": {
            "cash": 1.3,
            "stock": 0,
            "eps": 1.69
        },
        "2015": {
            "cash": 1.5,
            "stock": 0,
            "eps": 2.27
        },
        "2016": {
            "cash": 2.08,
            "stock": 0,
            "eps": 3.16
        },
        "2017": {
            "cash": 2.5,
            "stock": 0.5,
            "eps": 3.11
        },
        "2018": {
            "cash": 3,
            "stock": 0,
            "eps": 3.67
        },
        "2019": {
            "cash": 3.1,
            "stock": 0.5,
            "eps": 3.73
        },
        "2020": {
            "cash": 3.6,
            "stock": 0,
            "eps": 4.26
        },
        "2021": {
            "cash": 3.98,
            "stock": 0,
            "eps": 4.87
        },
        "2022": {
            "cash": 4.5,
            "stock": 0,
            "eps": 5.45
        },
        "2023": {
            "cash": 5.1,
            "stock": 0,
            "eps": 1
        }
    },
    "dividends": {
        "1999-05-04": {
            "cash": 4.29,
            "stock": 4.29
        },
        "2000-05-08": {
            "cash": 10,
            "stock": 1.73
        },
        "2002-06-14": {
            "cash": 1,
            "stock": 2
        },
        "2006-04-28": {
            "cash": 0.05,
            "stock": 0.05
        },
        "2007-03-30": {
            "cash": 1,
            "stock": 0.2
        },
        "2008-04-08": {
            "cash": 1.63,
            "stock": 0.2
        },
        "2009-04-23": {
            "cash": 1.2,
            "stock": 0.2
        },
        "2010-04-23": {
            "cash": 1,
            "stock": 0
        },
        "2011-03-25": {
            "cash": 2.8,
            "stock": 0
        },
        "2012-06-15": {
            "cash": 2.7,
            "stock": 0
        },
        "2013-06-18": {
            "cash": 2.2,
            "stock": 0
        },
        "2014-08-20": {
            "cash": 1.3,
            "stock": 0
        },
        "2015-07-24": {
            "cash": 1.5,
            "stock": 0
        },
        "2016-07-29": {
            "cash": 2.08,
            "stock": 0
        },
        "2017-07-28": {
            "cash": 2.5,
            "stock": 0.5
        },
        "2018-07-19": {
            "cash": 3,
            "stock": 0
        },
        "2019-07-12": {
            "cash": 3.1,
            "stock": 0.5
        },
        "2020-01-17": {
            "cash": 1,
            "stock": 0
        },
        "2020-07-10": {
            "cash": 2.6,
            "stock": 0
        },
        "2021-01-08": {
            "cash": 1,
            "stock": 0
        },
        "2021-07-09": {
            "cash": 2.98,
            "stock": 0
        },
        "2022-01-14": {
            "cash": 1.2,
            "stock": 0
        },
        "2022-07-08": {
            "cash": 3.3,
            "stock": 0
        },
        "2023-01-18": {
            "cash": 1.35,
            "stock": 0
        },
        "2023-07-14": {
            "cash": 3.75,
            "stock": 0
        }
    },
    "prices": {
        "200101": "無",
        "200102": "無",
        "200103": "無",
        "200104": "無",
        "200105": "無",
        "200106": "無",
        "200107": "無",
        "200108": "無",
        "200109": "無",
        "200110": "無",
        "200111": "無",
        "200112": "無",
        "200201": "58.59",
        "200202": "58.50",
        "200203": "53.52",
        "200204": "56.86",
        "200205": "44.80",
        "200206": "39.91",
        "200207": "32.45",
        "200208": "26.28",
        "200209": "23.32",
        "200210": "19.00",
        "200211": "15.67",
        "200212": "14.36",
        "200301": "13.03",
        "200302": "13.36",
        "200303": "12.04",
        "200304": "11.98",
        "200305": "11.20",
        "200306": "12.48",
        "200307": "12.21",
        "200308": "11.01",
        "200309": "9.06",
        "200310": "8.79",
        "200311": "9.24",
        "200312": "9.60",
        "200401": "9.15",
        "200402": "11.26",
        "200403": "12.64",
        "200404": "14.32",
        "200405": "11.73",
        "200406": "9.30",
        "200407": "6.05",
        "200408": "4.81",
        "200409": "3.42",
        "200410": "3.37",
        "200411": "2.95",
        "200412": "2.74",
        "200501": "2.77",
        "200502": "3.14",
        "200503": "4.08",
        "200504": "3.94",
        "200505": "3.99",
        "200506": "4.19",
        "200507": "4.76",
        "200508": "4.51",
        "200509": "4.56",
        "200510": "5.14",
        "200511": "5.50",
        "200512": "12.30",
        "200601": "11.89",
        "200602": "11.70",
        "200603": "11.16",
        "200604": "13.50",
        "200605": "15.80",
        "200606": "15.76",
        "200607": "15.91",
        "200608": "14.62",
        "200609": "15.72",
        "200610": "17.59",
        "200611": "17.59",
        "200612": "20.81",
        "200701": "25.67",
        "200702": "26.45",
        "200703": "25.73",
        "200704": "26.16",
        "200705": "23.92",
        "200706": "26.49",
        "200707": "28.36",
        "200708": "27.23",
        "200709": "26.51",
        "200710": "25.94",
        "200711": "22.08",
        "200712": "19.52",
        "200801": "17.56",
        "200802": "16.96",
        "200803": "19.23",
        "200804": "24.45",
        "200805": "28.25",
        "200806": "24.66",
        "200807": "23.38",
        "200808": "21.22",
        "200809": "18.83",
        "200810": "17.04",
        "200811": "14.86",
        "200812": "12.76",
        "200901": "12.86",
        "200902": "12.73",
        "200903": "14.16",
        "200904": "16.12",
        "200905": "16.48",
        "200906": "14.98",
        "200907": "16.22",
        "200908": "16.24",
        "200909": "18.32",
        "200910": "21.91",
        "200911": "21.41",
        "200912": "22.57",
        "201001": "23.63",
        "201002": "20.45",
        "201003": "24.90",
        "201004": "29.77",
        "201005": "27.67",
        "201006": "34.86",
        "201007": "41.37",
        "201008": "40.57",
        "201009": "41.17",
        "201010": "44.55",
        "201011": "42.61",
        "201012": "48.54",
        "201101": "57.38",
        "201102": "61.96",
        "201103": "63.28",
        "201104": "57.85",
        "201105": "44.79",
        "201106": "42.03",
        "201107": "32.18",
        "201108": "35.41",
        "201109": "36.27",
        "201110": "35.46",
        "201111": "34.91",
        "201112": "34.34",
        "201201": "33.80",
        "201202": "39.18",
        "201203": "43.92",
        "201204": "38.17",
        "201205": "40.33",
        "201206": "38.85",
        "201207": "38.20",
        "201208": "37.39",
        "201209": "36.26",
        "201210": "32.98",
        "201211": "27.17",
        "201212": "27.42",
        "201301": "29.01",
        "201302": "28.41",
        "201303": "28.51",
        "201304": "28.19",
        "201305": "27.56",
        "201306": "35.93",
        "201307": "37.67",
        "201308": "32.97",
        "201309": "32.12",
        "201310": "36.63",
        "201311": "34.42",
        "201312": "33.95",
        "201401": "35.52",
        "201402": "32.69",
        "201403": "33.70",
        "201404": "32.37",
        "201405": "29.89",
        "201406": "30.85",
        "201407": "30.14",
        "201408": "27.87",
        "201409": "28.17",
        "201410": "27.72",
        "201411": "28.19",
        "201412": "28.16",
        "201501": "28.57",
        "201502": "29.24",
        "201503": "29.01",
        "201504": "28.18",
        "201505": "24.67",
        "201506": "23.06",
        "201507": "25.26",
        "201508": "23.55",
        "201509": "23.39",
        "201510": "25.61",
        "201511": "26.43",
        "201512": "27.71",
        "201601": "25.65",
        "201602": "29.96",
        "201603": "32.41",
        "201604": "34.45",
        "201605": "31.92",
        "201606": "32.31",
        "201607": "34.59",
        "201608": "34.04",
        "201609": "32.66",
        "201610": "32.74",
        "201611": "30.61",
        "201612": "31.85",
        "201701": "33.38",
        "201702": "33.56",
        "201703": "33.56",
        "201704": "33.60",
        "201705": "32.66",
        "201706": "33.37",
        "201707": "33.37",
        "201708": "37.68",
        "201709": "38.16",
        "201710": "39.16",
        "201711": "44.81",
        "201712": "42.92",
        "201801": "47.68",
        "201802": "52.14",
        "201803": "51.30",
        "201804": "53.29",
        "201805": "54.77",
        "201806": "54.08",
        "201807": "48.79",
        "201808": "44.67",
        "201809": "40.90",
        "201810": "37.32",
        "201811": "37.42",
        "201812": "38.51",
        "201901": "38.79",
        "201902": "41.83",
        "201903": "45.46",
        "201904": "47.84",
        "201905": "46.14",
        "201906": "44.94",
        "201907": "42.71",
        "201908": "39.87",
        "201909": "38.91",
        "201910": "40.10",
        "201911": "42.30",
        "201912": "41.02",
        "202001": "40.66",
        "202002": "42.17",
        "202003": "37.87",
        "202004": "38.91",
        "202005": "41.31",
        "202006": "41.12",
        "202007": "40.47",
        "202008": "41.21",
        "202009": "39.82",
        "202010": "37.66",
        "202011": "38.13",
        "202012": "39.91",
        "202101": "41.24",
        "202102": "44.20",
        "202103": "51.56",
        "202104": "53.43",
        "202105": "50.10",
        "202106": "49.60",
        "202107": "49.14",
        "202108": "48.65",
        "202109": "49.40",
        "202110": "49.71",
        "202111": "50.03",
        "202112": "49.85",
        "202201": "50.72",
        "202202": "52.51",
        "202203": "53.59",
        "202204": "54.40",
        "202205": "54.00",
        "202206": "52.91",
        "202207": "51.94",
        "202208": "54.33",
        "202209": "56.90",
        "202210": "54.26",
        "202211": "53.34",
        "202212": "54.94",
        "202301": "54.33",
        "202302": "61.60",
        "202303": "68.53",
        "202304": "70.88",
        "202305": "70.45"
    },
    "quarters": {
        "20011": {
            "year_quarter": 20011,
            "year": 2001,
            "quarter": 1,
            "eps": 0.74,
            "eps_growth_year": null,
            "eps_4q": null,
            "eps_4q_growth_year": null,
            "roe": 3.71,
            "roe_4q": 3.71,
            "gross_profit": 39089,
            "gross_margin": 16.08,
            "gross_margin_4q_avg": 16.08,
            "net_income": 17817,
            "revenue": 243146,
            "common_shares": 240000,
            "book_valuer_per_share": 20.37,
            "book_valuer_per_share_4q_avg": 20.37,
            "equity": 488820,
            "current_ratio": 180.9,
            "debt_ratio": 34.76,
            "inventory_turnover_ratio": 1.6,
            "account_receivable_turnover_ratio": null,
            "reinvestment_rate": null,
            "research_to_sale_ratio": null,
            "price_fair": 0,
            "eps_avg_yearly": 0,
            "eps_latest_yearly": 0,
            "eps_growth_yearly": 0
        },
        "20012": {
            "year_quarter": 20012,
            "year": 2001,
            "quarter": 2,
            "eps": 1.31,
            "eps_growth_year": null,
            "eps_4q": null,
            "eps_4q_growth_year": null,
            "roe": 7.99,
            "roe_4q": 11.7,
            "gross_profit": 40634,
            "gross_margin": 15.3,
            "gross_margin_4q_avg": 15.69,
            "net_income": 40736,
            "revenue": 265579,
            "common_shares": 240000,
            "book_valuer_per_share": 22.13,
            "book_valuer_per_share_4q_avg": 21.25,
            "equity": 531236,
            "current_ratio": 182.78,
            "debt_ratio": 33.86,
            "inventory_turnover_ratio": 3.58,
            "account_receivable_turnover_ratio": null,
            "reinvestment_rate": null,
            "research_to_sale_ratio": null,
            "price_fair": 0,
            "eps_avg_yearly": 0,
            "eps_latest_yearly": 0,
            "eps_growth_yearly": 0
        },
        "20013": {
            "year_quarter": 20013,
            "year": 2001,
            "quarter": 3,
            "eps": 0.6,
            "eps_growth_year": null,
            "eps_4q": null,
            "eps_4q_growth_year": null,
            "roe": 3.46,
            "roe_4q": 15.16,
            "gross_profit": 33137,
            "gross_margin": 20.44,
            "gross_margin_4q_avg": 17.27,
            "net_income": 18818,
            "revenue": 162085,
            "common_shares": 311430,
            "book_valuer_per_share": 17.85,
            "book_valuer_per_share_4q_avg": 20.12,
            "equity": 556030,
            "current_ratio": 237.64,
            "debt_ratio": 25.78,
            "inventory_turnover_ratio": 1.81,
            "account_receivable_turnover_ratio": null,
            "reinvestment_rate": null,
            "research_to_sale_ratio": null,
            "price_fair": 0,
            "eps_avg_yearly": 0,
            "eps_latest_yearly": 0,
            "eps_growth_yearly": 0
        },
        "20014": {
            "year_quarter": 20014,
            "year": 2001,
            "quarter": 4,
            "eps": 0.23,
            "eps_growth_year": null,
            "eps_4q": 2.75,
            "eps_4q_growth_year": null,
            "roe": 1.24,
            "roe_4q": 16.400000000000002,
            "gross_profit": 28747,
            "gross_margin": 17.45,
            "gross_margin_4q_avg": 17.32,
            "net_income": 7064,
            "revenue": 164695,
            "common_shares": 311430,
            "book_valuer_per_share": 18.62,
            "book_valuer_per_share_4q_avg": 19.74,
            "equity": 579858,
            "current_ratio": 283.88,
            "debt_ratio": 31.43,
            "inventory_turnover_ratio": 0.81,
            "account_receivable_turnover_ratio": null,
            "reinvestment_rate": null,
            "research_to_sale_ratio": null,
            "price_fair": 0,
            "eps_avg_yearly": 0,
            "eps_latest_yearly": 0,
            "eps_growth_yearly": 0
        },
        "20021": {
            "year_quarter": 20021,
            "year": 2002,
            "quarter": 1,
            "eps": 0.02,
            "eps_growth_year": -97.3,
            "eps_4q": 1.76,
            "eps_4q_growth_year": null,
            "roe": 0.13,
            "roe_4q": 12.82,
            "gross_profit": 32366,
            "gross_margin": 15.91,
            "gross_margin_4q_avg": 17.28,
            "net_income": 765,
            "revenue": 203427,
            "common_shares": 311430,
            "book_valuer_per_share": 18.64,
            "book_valuer_per_share_4q_avg": 19.31,
            "equity": 580623,
            "current_ratio": 188.41,
            "debt_ratio": 34.11,
            "inventory_turnover_ratio": 0.95,
            "account_receivable_turnover_ratio": null,
            "reinvestment_rate": null,
            "research_to_sale_ratio": null,
            "price_fair": 0.24,
            "eps_avg_yearly": 0.08,
            "eps_latest_yearly": 0.08,
            "eps_growth_yearly": -365.22
        },
        "20022": {
            "year_quarter": 20022,
            "year": 2002,
            "quarter": 2,
            "eps": 0.72,
            "eps_growth_year": -45.04,
            "eps_4q": 1.42,
            "eps_4q_growth_year": null,
            "roe": 4.8,
            "roe_4q": 9.629999999999999,
            "gross_profit": 51594,
            "gross_margin": 13.46,
            "gross_margin_4q_avg": 16.82,
            "net_income": 27517,
            "revenue": 383425,
            "common_shares": 311430,
            "book_valuer_per_share": 18.19,
            "book_valuer_per_share_4q_avg": 18.33,
            "equity": 566350,
            "current_ratio": 150.21,
            "debt_ratio": 44.91,
            "inventory_turnover_ratio": 3.97,
            "account_receivable_turnover_ratio": null,
            "reinvestment_rate": null,
            "research_to_sale_ratio": null,
            "price_fair": 51.8,
            "eps_avg_yearly": 1.48,
            "eps_latest_yearly": 2.88,
            "eps_growth_yearly": 6817.39
        },
        "20023": {
            "year_quarter": 20023,
            "year": 2002,
            "quarter": 3,
            "eps": -1.66,
            "eps_growth_year": -376.67,
            "eps_4q": -0.73,
            "eps_4q_growth_year": null,
            "roe": -11.76,
            "roe_4q": -5.59,
            "gross_profit": 31626,
            "gross_margin": 12.76,
            "gross_margin_4q_avg": 14.9,
            "net_income": -63422,
            "revenue": 247794,
            "common_shares": 382836,
            "book_valuer_per_share": 13.37,
            "book_valuer_per_share_4q_avg": 17.21,
            "equity": 512009,
            "current_ratio": 156.48,
            "debt_ratio": 45.12,
            "inventory_turnover_ratio": 3.02,
            "account_receivable_turnover_ratio": null,
            "reinvestment_rate": null,
            "research_to_sale_ratio": null,
            "price_fair": 51.8,
            "eps_avg_yearly": 1.48,
            "eps_latest_yearly": 2.88,
            "eps_growth_yearly": 6817.39
        },
        "20024": {
            "year_quarter": 20024,
            "year": 2002,
            "quarter": 4,
            "eps": -0.6,
            "eps_growth_year": -360.87,
            "eps_4q": -1.52,
            "eps_4q_growth_year": -155.29,
            "roe": -4.63,
            "roe_4q": -11.459999999999999,
            "gross_profit": 27966,
            "gross_margin": 15.45,
            "gross_margin_4q_avg": 14.4,
            "net_income": -23073,
            "revenue": 180953,
            "common_shares": 382836,
            "book_valuer_per_share": 12.64,
            "book_valuer_per_share_4q_avg": 15.71,
            "equity": 483990,
            "current_ratio": 498.99,
            "debt_ratio": 48.39,
            "inventory_turnover_ratio": 0.79,
            "account_receivable_turnover_ratio": null,
            "reinvestment_rate": null,
            "research_to_sale_ratio": null,
            "price_fair": 51.8,
            "eps_avg_yearly": 1.48,
            "eps_latest_yearly": 2.88,
            "eps_growth_yearly": 6817.39
        },
        "20031": {
            "year_quarter": 20031,
            "year": 2003,
            "quarter": 1,
            "eps": -0.52,
            "eps_growth_year": -2700,
            "eps_4q": -2.07,
            "eps_4q_growth_year": -217.48,
            "roe": -4.2,
            "roe_4q": -15.79,
            "gross_profit": 31977,
            "gross_margin": 16.73,
            "gross_margin_4q_avg": 14.6,
            "net_income": -19792,
            "revenue": 191170,
            "common_shares": 382836,
            "book_valuer_per_share": 11.96,
            "book_valuer_per_share_4q_avg": 14.04,
            "equity": 457919,
            "current_ratio": 284.09,
            "debt_ratio": 52.43,
            "inventory_turnover_ratio": 0.79,
            "account_receivable_turnover_ratio": null,
            "reinvestment_rate": null,
            "research_to_sale_ratio": null,
            "price_fair": 51.8,
            "eps_avg_yearly": 1.48,
            "eps_latest_yearly": 2.88,
            "eps_growth_yearly": 6817.39
        },
        "20032": {
            "year_quarter": 20032,
            "year": 2003,
            "quarter": 2,
            "eps": -0.9,
            "eps_growth_year": -225,
            "eps_4q": -3.66,
            "eps_4q_growth_year": -358.55,
            "roe": -7.82,
            "roe_4q": -28.409999999999997,
            "gross_profit": 24104,
            "gross_margin": 16.09,
            "gross_margin_4q_avg": 15.26,
            "net_income": -33992,
            "revenue": 149819,
            "common_shares": 382836,
            "book_valuer_per_share": 10.75,
            "book_valuer_per_share_4q_avg": 12.18,
            "equity": 411536,
            "current_ratio": 359.36,
            "debt_ratio": 51.72,
            "inventory_turnover_ratio": 1.54,
            "account_receivable_turnover_ratio": null,
            "reinvestment_rate": null,
            "research_to_sale_ratio": null,
            "price_fair": 51.8,
            "eps_avg_yearly": 1.48,
            "eps_latest_yearly": 2.88,
            "eps_growth_yearly": 6817.39
        },
        "20033": {
            "year_quarter": 20033,
            "year": 2003,
            "quarter": 3,
            "eps": -0.18,
            "eps_growth_year": null,
            "eps_4q": -2.18,
            "eps_4q_growth_year": null,
            "roe": -1.67,
            "roe_4q": -18.32,
            "gross_profit": 38199,
            "gross_margin": 19.45,
            "gross_margin_4q_avg": 16.93,
            "net_income": -6762,
            "revenue": 196375,
            "common_shares": 382836,
            "book_valuer_per_share": 10.37,
            "book_valuer_per_share_4q_avg": 11.43,
            "equity": 396969,
            "current_ratio": 325.46,
            "debt_ratio": 53.99,
            "inventory_turnover_ratio": 1.9,
            "account_receivable_turnover_ratio": null,
            "reinvestment_rate": null,
            "research_to_sale_ratio": null,
            "price_fair": 51.8,
            "eps_avg_yearly": 1.48,
            "eps_latest_yearly": 2.88,
            "eps_growth_yearly": 6817.39
        },
        "20034": {
            "year_quarter": 20034,
            "year": 2003,
            "quarter": 4,
            "eps": -2.44,
            "eps_growth_year": null,
            "eps_4q": -4.06,
            "eps_4q_growth_year": null,
            "roe": -25.68,
            "roe_4q": -39.370000000000005,
            "gross_profit": 38417,
            "gross_margin": 14.16,
            "gross_margin_4q_avg": 16.61,
            "net_income": -90809,
            "revenue": 271268,
            "common_shares": 382836,
            "book_valuer_per_share": 8.1,
            "book_valuer_per_share_4q_avg": 10.3,
            "equity": 310183,
            "current_ratio": 241.31,
            "debt_ratio": 66.84,
            "inventory_turnover_ratio": 1.44,
            "account_receivable_turnover_ratio": null,
            "reinvestment_rate": null,
            "research_to_sale_ratio": null,
            "price_fair": 51.8,
            "eps_avg_yearly": 1.48,
            "eps_latest_yearly": 2.88,
            "eps_growth_yearly": 6817.39
        },
        "20041": {
            "year_quarter": 20041,
            "year": 2004,
            "quarter": 1,
            "eps": -0.16,
            "eps_growth_year": null,
            "eps_4q": -3.82,
            "eps_4q_growth_year": null,
            "roe": -1.89,
            "roe_4q": -37.06,
            "gross_profit": 35272,
            "gross_margin": 15.24,
            "gross_margin_4q_avg": 16.24,
            "net_income": -5755,
            "revenue": 231409,
            "common_shares": 382836,
            "book_valuer_per_share": 7.84,
            "book_valuer_per_share_4q_avg": 9.27,
            "equity": 300328,
            "current_ratio": 215.32,
            "debt_ratio": 66.24,
            "inventory_turnover_ratio": 1.21,
            "account_receivable_turnover_ratio": null,
            "reinvestment_rate": null,
            "research_to_sale_ratio": null,
            "price_fair": 51.8,
            "eps_avg_yearly": 1.48,
            "eps_latest_yearly": 2.88,
            "eps_growth_yearly": 6817.39
        },
        "20042": {
            "year_quarter": 20042,
            "year": 2004,
            "quarter": 2,
            "eps": -0.15,
            "eps_growth_year": null,
            "eps_4q": -2.84,
            "eps_4q_growth_year": null,
            "roe": -1.79,
            "roe_4q": -31.03,
            "gross_profit": 38726,
            "gross_margin": 18.01,
            "gross_margin_4q_avg": 16.72,
            "net_income": -5368,
            "revenue": 215048,
            "common_shares": 382836,
            "book_valuer_per_share": 7.86,
            "book_valuer_per_share_4q_avg": 8.54,
            "equity": 301038,
            "current_ratio": 154.74,
            "debt_ratio": 67.17,
            "inventory_turnover_ratio": 1.62,
            "account_receivable_turnover_ratio": null,
            "reinvestment_rate": null,
            "research_to_sale_ratio": null,
            "price_fair": 51.8,
            "eps_avg_yearly": 1.48,
            "eps_latest_yearly": 2.88,
            "eps_growth_yearly": 6817.39
        },
        "20043": {
            "year_quarter": 20043,
            "year": 2004,
            "quarter": 3,
            "eps": -2.04,
            "eps_growth_year": null,
            "eps_4q": -2.83,
            "eps_4q_growth_year": null,
            "roe": -22.7,
            "roe_4q": -52.06,
            "gross_profit": 26875,
            "gross_margin": 14.12,
            "gross_margin_4q_avg": 15.38,
            "net_income": -77779,
            "revenue": 190308,
            "common_shares": 635343,
            "book_valuer_per_share": 6.05,
            "book_valuer_per_share_4q_avg": 7.46,
            "equity": 384089,
            "current_ratio": 142.07,
            "debt_ratio": 53.48,
            "inventory_turnover_ratio": 1.47,
            "account_receivable_turnover_ratio": null,
            "reinvestment_rate": null,
            "research_to_sale_ratio": null,
            "price_fair": 51.8,
            "eps_avg_yearly": 1.48,
            "eps_latest_yearly": 2.88,
            "eps_growth_yearly": 6817.39
        },
        "20044": {
            "year_quarter": 20044,
            "year": 2004,
            "quarter": 4,
            "eps": -1.47,
            "eps_growth_year": null,
            "eps_4q": -3.49,
            "eps_4q_growth_year": null,
            "roe": -18.6,
            "roe_4q": -44.98,
            "gross_profit": 28107,
            "gross_margin": 15.77,
            "gross_margin_4q_avg": 15.79,
            "net_income": -64836,
            "revenue": 178238,
            "common_shares": 635343,
            "book_valuer_per_share": 4.93,
            "book_valuer_per_share_4q_avg": 6.67,
            "equity": 312925,
            "current_ratio": 159.88,
            "debt_ratio": 57.19,
            "inventory_turnover_ratio": 1.31,
            "account_receivable_turnover_ratio": null,
            "reinvestment_rate": null,
            "research_to_sale_ratio": null,
            "price_fair": 51.8,
            "eps_avg_yearly": 1.48,
            "eps_latest_yearly": 2.88,
            "eps_growth_yearly": 6817.39
        },
        "20051": {
            "year_quarter": 20051,
            "year": 2005,
            "quarter": 1,
            "eps": 0.02,
            "eps_growth_year": null,
            "eps_4q": -2.24,
            "eps_4q_growth_year": null,
            "roe": 0.42,
            "roe_4q": -42.669999999999995,
            "gross_profit": 28991,
            "gross_margin": 17.31,
            "gross_margin_4q_avg": 16.3,
            "net_income": 1309,
            "revenue": 167528,
            "common_shares": 635343,
            "book_valuer_per_share": 4.91,
            "book_valuer_per_share_4q_avg": 5.94,
            "equity": 312202,
            "current_ratio": 161.9,
            "debt_ratio": 47.52,
            "inventory_turnover_ratio": 1.39,
            "account_receivable_turnover_ratio": null,
            "reinvestment_rate": null,
            "research_to_sale_ratio": null,
            "price_fair": 51.8,
            "eps_avg_yearly": 1.48,
            "eps_latest_yearly": 2.88,
            "eps_growth_yearly": 6817.39
        },
        "20052": {
            "year_quarter": 20052,
            "year": 2005,
            "quarter": 2,
            "eps": 0.11,
            "eps_growth_year": null,
            "eps_4q": -2.08,
            "eps_4q_growth_year": null,
            "roe": 2.25,
            "roe_4q": -38.63,
            "gross_profit": 34779,
            "gross_margin": 17.6,
            "gross_margin_4q_avg": 16.2,
            "net_income": 7090,
            "revenue": 197564,
            "common_shares": 620313,
            "book_valuer_per_share": 5.15,
            "book_valuer_per_share_4q_avg": 5.26,
            "equity": 319292,
            "current_ratio": 153.42,
            "debt_ratio": 50.09,
            "inventory_turnover_ratio": 2.37,
            "account_receivable_turnover_ratio": null,
            "reinvestment_rate": null,
            "research_to_sale_ratio": null,
            "price_fair": 39.67,
            "eps_avg_yearly": 1.13,
            "eps_latest_yearly": 0.44,
            "eps_growth_yearly": 5144.93
        },
        "20053": {
            "year_quarter": 20053,
            "year": 2005,
            "quarter": 3,
            "eps": 0.18,
            "eps_growth_year": null,
            "eps_4q": -0.77,
            "eps_4q_growth_year": null,
            "roe": 3.27,
            "roe_4q": -12.660000000000002,
            "gross_profit": 34436,
            "gross_margin": 17.79,
            "gross_margin_4q_avg": 17.12,
            "net_income": 10695,
            "revenue": 193612,
            "common_shares": 303855,
            "book_valuer_per_share": 11.03,
            "book_valuer_per_share_4q_avg": 6.51,
            "equity": 335017,
            "current_ratio": 146.1,
            "debt_ratio": 51.26,
            "inventory_turnover_ratio": 2.08,
            "account_receivable_turnover_ratio": null,
            "reinvestment_rate": null,
            "research_to_sale_ratio": null,
            "price_fair": 36.05,
            "eps_avg_yearly": 1.03,
            "eps_latest_yearly": 0.72,
            "eps_growth_yearly": 3922.33
        },
        "20054": {
            "year_quarter": 20054,
            "year": 2005,
            "quarter": 4,
            "eps": 0.21,
            "eps_growth_year": null,
            "eps_4q": 0.57,
            "eps_4q_growth_year": null,
            "roe": 3.26,
            "roe_4q": 9.2,
            "gross_profit": 37061,
            "gross_margin": 17.15,
            "gross_margin_4q_avg": 17.46,
            "net_income": 11108,
            "revenue": 216116,
            "common_shares": 303854,
            "book_valuer_per_share": 11.39,
            "book_valuer_per_share_4q_avg": 8.12,
            "equity": 346125,
            "current_ratio": 170.73,
            "debt_ratio": 55.35,
            "inventory_turnover_ratio": 1.56,
            "account_receivable_turnover_ratio": null,
            "reinvestment_rate": null,
            "research_to_sale_ratio": null,
            "price_fair": 34.72,
            "eps_avg_yearly": 0.99,
            "eps_latest_yearly": 0.84,
            "eps_growth_yearly": 3151.2
        },
        "20061": {
            "year_quarter": 20061,
            "year": 2006,
            "quarter": 1,
            "eps": 0.43,
            "eps_growth_year": 2050,
            "eps_4q": 1.38,
            "eps_4q_growth_year": null,
            "roe": 3.71,
            "roe_4q": 12.49,
            "gross_profit": 29533,
            "gross_margin": 17.59,
            "gross_margin_4q_avg": 17.53,
            "net_income": 13072,
            "revenue": 167880,
            "common_shares": 303854,
            "book_valuer_per_share": 11.82,
            "book_valuer_per_share_4q_avg": 9.85,
            "equity": 359197,
            "current_ratio": 168.24,
            "debt_ratio": 44.43,
            "inventory_turnover_ratio": 1.24,
            "account_receivable_turnover_ratio": null,
            "reinvestment_rate": null,
            "research_to_sale_ratio": null,
            "price_fair": 46.2,
            "eps_avg_yearly": 1.32,
            "eps_latest_yearly": 1.72,
            "eps_growth_yearly": 3308.05
        },
        "20062": {
            "year_quarter": 20062,
            "year": 2006,
            "quarter": 2,
            "eps": 0.45,
            "eps_growth_year": 309.09,
            "eps_4q": 1.53,
            "eps_4q_growth_year": null,
            "roe": 3.73,
            "roe_4q": 13.969999999999999,
            "gross_profit": 34054,
            "gross_margin": 18.1,
            "gross_margin_4q_avg": 17.66,
            "net_income": 14562,
            "revenue": 188124,
            "common_shares": 349654,
            "book_valuer_per_share": 12.07,
            "book_valuer_per_share_4q_avg": 11.58,
            "equity": 422017,
            "current_ratio": 199.43,
            "debt_ratio": 38.48,
            "inventory_turnover_ratio": 2.15,
            "account_receivable_turnover_ratio": null,
            "reinvestment_rate": null,
            "research_to_sale_ratio": null,
            "price_fair": 38.64,
            "eps_avg_yearly": 1.1,
            "eps_latest_yearly": 1.8,
            "eps_growth_yearly": 511.77
        },
        "20063": {
            "year_quarter": 20063,
            "year": 2006,
            "quarter": 3,
            "eps": 0.49,
            "eps_growth_year": 172.22,
            "eps_4q": 1.59,
            "eps_4q_growth_year": null,
            "roe": 3.99,
            "roe_4q": 14.69,
            "gross_profit": 38216,
            "gross_margin": 15.33,
            "gross_margin_4q_avg": 17.04,
            "net_income": 17260,
            "revenue": 249283,
            "common_shares": 370512,
            "book_valuer_per_share": 11.95,
            "book_valuer_per_share_4q_avg": 11.81,
            "equity": 442890,
            "current_ratio": 138.07,
            "debt_ratio": 46.52,
            "inventory_turnover_ratio": 2.73,
            "account_receivable_turnover_ratio": null,
            "reinvestment_rate": null,
            "research_to_sale_ratio": null,
            "price_fair": 43.63,
            "eps_avg_yearly": 1.25,
            "eps_latest_yearly": 1.96,
            "eps_growth_yearly": 432.4
        },
        "20064": {
            "year_quarter": 20064,
            "year": 2006,
            "quarter": 4,
            "eps": 0.57,
            "eps_growth_year": 171.43,
            "eps_4q": 1.89,
            "eps_4q_growth_year": 231.17,
            "roe": 4.26,
            "roe_4q": 15.690000000000001,
            "gross_profit": 50574,
            "gross_margin": 17.03,
            "gross_margin_4q_avg": 17.01,
            "net_income": 19373,
            "revenue": 297022,
            "common_shares": 374034,
            "book_valuer_per_share": 12.42,
            "book_valuer_per_share_4q_avg": 12.07,
            "equity": 466560,
            "current_ratio": 156.02,
            "debt_ratio": 54.18,
            "inventory_turnover_ratio": 1.87,
            "account_receivable_turnover_ratio": null,
            "reinvestment_rate": null,
            "research_to_sale_ratio": null,
            "price_fair": 48.8,
            "eps_avg_yearly": 1.39,
            "eps_latest_yearly": 2.28,
            "eps_growth_yearly": 379.96
        },
        "20071": {
            "year_quarter": 20071,
            "year": 2007,
            "quarter": 1,
            "eps": 0.39,
            "eps_growth_year": -9.3,
            "eps_4q": 1.76,
            "eps_4q_growth_year": 27.2,
            "roe": 3.08,
            "roe_4q": 15.06,
            "gross_profit": 45446,
            "gross_margin": 18.16,
            "gross_margin_4q_avg": 17.16,
            "net_income": 14618,
            "revenue": 250289,
            "common_shares": 374034,
            "book_valuer_per_share": 12.92,
            "book_valuer_per_share_4q_avg": 12.34,
            "equity": 483126,
            "current_ratio": 132.69,
            "debt_ratio": 44.41,
            "inventory_turnover_ratio": 1.49,
            "account_receivable_turnover_ratio": null,
            "reinvestment_rate": null,
            "research_to_sale_ratio": null,
            "price_fair": 49.53,
            "eps_avg_yearly": 1.42,
            "eps_latest_yearly": 1.56,
            "eps_growth_yearly": 316.68
        },
        "20072": {
            "year_quarter": 20072,
            "year": 2007,
            "quarter": 2,
            "eps": 0.65,
            "eps_growth_year": 44.44,
            "eps_4q": 2.02,
            "eps_4q_growth_year": 31.93,
            "roe": 5.15,
            "roe_4q": 16.48,
            "gross_profit": 37705,
            "gross_margin": 16.06,
            "gross_margin_4q_avg": 16.65,
            "net_income": 24396,
            "revenue": 234827,
            "common_shares": 374901,
            "book_valuer_per_share": 12.39,
            "book_valuer_per_share_4q_avg": 12.42,
            "equity": 464688,
            "current_ratio": 131.98,
            "debt_ratio": 45.94,
            "inventory_turnover_ratio": 2.13,
            "account_receivable_turnover_ratio": null,
            "reinvestment_rate": null,
            "research_to_sale_ratio": null,
            "price_fair": 54.13,
            "eps_avg_yearly": 1.55,
            "eps_latest_yearly": 2.6,
            "eps_growth_yearly": 311.12
        },
        "20073": {
            "year_quarter": 20073,
            "year": 2007,
            "quarter": 3,
            "eps": 0.56,
            "eps_growth_year": 14.29,
            "eps_4q": 2.07,
            "eps_4q_growth_year": 29.89,
            "roe": 4.55,
            "roe_4q": 17.04,
            "gross_profit": 41689,
            "gross_margin": 16.85,
            "gross_margin_4q_avg": 17.03,
            "net_income": 21725,
            "revenue": 247406,
            "common_shares": 388597,
            "book_valuer_per_share": 12.6,
            "book_valuer_per_share_4q_avg": 12.58,
            "equity": 489720,
            "current_ratio": 134.57,
            "debt_ratio": 45.04,
            "inventory_turnover_ratio": 2,
            "account_receivable_turnover_ratio": null,
            "reinvestment_rate": null,
            "research_to_sale_ratio": null,
            "price_fair": 56.56,
            "eps_avg_yearly": 1.62,
            "eps_latest_yearly": 2.24,
            "eps_growth_yearly": 274.47
        },
        "20074": {
            "year_quarter": 20074,
            "year": 2007,
            "quarter": 4,
            "eps": 0.66,
            "eps_growth_year": 15.79,
            "eps_4q": 2.23,
            "eps_4q_growth_year": 17.68,
            "roe": 5.08,
            "roe_4q": 17.86,
            "gross_profit": 51743,
            "gross_margin": 18.1,
            "gross_margin_4q_avg": 17.29,
            "net_income": 25611,
            "revenue": 285908,
            "common_shares": 391221,
            "book_valuer_per_share": 13.24,
            "book_valuer_per_share_4q_avg": 12.79,
            "equity": 517966,
            "current_ratio": 175.28,
            "debt_ratio": 47.52,
            "inventory_turnover_ratio": 1.44,
            "account_receivable_turnover_ratio": null,
            "reinvestment_rate": -24.2,
            "research_to_sale_ratio": null,
            "price_fair": 59.82,
            "eps_avg_yearly": 1.71,
            "eps_latest_yearly": 2.64,
            "eps_growth_yearly": 256.01
        },
        "20081": {
            "year_quarter": 20081,
            "year": 2008,
            "quarter": 1,
            "eps": 0.97,
            "eps_growth_year": 148.72,
            "eps_4q": 2.83,
            "eps_4q_growth_year": 61.3,
            "roe": 7.12,
            "roe_4q": 21.9,
            "gross_profit": 85076,
            "gross_margin": 17.67,
            "gross_margin_4q_avg": 17.17,
            "net_income": 37612,
            "revenue": 481604,
            "common_shares": 391221,
            "book_valuer_per_share": 13.67,
            "book_valuer_per_share_4q_avg": 12.98,
            "equity": 538142,
            "current_ratio": 187.3,
            "debt_ratio": 45.7,
            "inventory_turnover_ratio": 1.9,
            "account_receivable_turnover_ratio": null,
            "reinvestment_rate": -1.35,
            "research_to_sale_ratio": null,
            "price_fair": 66.15,
            "eps_avg_yearly": 1.89,
            "eps_latest_yearly": 3.88,
            "eps_growth_yearly": 250.33
        },
        "20082": {
            "year_quarter": 20082,
            "year": 2008,
            "quarter": 2,
            "eps": 0.51,
            "eps_growth_year": -21.54,
            "eps_4q": 2.69,
            "eps_4q_growth_year": 33.48,
            "roe": 4,
            "roe_4q": 20.750000000000004,
            "gross_profit": 93202,
            "gross_margin": 19.06,
            "gross_margin_4q_avg": 17.92,
            "net_income": 20091,
            "revenue": 488944,
            "common_shares": 394063,
            "book_valuer_per_share": 11.79,
            "book_valuer_per_share_4q_avg": 12.83,
            "equity": 467270,
            "current_ratio": 157.38,
            "debt_ratio": 53.19,
            "inventory_turnover_ratio": 1.92,
            "account_receivable_turnover_ratio": null,
            "reinvestment_rate": 0.39,
            "research_to_sale_ratio": null,
            "price_fair": 66.55,
            "eps_avg_yearly": 1.9,
            "eps_latest_yearly": 2.04,
            "eps_growth_yearly": 216.49
        },
        "20083": {
            "year_quarter": 20083,
            "year": 2008,
            "quarter": 3,
            "eps": 0.73,
            "eps_growth_year": 30.36,
            "eps_4q": 2.88,
            "eps_4q_growth_year": 39.63,
            "roe": 5.87,
            "roe_4q": 22.07,
            "gross_profit": 106127,
            "gross_margin": 19.47,
            "gross_margin_4q_avg": 18.58,
            "net_income": 28661,
            "revenue": 545002,
            "common_shares": 412484,
            "book_valuer_per_share": 12.3,
            "book_valuer_per_share_4q_avg": 12.75,
            "equity": 509655,
            "current_ratio": 169.44,
            "debt_ratio": 49.82,
            "inventory_turnover_ratio": 2.16,
            "account_receivable_turnover_ratio": null,
            "reinvestment_rate": 0.78,
            "research_to_sale_ratio": null,
            "price_fair": 69.1,
            "eps_avg_yearly": 1.97,
            "eps_latest_yearly": 2.92,
            "eps_growth_yearly": 213.35
        },
        "20084": {
            "year_quarter": 20084,
            "year": 2008,
            "quarter": 4,
            "eps": 0.3,
            "eps_growth_year": -54.55,
            "eps_4q": 2.52,
            "eps_4q_growth_year": 13.31,
            "roe": 2.29,
            "roe_4q": 19.28,
            "gross_profit": 77342,
            "gross_margin": 16.19,
            "gross_margin_4q_avg": 18.1,
            "net_income": 11853,
            "revenue": 477748,
            "common_shares": 412588,
            "book_valuer_per_share": 12.67,
            "book_valuer_per_share_4q_avg": 12.61,
            "equity": 524782,
            "current_ratio": 164.27,
            "debt_ratio": 52.66,
            "inventory_turnover_ratio": 1.84,
            "account_receivable_turnover_ratio": 2.4,
            "reinvestment_rate": -0.8,
            "research_to_sale_ratio": null,
            "price_fair": 67.29,
            "eps_avg_yearly": 1.92,
            "eps_latest_yearly": 1.2,
            "eps_growth_yearly": 183.42
        },
        "20091": {
            "year_quarter": 20091,
            "year": 2009,
            "quarter": 1,
            "eps": 0.11,
            "eps_growth_year": -88.66,
            "eps_4q": 1.9,
            "eps_4q_growth_year": -32.83,
            "roe": 0.72,
            "roe_4q": 12.879999999999999,
            "gross_profit": 60364,
            "gross_margin": 17.36,
            "gross_margin_4q_avg": 18.02,
            "net_income": 3811,
            "revenue": 347740,
            "common_shares": 413212,
            "book_valuer_per_share": 12.94,
            "book_valuer_per_share_4q_avg": 12.43,
            "equity": 537930,
            "current_ratio": 180.75,
            "debt_ratio": 47.36,
            "inventory_turnover_ratio": 1.26,
            "account_receivable_turnover_ratio": 0.92,
            "reinvestment_rate": 0.63,
            "research_to_sale_ratio": null,
            "price_fair": 64.05,
            "eps_avg_yearly": 1.83,
            "eps_latest_yearly": 0.44,
            "eps_growth_yearly": 156.12
        },
        "20092": {
            "year_quarter": 20092,
            "year": 2009,
            "quarter": 2,
            "eps": 0.13,
            "eps_growth_year": -74.51,
            "eps_4q": 1.28,
            "eps_4q_growth_year": -52.55,
            "roe": 1,
            "roe_4q": 9.879999999999999,
            "gross_profit": 77471,
            "gross_margin": 17.69,
            "gross_margin_4q_avg": 17.68,
            "net_income": 5178,
            "revenue": 438035,
            "common_shares": 417383,
            "book_valuer_per_share": 11.73,
            "book_valuer_per_share_4q_avg": 12.41,
            "equity": 492592,
            "current_ratio": 161.98,
            "debt_ratio": 52.78,
            "inventory_turnover_ratio": 1.76,
            "account_receivable_turnover_ratio": 1.19,
            "reinvestment_rate": 1.62,
            "research_to_sale_ratio": null,
            "price_fair": 64.23,
            "eps_avg_yearly": 1.84,
            "eps_latest_yearly": 0.52,
            "eps_growth_yearly": 48.16
        },
        "20093": {
            "year_quarter": 20093,
            "year": 2009,
            "quarter": 3,
            "eps": 0.85,
            "eps_growth_year": 16.44,
            "eps_4q": 1.37,
            "eps_4q_growth_year": -52.55,
            "roe": 6.93,
            "roe_4q": 10.940000000000001,
            "gross_profit": 106001,
            "gross_margin": 17.62,
            "gross_margin_4q_avg": 17.22,
            "net_income": 35235,
            "revenue": 601534,
            "common_shares": 425473,
            "book_valuer_per_share": 12.19,
            "book_valuer_per_share_4q_avg": 12.38,
            "equity": 524142,
            "current_ratio": 160.9,
            "debt_ratio": 53.9,
            "inventory_turnover_ratio": 2.62,
            "account_receivable_turnover_ratio": 1.34,
            "reinvestment_rate": 1.15,
            "research_to_sale_ratio": null,
            "price_fair": 70.09,
            "eps_avg_yearly": 2,
            "eps_latest_yearly": 3.4,
            "eps_growth_yearly": 170.72
        },
        "20094": {
            "year_quarter": 20094,
            "year": 2009,
            "quarter": 4,
            "eps": 0.62,
            "eps_growth_year": 106.67,
            "eps_4q": 1.7,
            "eps_4q_growth_year": -32.58,
            "roe": 4.94,
            "roe_4q": 13.590000000000002,
            "gross_profit": 95976,
            "gross_margin": 17.43,
            "gross_margin_4q_avg": 17.53,
            "net_income": 26561,
            "revenue": 550726,
            "common_shares": 425473,
            "book_valuer_per_share": 13.17,
            "book_valuer_per_share_4q_avg": 12.51,
            "equity": 552225,
            "current_ratio": 164.62,
            "debt_ratio": 51.1,
            "inventory_turnover_ratio": 2.44,
            "account_receivable_turnover_ratio": 2.49,
            "reinvestment_rate": 122.59,
            "research_to_sale_ratio": null,
            "price_fair": 73.68,
            "eps_avg_yearly": 2.11,
            "eps_latest_yearly": 2.48,
            "eps_growth_yearly": 159.79
        },
        "20101": {
            "year_quarter": 20101,
            "year": 2010,
            "quarter": 1,
            "eps": 0.33,
            "eps_growth_year": 200,
            "eps_4q": 1.92,
            "eps_4q_growth_year": 0.99,
            "roe": 2.47,
            "roe_4q": 15.34,
            "gross_profit": 79343,
            "gross_margin": 18.27,
            "gross_margin_4q_avg": 17.75,
            "net_income": 13769,
            "revenue": 434372,
            "common_shares": 425473,
            "book_valuer_per_share": 13.47,
            "book_valuer_per_share_4q_avg": 12.64,
            "equity": 563300,
            "current_ratio": 185.25,
            "debt_ratio": 45.01,
            "inventory_turnover_ratio": 2.12,
            "account_receivable_turnover_ratio": 1.06,
            "reinvestment_rate": 6.33,
            "research_to_sale_ratio": 0.57,
            "price_fair": 72.8,
            "eps_avg_yearly": 2.08,
            "eps_latest_yearly": 1.32,
            "eps_growth_yearly": 121.9
        },
        "20102": {
            "year_quarter": 20102,
            "year": 2010,
            "quarter": 2,
            "eps": 0.99,
            "eps_growth_year": 660.8,
            "eps_4q": 2.78,
            "eps_4q_growth_year": 117.53,
            "roe": 7.24,
            "roe_4q": 21.580000000000002,
            "gross_profit": 157009,
            "gross_margin": 22,
            "gross_margin_4q_avg": 18.83,
            "net_income": 40864,
            "revenue": 713739,
            "common_shares": 425473,
            "book_valuer_per_share": 13.53,
            "book_valuer_per_share_4q_avg": 13.09,
            "equity": 565231,
            "current_ratio": 142.25,
            "debt_ratio": 62.87,
            "inventory_turnover_ratio": 3.03,
            "account_receivable_turnover_ratio": 1.45,
            "reinvestment_rate": 30.88,
            "research_to_sale_ratio": 0.36,
            "price_fair": 77.53,
            "eps_avg_yearly": 2.22,
            "eps_latest_yearly": 3.96,
            "eps_growth_yearly": 170.74
        },
        "20103": {
            "year_quarter": 20103,
            "year": 2010,
            "quarter": 3,
            "eps": 0.96,
            "eps_growth_year": 12.71,
            "eps_4q": 2.61,
            "eps_4q_growth_year": 90.83,
            "roe": 7.08,
            "roe_4q": 21.73,
            "gross_profit": 169329,
            "gross_margin": 22.44,
            "gross_margin_4q_avg": 20.04,
            "net_income": 46699,
            "revenue": 754673,
            "common_shares": 495473,
            "book_valuer_per_share": 15.45,
            "book_valuer_per_share_4q_avg": 13.91,
            "equity": 753423,
            "current_ratio": 181.93,
            "debt_ratio": 49.92,
            "inventory_turnover_ratio": 2.5,
            "account_receivable_turnover_ratio": 1.23,
            "reinvestment_rate": 33.33,
            "research_to_sale_ratio": 0.31,
            "price_fair": 81.64,
            "eps_avg_yearly": 2.33,
            "eps_latest_yearly": 3.84,
            "eps_growth_yearly": 167.76
        },
        "20104": {
            "year_quarter": 20104,
            "year": 2010,
            "quarter": 4,
            "eps": 1.15,
            "eps_growth_year": 85.57,
            "eps_4q": 3.23,
            "eps_4q_growth_year": 90.21,
            "roe": 7.27,
            "roe_4q": 24.06,
            "gross_profit": 177293,
            "gross_margin": 20.75,
            "gross_margin_4q_avg": 20.87,
            "net_income": 56409,
            "revenue": 854281,
            "common_shares": 495473,
            "book_valuer_per_share": 16.06,
            "book_valuer_per_share_4q_avg": 14.63,
            "equity": 798322,
            "current_ratio": 169.76,
            "debt_ratio": 50.5,
            "inventory_turnover_ratio": 2.69,
            "account_receivable_turnover_ratio": 1.23,
            "reinvestment_rate": 34.7,
            "research_to_sale_ratio": 0.42,
            "price_fair": 86.71,
            "eps_avg_yearly": 2.48,
            "eps_latest_yearly": 4.6,
            "eps_growth_yearly": 168.63
        },
        "20111": {
            "year_quarter": 20111,
            "year": 2011,
            "quarter": 1,
            "eps": 0.57,
            "eps_growth_year": 72.73,
            "eps_4q": 3.53,
            "eps_4q_growth_year": 83.69,
            "roe": 3.32,
            "roe_4q": 24.910000000000004,
            "gross_profit": 146146,
            "gross_margin": 21.36,
            "gross_margin_4q_avg": 21.64,
            "net_income": 28413,
            "revenue": 684338,
            "common_shares": 495473,
            "book_valuer_per_share": 18.1,
            "book_valuer_per_share_4q_avg": 15.79,
            "equity": 912386,
            "current_ratio": 232.23,
            "debt_ratio": 49.97,
            "inventory_turnover_ratio": 2.14,
            "account_receivable_turnover_ratio": 0.98,
            "reinvestment_rate": 37.38,
            "research_to_sale_ratio": 0.62,
            "price_fair": 88.29,
            "eps_avg_yearly": 2.52,
            "eps_latest_yearly": 2.28,
            "eps_growth_yearly": 163.91
        },
        "20112": {
            "year_quarter": 20112,
            "year": 2011,
            "quarter": 2,
            "eps": 0.01,
            "eps_growth_year": -99.16,
            "eps_4q": 2.69,
            "eps_4q_growth_year": -3.07,
            "roe": 0.09,
            "roe_4q": 17.759999999999998,
            "gross_profit": 169674,
            "gross_margin": 20.37,
            "gross_margin_4q_avg": 21.23,
            "net_income": 719,
            "revenue": 833039,
            "common_shares": 482603,
            "book_valuer_per_share": 15.16,
            "book_valuer_per_share_4q_avg": 16.19,
            "equity": 771732,
            "current_ratio": 180.33,
            "debt_ratio": 57.52,
            "inventory_turnover_ratio": 2.82,
            "account_receivable_turnover_ratio": 1.22,
            "reinvestment_rate": 40.07,
            "research_to_sale_ratio": -0.07,
            "price_fair": 82.69,
            "eps_avg_yearly": 2.36,
            "eps_latest_yearly": 0.04,
            "eps_growth_yearly": 122.68
        },
        "20113": {
            "year_quarter": 20113,
            "year": 2011,
            "quarter": 3,
            "eps": 1.24,
            "eps_growth_year": 29.34,
            "eps_4q": 3.06,
            "eps_4q_growth_year": 17.08,
            "roe": 7.75,
            "roe_4q": 18.43,
            "gross_profit": 192973,
            "gross_margin": 20.61,
            "gross_margin_4q_avg": 20.77,
            "net_income": 59992,
            "revenue": 936491,
            "common_shares": 482603,
            "book_valuer_per_share": 16.25,
            "book_valuer_per_share_4q_avg": 16.39,
            "equity": 776597,
            "current_ratio": 174.24,
            "debt_ratio": 58.93,
            "inventory_turnover_ratio": 3.34,
            "account_receivable_turnover_ratio": 1.2,
            "reinvestment_rate": 41.67,
            "research_to_sale_ratio": null,
            "price_fair": 88.64,
            "eps_avg_yearly": 2.53,
            "eps_latest_yearly": 4.96,
            "eps_growth_yearly": 3201.14
        },
        "20114": {
            "year_quarter": 20114,
            "year": 2011,
            "quarter": 4,
            "eps": 1.05,
            "eps_growth_year": -8.45,
            "eps_4q": 2.96,
            "eps_4q_growth_year": -8.44,
            "roe": 6.04,
            "roe_4q": 17.2,
            "gross_profit": 212758,
            "gross_margin": 21.35,
            "gross_margin_4q_avg": 20.92,
            "net_income": 46706,
            "revenue": 996527,
            "common_shares": 482603,
            "book_valuer_per_share": 16.47,
            "book_valuer_per_share_4q_avg": 16.5,
            "equity": 770755,
            "current_ratio": 154.99,
            "debt_ratio": 62.1,
            "inventory_turnover_ratio": 3.17,
            "account_receivable_turnover_ratio": 1.16,
            "reinvestment_rate": 49.37,
            "research_to_sale_ratio": null,
            "price_fair": 92.05,
            "eps_avg_yearly": 2.63,
            "eps_latest_yearly": 4.2,
            "eps_growth_yearly": 3192.85
        },
        "20121": {
            "year_quarter": 20121,
            "year": 2012,
            "quarter": 1,
            "eps": 0.64,
            "eps_growth_year": 12.28,
            "eps_4q": 2.98,
            "eps_4q_growth_year": -15.51,
            "roe": 3.68,
            "roe_4q": 17.56,
            "gross_profit": 165741,
            "gross_margin": 21.51,
            "gross_margin_4q_avg": 20.96,
            "net_income": 28575,
            "revenue": 770514,
            "common_shares": 482603,
            "book_valuer_per_share": 16.87,
            "book_valuer_per_share_4q_avg": 16.19,
            "equity": 781372,
            "current_ratio": 165.37,
            "debt_ratio": 59.52,
            "inventory_turnover_ratio": 2.17,
            "account_receivable_turnover_ratio": 0.96,
            "reinvestment_rate": 54.12,
            "research_to_sale_ratio": null,
            "price_fair": 89.16,
            "eps_avg_yearly": 2.55,
            "eps_latest_yearly": 2.56,
            "eps_growth_yearly": 3171.35
        },
        "20122": {
            "year_quarter": 20122,
            "year": 2012,
            "quarter": 2,
            "eps": 0.75,
            "eps_growth_year": 9025.16,
            "eps_4q": 3.73,
            "eps_4q_growth_year": 38.47,
            "roe": 4.47,
            "roe_4q": 21.94,
            "gross_profit": 190469,
            "gross_margin": 19.73,
            "gross_margin_4q_avg": 20.8,
            "net_income": 33078,
            "revenue": 965347,
            "common_shares": 482603,
            "book_valuer_per_share": 14.99,
            "book_valuer_per_share_4q_avg": 16.15,
            "equity": 699717,
            "current_ratio": 144.35,
            "debt_ratio": 65.8,
            "inventory_turnover_ratio": 2.62,
            "account_receivable_turnover_ratio": 1.28,
            "reinvestment_rate": 57.58,
            "research_to_sale_ratio": null,
            "price_fair": 91.26,
            "eps_avg_yearly": 2.61,
            "eps_latest_yearly": 3,
            "eps_growth_yearly": 3187.5
        },
        "20123": {
            "year_quarter": 20123,
            "year": 2012,
            "quarter": 3,
            "eps": 0.58,
            "eps_growth_year": -52.93,
            "eps_4q": 3.03,
            "eps_4q_growth_year": -0.77,
            "roe": 4.01,
            "roe_4q": 18.2,
            "gross_profit": 185423,
            "gross_margin": 18.74,
            "gross_margin_4q_avg": 20.33,
            "net_income": 28318,
            "revenue": 989588,
            "common_shares": 482603,
            "book_valuer_per_share": 15.4,
            "book_valuer_per_share_4q_avg": 15.93,
            "equity": 713410,
            "current_ratio": 149.52,
            "debt_ratio": 64.59,
            "inventory_turnover_ratio": 2.54,
            "account_receivable_turnover_ratio": 1.2,
            "reinvestment_rate": 60.48,
            "research_to_sale_ratio": null,
            "price_fair": 89.95,
            "eps_avg_yearly": 2.57,
            "eps_latest_yearly": 2.32,
            "eps_growth_yearly": 3171.05
        },
        "20124": {
            "year_quarter": 20124,
            "year": 2012,
            "quarter": 4,
            "eps": 0.53,
            "eps_growth_year": -49.58,
            "eps_4q": 2.51,
            "eps_4q_growth_year": -15.19,
            "roe": 3.13,
            "roe_4q": 15.29,
            "gross_profit": 171734,
            "gross_margin": 17.89,
            "gross_margin_4q_avg": 19.47,
            "net_income": 22668,
            "revenue": 959945,
            "common_shares": 482603,
            "book_valuer_per_share": 15.72,
            "book_valuer_per_share_4q_avg": 15.75,
            "equity": 733046,
            "current_ratio": 142.11,
            "debt_ratio": 63.6,
            "inventory_turnover_ratio": 2.3,
            "account_receivable_turnover_ratio": 1.12,
            "reinvestment_rate": 232.41,
            "research_to_sale_ratio": null,
            "price_fair": 91.96,
            "eps_avg_yearly": 2.63,
            "eps_latest_yearly": 2.12,
            "eps_growth_yearly": 3183.62
        },
        "20131": {
            "year_quarter": 20131,
            "year": 2013,
            "quarter": 1,
            "eps": 0.49,
            "eps_growth_year": -23.44,
            "eps_4q": 2.36,
            "eps_4q_growth_year": -20.76,
            "roe": 2.93,
            "roe_4q": 14.54,
            "gross_profit": 159433,
            "gross_margin": 19.42,
            "gross_margin_4q_avg": 18.95,
            "net_income": 21868,
            "revenue": 821006,
            "common_shares": 482603,
            "book_valuer_per_share": 16.34,
            "book_valuer_per_share_4q_avg": 15.61,
            "equity": 759691,
            "current_ratio": 149.73,
            "debt_ratio": 61.04,
            "inventory_turnover_ratio": 1.98,
            "account_receivable_turnover_ratio": 0.94,
            "reinvestment_rate": 56.96,
            "research_to_sale_ratio": null,
            "price_fair": 95.29,
            "eps_avg_yearly": 2.72,
            "eps_latest_yearly": 1.96,
            "eps_growth_yearly": 3197.56
        },
        "20132": {
            "year_quarter": 20132,
            "year": 2013,
            "quarter": 2,
            "eps": 0.38,
            "eps_growth_year": -49.63,
            "eps_4q": 1.99,
            "eps_4q_growth_year": -46.63,
            "roe": 2.45,
            "roe_4q": 12.520000000000001,
            "gross_profit": 145682,
            "gross_margin": 17.88,
            "gross_margin_4q_avg": 18.48,
            "net_income": 17653,
            "revenue": 814913,
            "common_shares": 482603,
            "book_valuer_per_share": 14.65,
            "book_valuer_per_share_4q_avg": 15.53,
            "equity": 683518,
            "current_ratio": 138.87,
            "debt_ratio": 64.33,
            "inventory_turnover_ratio": 2.33,
            "account_receivable_turnover_ratio": 0.99,
            "reinvestment_rate": 56.63,
            "research_to_sale_ratio": null,
            "price_fair": 97.48,
            "eps_avg_yearly": 2.79,
            "eps_latest_yearly": 1.52,
            "eps_growth_yearly": 3187.41
        },
        "20133": {
            "year_quarter": 20133,
            "year": 2013,
            "quarter": 3,
            "eps": 0.06,
            "eps_growth_year": -89.71,
            "eps_4q": 1.29,
            "eps_4q_growth_year": -57.45,
            "roe": 0.46,
            "roe_4q": 8.969999999999999,
            "gross_profit": 148399,
            "gross_margin": 17.56,
            "gross_margin_4q_avg": 18.19,
            "net_income": 3583,
            "revenue": 845022,
            "common_shares": 542603,
            "book_valuer_per_share": 16.6,
            "book_valuer_per_share_4q_avg": 15.83,
            "equity": 871167,
            "current_ratio": 149.55,
            "debt_ratio": 57.31,
            "inventory_turnover_ratio": 2.64,
            "account_receivable_turnover_ratio": 1.09,
            "reinvestment_rate": 61.27,
            "research_to_sale_ratio": null,
            "price_fair": 90.56,
            "eps_avg_yearly": 2.59,
            "eps_latest_yearly": 0.24,
            "eps_growth_yearly": 3027.89
        },
        "20134": {
            "year_quarter": 20134,
            "year": 2013,
            "quarter": 4,
            "eps": 0.39,
            "eps_growth_year": -26.96,
            "eps_4q": 1.14,
            "eps_4q_growth_year": -54.47,
            "roe": 2.42,
            "roe_4q": 8.26,
            "gross_profit": 176390,
            "gross_margin": 16.45,
            "gross_margin_4q_avg": 17.83,
            "net_income": 25822,
            "revenue": 1072472,
            "common_shares": 587483,
            "book_valuer_per_share": 18.78,
            "book_valuer_per_share_4q_avg": 16.59,
            "equity": 1266256,
            "current_ratio": 144.07,
            "debt_ratio": 56.78,
            "inventory_turnover_ratio": 3,
            "account_receivable_turnover_ratio": 1.18,
            "reinvestment_rate": 44.71,
            "research_to_sale_ratio": null,
            "price_fair": 88.55,
            "eps_avg_yearly": 2.53,
            "eps_latest_yearly": 1.56,
            "eps_growth_yearly": 3172.16
        },
        "20141": {
            "year_quarter": 20141,
            "year": 2014,
            "quarter": 1,
            "eps": 0.16,
            "eps_growth_year": -67.35,
            "eps_4q": 0.91,
            "eps_4q_growth_year": -61.69,
            "roe": 1.06,
            "roe_4q": 6.390000000000001,
            "gross_profit": 174512,
            "gross_margin": 17.89,
            "gross_margin_4q_avg": 17.45,
            "net_income": 13490,
            "revenue": 975675,
            "common_shares": 587483,
            "book_valuer_per_share": 19.01,
            "book_valuer_per_share_4q_avg": 17.26,
            "equity": 1283026,
            "current_ratio": 144.39,
            "debt_ratio": 52.72,
            "inventory_turnover_ratio": 2.37,
            "account_receivable_turnover_ratio": 1.04,
            "reinvestment_rate": 128.16,
            "research_to_sale_ratio": null,
            "price_fair": 87.06,
            "eps_avg_yearly": 2.49,
            "eps_latest_yearly": 0.64,
            "eps_growth_yearly": 3169.11
        },
        "20142": {
            "year_quarter": 20142,
            "year": 2014,
            "quarter": 2,
            "eps": 0.47,
            "eps_growth_year": 23.68,
            "eps_4q": 1.06,
            "eps_4q_growth_year": -46.57,
            "roe": 2.67,
            "roe_4q": 6.61,
            "gross_profit": 197821,
            "gross_margin": 19.26,
            "gross_margin_4q_avg": 17.79,
            "net_income": 33435,
            "revenue": 1027166,
            "common_shares": 587483,
            "book_valuer_per_share": 18,
            "book_valuer_per_share_4q_avg": 18.1,
            "equity": 1223916,
            "current_ratio": 132.27,
            "debt_ratio": 56.21,
            "inventory_turnover_ratio": 2.4,
            "account_receivable_turnover_ratio": 1.18,
            "reinvestment_rate": 112.15,
            "research_to_sale_ratio": null,
            "price_fair": 82.51,
            "eps_avg_yearly": 2.36,
            "eps_latest_yearly": 1.88,
            "eps_growth_yearly": 3167.54
        },
        "20143": {
            "year_quarter": 20143,
            "year": 2014,
            "quarter": 3,
            "eps": 0.67,
            "eps_growth_year": 1016.67,
            "eps_4q": 1.69,
            "eps_4q_growth_year": 30.66,
            "roe": 3.48,
            "roe_4q": 9.63,
            "gross_profit": 208800,
            "gross_margin": 20.5,
            "gross_margin_4q_avg": 18.53,
            "net_income": 43407,
            "revenue": 1018463,
            "common_shares": 587483,
            "book_valuer_per_share": 18.79,
            "book_valuer_per_share_4q_avg": 18.65,
            "equity": 1274038,
            "current_ratio": 137,
            "debt_ratio": 54.08,
            "inventory_turnover_ratio": 2.29,
            "account_receivable_turnover_ratio": 1.16,
            "reinvestment_rate": 111.55,
            "research_to_sale_ratio": null,
            "price_fair": 79.98,
            "eps_avg_yearly": 2.29,
            "eps_latest_yearly": 2.68,
            "eps_growth_yearly": 3178.94
        },
        "20144": {
            "year_quarter": 20144,
            "year": 2014,
            "quarter": 4,
            "eps": 0.39,
            "eps_growth_year": 0.38,
            "eps_4q": 1.69,
            "eps_4q_growth_year": 47.61,
            "roe": 2.47,
            "roe_4q": 9.680000000000001,
            "gross_profit": 217855,
            "gross_margin": 20.61,
            "gross_margin_4q_avg": 19.57,
            "net_income": 32077,
            "revenue": 1057277,
            "common_shares": 565183,
            "book_valuer_per_share": 19.47,
            "book_valuer_per_share_4q_avg": 18.82,
            "equity": 1322092,
            "current_ratio": 140.59,
            "debt_ratio": 52.28,
            "inventory_turnover_ratio": 2.29,
            "account_receivable_turnover_ratio": 1.25,
            "reinvestment_rate": 115.36,
            "research_to_sale_ratio": null,
            "price_fair": 73.33,
            "eps_avg_yearly": 2.1,
            "eps_latest_yearly": 1.56,
            "eps_growth_yearly": 3163.55
        },
        "20151": {
            "year_quarter": 20151,
            "year": 2015,
            "quarter": 1,
            "eps": 0.03,
            "eps_growth_year": -81.25,
            "eps_4q": 1.55,
            "eps_4q_growth_year": 71.6,
            "roe": 0.54,
            "roe_4q": 9.16,
            "gross_profit": 167409,
            "gross_margin": 22.91,
            "gross_margin_4q_avg": 20.82,
            "net_income": 7211,
            "revenue": 730835,
            "common_shares": 551433,
            "book_valuer_per_share": 19.38,
            "book_valuer_per_share_4q_avg": 18.91,
            "equity": 1366100,
            "current_ratio": 141.4,
            "debt_ratio": 51.26,
            "inventory_turnover_ratio": 1.32,
            "account_receivable_turnover_ratio": 0.93,
            "reinvestment_rate": 126.63,
            "research_to_sale_ratio": null,
            "price_fair": 68.6,
            "eps_avg_yearly": 1.96,
            "eps_latest_yearly": 0.12,
            "eps_growth_yearly": 3153.08
        },
        "20152": {
            "year_quarter": 20152,
            "year": 2015,
            "quarter": 2,
            "eps": 0.42,
            "eps_growth_year": -10.64,
            "eps_4q": 1.51,
            "eps_4q_growth_year": 42.39,
            "roe": 2.43,
            "roe_4q": 8.92,
            "gross_profit": 217016,
            "gross_margin": 23.22,
            "gross_margin_4q_avg": 21.81,
            "net_income": 32134,
            "revenue": 934470,
            "common_shares": 551433,
            "book_valuer_per_share": 18.16,
            "book_valuer_per_share_4q_avg": 18.95,
            "equity": 1273556,
            "current_ratio": 132.33,
            "debt_ratio": 54.52,
            "inventory_turnover_ratio": 1.51,
            "account_receivable_turnover_ratio": 1.23,
            "reinvestment_rate": 121.14,
            "research_to_sale_ratio": null,
            "price_fair": 72.19,
            "eps_avg_yearly": 2.06,
            "eps_latest_yearly": 1.68,
            "eps_growth_yearly": 3502.64
        },
        "20153": {
            "year_quarter": 20153,
            "year": 2015,
            "quarter": 3,
            "eps": 0.92,
            "eps_growth_year": 37.31,
            "eps_4q": 1.8,
            "eps_4q_growth_year": 7.02,
            "roe": 4.51,
            "roe_4q": 9.95,
            "gross_profit": 229070,
            "gross_margin": 22.8,
            "gross_margin_4q_avg": 22.39,
            "net_income": 58023,
            "revenue": 1004770,
            "common_shares": 551433,
            "book_valuer_per_share": 19.28,
            "book_valuer_per_share_4q_avg": 19.07,
            "equity": 1302086,
            "current_ratio": 134.65,
            "debt_ratio": 52.94,
            "inventory_turnover_ratio": 1.76,
            "account_receivable_turnover_ratio": 1.23,
            "reinvestment_rate": 120.87,
            "research_to_sale_ratio": null,
            "price_fair": 69.39,
            "eps_avg_yearly": 1.98,
            "eps_latest_yearly": 3.68,
            "eps_growth_yearly": 457.4
        },
        "20154": {
            "year_quarter": 20154,
            "year": 2015,
            "quarter": 4,
            "eps": 0.9,
            "eps_growth_year": 130.73,
            "eps_4q": 2.29,
            "eps_4q_growth_year": 35.55,
            "roe": 4.38,
            "roe_4q": 11.86,
            "gross_profit": 221362,
            "gross_margin": 20.42,
            "gross_margin_4q_avg": 22.34,
            "net_income": 58819,
            "revenue": 1083828,
            "common_shares": 551433,
            "book_valuer_per_share": 20.46,
            "book_valuer_per_share_4q_avg": 19.32,
            "equity": 1383371,
            "current_ratio": 142.01,
            "debt_ratio": 51.55,
            "inventory_turnover_ratio": 2.1,
            "account_receivable_turnover_ratio": 1.29,
            "reinvestment_rate": 101.78,
            "research_to_sale_ratio": null,
            "price_fair": 68.08,
            "eps_avg_yearly": 1.95,
            "eps_latest_yearly": 3.6,
            "eps_growth_yearly": 460.69
        },
        "20161": {
            "year_quarter": 20161,
            "year": 2016,
            "quarter": 1,
            "eps": 1.05,
            "eps_growth_year": 3400,
            "eps_4q": 3.31,
            "eps_4q_growth_year": 112.89,
            "roe": 4.38,
            "roe_4q": 15.7,
            "gross_profit": 258443,
            "gross_margin": 21.06,
            "gross_margin_4q_avg": 21.88,
            "net_income": 63410,
            "revenue": 1227314,
            "common_shares": 551433,
            "book_valuer_per_share": 21.47,
            "book_valuer_per_share_4q_avg": 19.84,
            "equity": 1510181,
            "current_ratio": 143.84,
            "debt_ratio": 51.14,
            "inventory_turnover_ratio": 2.16,
            "account_receivable_turnover_ratio": 1.46,
            "reinvestment_rate": 91.53,
            "research_to_sale_ratio": null,
            "price_fair": 71.66,
            "eps_avg_yearly": 2.05,
            "eps_latest_yearly": 4.2,
            "eps_growth_yearly": 474.62
        },
        "20162": {
            "year_quarter": 20162,
            "year": 2016,
            "quarter": 2,
            "eps": 0.58,
            "eps_growth_year": 38.1,
            "eps_4q": 3.42,
            "eps_4q_growth_year": 126.06,
            "roe": 2.67,
            "roe_4q": 15.94,
            "gross_profit": 241181,
            "gross_margin": 19.8,
            "gross_margin_4q_avg": 21.02,
            "net_income": 39180,
            "revenue": 1218297,
            "common_shares": 551433,
            "book_valuer_per_share": 19.93,
            "book_valuer_per_share_4q_avg": 20.29,
            "equity": 1429878,
            "current_ratio": 132.45,
            "debt_ratio": 55.59,
            "inventory_turnover_ratio": 1.83,
            "account_receivable_turnover_ratio": 1.44,
            "reinvestment_rate": 85.39,
            "research_to_sale_ratio": null,
            "price_fair": 70.18,
            "eps_avg_yearly": 2.01,
            "eps_latest_yearly": 2.32,
            "eps_growth_yearly": 459.13
        },
        "20163": {
            "year_quarter": 20163,
            "year": 2016,
            "quarter": 3,
            "eps": 0.73,
            "eps_growth_year": -20.65,
            "eps_4q": 3.23,
            "eps_4q_growth_year": 79.03,
            "roe": 3.39,
            "roe_4q": 14.82,
            "gross_profit": 260084,
            "gross_margin": 18.34,
            "gross_margin_4q_avg": 19.91,
            "net_income": 49071,
            "revenue": 1417888,
            "common_shares": 551433,
            "book_valuer_per_share": 20.43,
            "book_valuer_per_share_4q_avg": 20.57,
            "equity": 1464599,
            "current_ratio": 137.9,
            "debt_ratio": 53.16,
            "inventory_turnover_ratio": 2.1,
            "account_receivable_turnover_ratio": 1.63,
            "reinvestment_rate": 75.95,
            "research_to_sale_ratio": null,
            "price_fair": 71.49,
            "eps_avg_yearly": 2.04,
            "eps_latest_yearly": 2.92,
            "eps_growth_yearly": 471.26
        },
        "20164": {
            "year_quarter": 20164,
            "year": 2016,
            "quarter": 4,
            "eps": 0.8,
            "eps_growth_year": -11.23,
            "eps_4q": 3.14,
            "eps_4q_growth_year": 37.14,
            "roe": 3.63,
            "roe_4q": 14.07,
            "gross_profit": 260776,
            "gross_margin": 17.36,
            "gross_margin_4q_avg": 19.14,
            "net_income": 54150,
            "revenue": 1502389,
            "common_shares": 551433,
            "book_valuer_per_share": 21.2,
            "book_valuer_per_share_4q_avg": 20.76,
            "equity": 1517782,
            "current_ratio": 141.3,
            "debt_ratio": 51.17,
            "inventory_turnover_ratio": 2.57,
            "account_receivable_turnover_ratio": 1.61,
            "reinvestment_rate": -110.33,
            "research_to_sale_ratio": null,
            "price_fair": 73.85,
            "eps_avg_yearly": 2.11,
            "eps_latest_yearly": 3.2,
            "eps_growth_yearly": 475.81
        },
        "20171": {
            "year_quarter": 20171,
            "year": 2017,
            "quarter": 1,
            "eps": 0.25,
            "eps_growth_year": -76.19,
            "eps_4q": 2.35,
            "eps_4q_growth_year": -28.98,
            "roe": 1.22,
            "roe_4q": 10.91,
            "gross_profit": 214032,
            "gross_margin": 19.15,
            "gross_margin_4q_avg": 18.66,
            "net_income": 17048,
            "revenue": 1117639,
            "common_shares": 551433,
            "book_valuer_per_share": 20.68,
            "book_valuer_per_share_4q_avg": 20.56,
            "equity": 1268861,
            "current_ratio": 199.54,
            "debt_ratio": 39.2,
            "inventory_turnover_ratio": 2.58,
            "account_receivable_turnover_ratio": 1.52,
            "reinvestment_rate": -31.61,
            "research_to_sale_ratio": null,
            "price_fair": 71.75,
            "eps_avg_yearly": 2.05,
            "eps_latest_yearly": 1,
            "eps_growth_yearly": 460.51
        },
        "20172": {
            "year_quarter": 20172,
            "year": 2017,
            "quarter": 2,
            "eps": 0.79,
            "eps_growth_year": 36.21,
            "eps_4q": 2.44,
            "eps_4q_growth_year": -28.69,
            "roe": 3.7,
            "roe_4q": 11.940000000000001,
            "gross_profit": 148283,
            "gross_margin": 16.93,
            "gross_margin_4q_avg": 17.95,
            "net_income": 45174,
            "revenue": 876028,
            "common_shares": 551433,
            "book_valuer_per_share": 18.98,
            "book_valuer_per_share_4q_avg": 20.32,
            "equity": 1172729,
            "current_ratio": 173.63,
            "debt_ratio": 46.33,
            "inventory_turnover_ratio": 2.82,
            "account_receivable_turnover_ratio": 1.57,
            "reinvestment_rate": -31.58,
            "research_to_sale_ratio": null,
            "price_fair": 75.34,
            "eps_avg_yearly": 2.15,
            "eps_latest_yearly": 3.16,
            "eps_growth_yearly": 520.12
        },
        "20173": {
            "year_quarter": 20173,
            "year": 2017,
            "quarter": 3,
            "eps": 1.02,
            "eps_growth_year": 39.73,
            "eps_4q": 2.76,
            "eps_4q_growth_year": -14.45,
            "roe": 5.53,
            "roe_4q": 14.080000000000002,
            "gross_profit": 184233,
            "gross_margin": 15.67,
            "gross_margin_4q_avg": 17.28,
            "net_income": 66465,
            "revenue": 1175603,
            "common_shares": 578250,
            "book_valuer_per_share": 18.8,
            "book_valuer_per_share_4q_avg": 19.92,
            "equity": 1231597,
            "current_ratio": 183.72,
            "debt_ratio": 44.38,
            "inventory_turnover_ratio": 4.07,
            "account_receivable_turnover_ratio": 1.79,
            "reinvestment_rate": -29.02,
            "research_to_sale_ratio": null,
            "price_fair": 83.74,
            "eps_avg_yearly": 2.39,
            "eps_latest_yearly": 4.08,
            "eps_growth_yearly": 548.46
        },
        "20174": {
            "year_quarter": 20174,
            "year": 2017,
            "quarter": 4,
            "eps": 1.05,
            "eps_growth_year": 31.9,
            "eps_4q": 3.06,
            "eps_4q_growth_year": -2.59,
            "roe": 5.41,
            "roe_4q": 15.860000000000001,
            "gross_profit": 199644,
            "gross_margin": 18.84,
            "gross_margin_4q_avg": 17.65,
            "net_income": 68325,
            "revenue": 1059943,
            "common_shares": 578250,
            "book_valuer_per_share": 19.93,
            "book_valuer_per_share_4q_avg": 19.6,
            "equity": 1292718,
            "current_ratio": 193.61,
            "debt_ratio": 41.48,
            "inventory_turnover_ratio": 3.69,
            "account_receivable_turnover_ratio": 1.51,
            "reinvestment_rate": -82.66,
            "research_to_sale_ratio": null,
            "price_fair": 89.51,
            "eps_avg_yearly": 2.56,
            "eps_latest_yearly": 4.2,
            "eps_growth_yearly": 411.69
        },
        "20181": {
            "year_quarter": 20181,
            "year": 2018,
            "quarter": 1,
            "eps": 0.62,
            "eps_growth_year": 148,
            "eps_4q": 3.44,
            "eps_4q_growth_year": 46.62,
            "roe": 2.86,
            "roe_4q": 17.5,
            "gross_profit": 148333,
            "gross_margin": 17.18,
            "gross_margin_4q_avg": 17.16,
            "net_income": 37421,
            "revenue": 863501,
            "common_shares": 578250,
            "book_valuer_per_share": 20.49,
            "book_valuer_per_share_4q_avg": 19.55,
            "equity": 1325948,
            "current_ratio": 224.79,
            "debt_ratio": 35.5,
            "inventory_turnover_ratio": 3.13,
            "account_receivable_turnover_ratio": 1.29,
            "reinvestment_rate": -83.4,
            "research_to_sale_ratio": null,
            "price_fair": 93.54,
            "eps_avg_yearly": 2.67,
            "eps_latest_yearly": 2.48,
            "eps_growth_yearly": 416.2
        },
        "20182": {
            "year_quarter": 20182,
            "year": 2018,
            "quarter": 2,
            "eps": 0.84,
            "eps_growth_year": 6.33,
            "eps_4q": 3.53,
            "eps_4q_growth_year": 44.71,
            "roe": 3.88,
            "roe_4q": 17.68,
            "gross_profit": 169648,
            "gross_margin": 18.25,
            "gross_margin_4q_avg": 17.49,
            "net_income": 49065,
            "revenue": 929715,
            "common_shares": 578250,
            "book_valuer_per_share": 18.58,
            "book_valuer_per_share_4q_avg": 19.45,
            "equity": 1205850,
            "current_ratio": 172.15,
            "debt_ratio": 46.35,
            "inventory_turnover_ratio": 3.05,
            "account_receivable_turnover_ratio": 1.41,
            "reinvestment_rate": -71.95,
            "research_to_sale_ratio": null,
            "price_fair": 96.78,
            "eps_avg_yearly": 2.77,
            "eps_latest_yearly": 3.36,
            "eps_growth_yearly": 376.63
        },
        "20183": {
            "year_quarter": 20183,
            "year": 2018,
            "quarter": 3,
            "eps": 1.02,
            "eps_growth_year": 0,
            "eps_4q": 3.64,
            "eps_4q_growth_year": 31.58,
            "roe": 5.96,
            "roe_4q": 18.11,
            "gross_profit": 214466,
            "gross_margin": 12.27,
            "gross_margin_4q_avg": 16.64,
            "net_income": 70844,
            "revenue": 1747500,
            "common_shares": 578250,
            "book_valuer_per_share": 18.31,
            "book_valuer_per_share_4q_avg": 19.33,
            "equity": 1169907,
            "current_ratio": 141.58,
            "debt_ratio": 57.22,
            "inventory_turnover_ratio": 4.67,
            "account_receivable_turnover_ratio": 2.28,
            "reinvestment_rate": -76.48,
            "research_to_sale_ratio": null,
            "price_fair": 99.84,
            "eps_avg_yearly": 2.85,
            "eps_latest_yearly": 4.08,
            "eps_growth_yearly": 371.35
        },
        "20184": {
            "year_quarter": 20184,
            "year": 2018,
            "quarter": 4,
            "eps": 1.19,
            "eps_growth_year": 13.07,
            "eps_4q": 3.74,
            "eps_4q_growth_year": 22.3,
            "roe": 7.15,
            "roe_4q": 19.849999999999998,
            "gross_profit": 234184,
            "gross_margin": 13.9,
            "gross_margin_4q_avg": 15.4,
            "net_income": 86647,
            "revenue": 1685306,
            "common_shares": 563160,
            "book_valuer_per_share": 19.59,
            "book_valuer_per_share_4q_avg": 19.24,
            "equity": 1255448,
            "current_ratio": 171.43,
            "debt_ratio": 45.05,
            "inventory_turnover_ratio": 4.57,
            "account_receivable_turnover_ratio": 2.1,
            "reinvestment_rate": -71.46,
            "research_to_sale_ratio": null,
            "price_fair": 106.84,
            "eps_avg_yearly": 3.05,
            "eps_latest_yearly": 4.76,
            "eps_growth_yearly": 385.96
        },
        "20191": {
            "year_quarter": 20191,
            "year": 2019,
            "quarter": 1,
            "eps": 0.75,
            "eps_growth_year": 20.97,
            "eps_4q": 3.84,
            "eps_4q_growth_year": 11.58,
            "roe": 3.64,
            "roe_4q": 20.63,
            "gross_profit": 169518,
            "gross_margin": 15.92,
            "gross_margin_4q_avg": 15.09,
            "net_income": 46787,
            "revenue": 1064708,
            "common_shares": 563160,
            "book_valuer_per_share": 20.5,
            "book_valuer_per_share_4q_avg": 19.25,
            "equity": 1314661,
            "current_ratio": 184.93,
            "debt_ratio": 43.04,
            "inventory_turnover_ratio": 3.38,
            "account_receivable_turnover_ratio": 1.52,
            "reinvestment_rate": -70.75,
            "research_to_sale_ratio": 0.1,
            "price_fair": 113.14,
            "eps_avg_yearly": 3.23,
            "eps_latest_yearly": 3,
            "eps_growth_yearly": 399.8
        },
        "20192": {
            "year_quarter": 20192,
            "year": 2019,
            "quarter": 2,
            "eps": 0.62,
            "eps_growth_year": -26.19,
            "eps_4q": 3.45,
            "eps_4q_growth_year": -2.21,
            "roe": 2.94,
            "roe_4q": 19.69,
            "gross_profit": 153676,
            "gross_margin": 14.26,
            "gross_margin_4q_avg": 14.09,
            "net_income": 36388,
            "revenue": 1077758,
            "common_shares": 563160,
            "book_valuer_per_share": 17.85,
            "book_valuer_per_share_4q_avg": 19.06,
            "equity": 1160404,
            "current_ratio": 159.28,
            "debt_ratio": 50.96,
            "inventory_turnover_ratio": 3.5,
            "account_receivable_turnover_ratio": 1.71,
            "reinvestment_rate": -64.1,
            "research_to_sale_ratio": 0.16,
            "price_fair": 114.89,
            "eps_avg_yearly": 3.28,
            "eps_latest_yearly": 2.48,
            "eps_growth_yearly": 70.46
        },
        "20193": {
            "year_quarter": 20193,
            "year": 2019,
            "quarter": 3,
            "eps": 1.05,
            "eps_growth_year": 2.94,
            "eps_4q": 3.52,
            "eps_4q_growth_year": -3.18,
            "roe": 6.34,
            "roe_4q": 20.07,
            "gross_profit": 203835,
            "gross_margin": 13.3,
            "gross_margin_4q_avg": 14.35,
            "net_income": 75867,
            "revenue": 1533115,
            "common_shares": 590374,
            "book_valuer_per_share": 17.86,
            "book_valuer_per_share_4q_avg": 18.95,
            "equity": 1232010,
            "current_ratio": 151.86,
            "debt_ratio": 53.66,
            "inventory_turnover_ratio": 4.62,
            "account_receivable_turnover_ratio": 2.31,
            "reinvestment_rate": -64.92,
            "research_to_sale_ratio": 0.06,
            "price_fair": 116.03,
            "eps_avg_yearly": 3.32,
            "eps_latest_yearly": 4.2,
            "eps_growth_yearly": 58.04
        },
        "20194": {
            "year_quarter": 20194,
            "year": 2019,
            "quarter": 4,
            "eps": 1.31,
            "eps_growth_year": 10.4,
            "eps_4q": 3.7,
            "eps_4q_growth_year": -0.97,
            "roe": 8.04,
            "roe_4q": 20.96,
            "gross_profit": 242797,
            "gross_margin": 15.35,
            "gross_margin_4q_avg": 14.71,
            "net_income": 98413,
            "revenue": 1581812,
            "common_shares": 590374,
            "book_valuer_per_share": 17.83,
            "book_valuer_per_share_4q_avg": 18.51,
            "equity": 1216400,
            "current_ratio": 158.31,
            "debt_ratio": 52.09,
            "inventory_turnover_ratio": 4.81,
            "account_receivable_turnover_ratio": 2.33,
            "reinvestment_rate": -58.72,
            "research_to_sale_ratio": 0.06,
            "price_fair": 119.61,
            "eps_avg_yearly": 3.42,
            "eps_latest_yearly": 5.24,
            "eps_growth_yearly": 64.77
        },
        "20201": {
            "year_quarter": 20201,
            "year": 2020,
            "quarter": 1,
            "eps": 0.74,
            "eps_growth_year": -1.33,
            "eps_4q": 3.72,
            "eps_4q_growth_year": -3.03,
            "roe": 3.81,
            "roe_4q": 21.13,
            "gross_profit": 156205,
            "gross_margin": 15.65,
            "gross_margin_4q_avg": 14.64,
            "net_income": 44252,
            "revenue": 997824,
            "common_shares": 590374,
            "book_valuer_per_share": 15.86,
            "book_valuer_per_share_4q_avg": 17.35,
            "equity": 1104582,
            "current_ratio": 157.57,
            "debt_ratio": 53.57,
            "inventory_turnover_ratio": 3.77,
            "account_receivable_turnover_ratio": 1.63,
            "reinvestment_rate": -66.86,
            "research_to_sale_ratio": 0.1,
            "price_fair": 116.9,
            "eps_avg_yearly": 3.34,
            "eps_latest_yearly": 2.96,
            "eps_growth_yearly": 49.73
        },
        "20202": {
            "year_quarter": 20202,
            "year": 2020,
            "quarter": 2,
            "eps": 0.89,
            "eps_growth_year": 43.55,
            "eps_4q": 3.99,
            "eps_4q_growth_year": 15.59,
            "roe": 4.89,
            "roe_4q": 23.08,
            "gross_profit": 156883,
            "gross_margin": 15.23,
            "gross_margin_4q_avg": 14.88,
            "net_income": 54728,
            "revenue": 1030061,
            "common_shares": 590374,
            "book_valuer_per_share": 16.47,
            "book_valuer_per_share_4q_avg": 17.01,
            "equity": 1135936,
            "current_ratio": 155.1,
            "debt_ratio": 54.7,
            "inventory_turnover_ratio": 4,
            "account_receivable_turnover_ratio": 1.86,
            "reinvestment_rate": -64.9,
            "research_to_sale_ratio": 0.1,
            "price_fair": 119.61,
            "eps_avg_yearly": 3.42,
            "eps_latest_yearly": 3.56,
            "eps_growth_yearly": 65.99
        },
        "20203": {
            "year_quarter": 20203,
            "year": 2020,
            "quarter": 3,
            "eps": 1.38,
            "eps_growth_year": 31.43,
            "eps_4q": 4.31,
            "eps_4q_growth_year": 22.52,
            "roe": 8,
            "roe_4q": 24.74,
            "gross_profit": 208363,
            "gross_margin": 14.75,
            "gross_margin_4q_avg": 15.25,
            "net_income": 92669,
            "revenue": 1412273,
            "common_shares": 590374,
            "book_valuer_per_share": 16.76,
            "book_valuer_per_share_4q_avg": 16.73,
            "equity": 1180227,
            "current_ratio": 155.69,
            "debt_ratio": 55.17,
            "inventory_turnover_ratio": 5.53,
            "account_receivable_turnover_ratio": 2.4,
            "reinvestment_rate": -59.87,
            "research_to_sale_ratio": 0.05,
            "price_fair": 125.3,
            "eps_avg_yearly": 3.58,
            "eps_latest_yearly": 5.52,
            "eps_growth_yearly": 73.29
        },
        "20204": {
            "year_quarter": 20204,
            "year": 2020,
            "quarter": 4,
            "eps": 1.25,
            "eps_growth_year": -4.68,
            "eps_4q": 4.25,
            "eps_4q_growth_year": 14.9,
            "roe": 8.02,
            "roe_4q": 24.72,
            "gross_profit": 224797,
            "gross_margin": 13.98,
            "gross_margin_4q_avg": 14.9,
            "net_income": 98240,
            "revenue": 1608433,
            "common_shares": 590374,
            "book_valuer_per_share": 17.91,
            "book_valuer_per_share_4q_avg": 16.75,
            "equity": 1270401,
            "current_ratio": 161.92,
            "debt_ratio": 52.23,
            "inventory_turnover_ratio": 6.6,
            "account_receivable_turnover_ratio": 2.31,
            "reinvestment_rate": -57.71,
            "research_to_sale_ratio": 0.05,
            "price_fair": 129.24,
            "eps_avg_yearly": 3.69,
            "eps_latest_yearly": 5,
            "eps_growth_yearly": 68.53
        },
        "20211": {
            "year_quarter": 20211,
            "year": 2021,
            "quarter": 1,
            "eps": 1.06,
            "eps_growth_year": 43.24,
            "eps_4q": 4.54,
            "eps_4q_growth_year": 21.98,
            "roe": 6.81,
            "roe_4q": 27.72,
            "gross_profit": 209939,
            "gross_margin": 14.03,
            "gross_margin_4q_avg": 14.5,
            "net_income": 83866,
            "revenue": 1495977,
            "common_shares": 590374,
            "book_valuer_per_share": 15.99,
            "book_valuer_per_share_4q_avg": 16.78,
            "equity": 1192446,
            "current_ratio": 155.23,
            "debt_ratio": 54.64,
            "inventory_turnover_ratio": 5.36,
            "account_receivable_turnover_ratio": 1.94,
            "reinvestment_rate": -2.22,
            "research_to_sale_ratio": 0.06,
            "price_fair": 136.33,
            "eps_avg_yearly": 3.9,
            "eps_latest_yearly": 4.24,
            "eps_growth_yearly": 81.92
        },
        "20212": {
            "year_quarter": 20212,
            "year": 2021,
            "quarter": 2,
            "eps": 1.21,
            "eps_growth_year": 35.96,
            "eps_4q": 4.87,
            "eps_4q_growth_year": 22.08,
            "roe": 7.35,
            "roe_4q": 30.18,
            "gross_profit": 208559,
            "gross_margin": 16.58,
            "gross_margin_4q_avg": 14.84,
            "net_income": 90036,
            "revenue": 1257876,
            "common_shares": 590374,
            "book_valuer_per_share": 16.84,
            "book_valuer_per_share_4q_avg": 16.88,
            "equity": 1257031,
            "current_ratio": 154.62,
            "debt_ratio": 55.05,
            "inventory_turnover_ratio": 4.47,
            "account_receivable_turnover_ratio": 1.67,
            "reinvestment_rate": -2.2,
            "research_to_sale_ratio": 0.07,
            "price_fair": 140,
            "eps_avg_yearly": 4,
            "eps_latest_yearly": 4.84,
            "eps_growth_yearly": 31.46
        },
        "20213": {
            "year_quarter": 20213,
            "year": 2021,
            "quarter": 3,
            "eps": 1.41,
            "eps_growth_year": 2.17,
            "eps_4q": 4.92,
            "eps_4q_growth_year": 14,
            "roe": 7.91,
            "roe_4q": 30.09,
            "gross_profit": 225654,
            "gross_margin": 19.49,
            "gross_margin_4q_avg": 16.02,
            "net_income": 99309,
            "revenue": 1157765,
            "common_shares": 590374,
            "book_valuer_per_share": 17,
            "book_valuer_per_share_4q_avg": 16.94,
            "equity": 1254874,
            "current_ratio": 150.53,
            "debt_ratio": 54.27,
            "inventory_turnover_ratio": 4.78,
            "account_receivable_turnover_ratio": 1.89,
            "reinvestment_rate": 1.49,
            "research_to_sale_ratio": 0.1,
            "price_fair": 143.41,
            "eps_avg_yearly": 4.1,
            "eps_latest_yearly": 5.64,
            "eps_growth_yearly": 28.31
        },
        "20214": {
            "year_quarter": 20214,
            "year": 2021,
            "quarter": 4,
            "eps": 1.19,
            "eps_growth_year": -5.28,
            "eps_4q": 4.86,
            "eps_4q_growth_year": 14.32,
            "roe": 6.13,
            "roe_4q": 28.2,
            "gross_profit": 210813,
            "gross_margin": 20.58,
            "gross_margin_4q_avg": 17.67,
            "net_income": 78712,
            "revenue": 1024227,
            "common_shares": 575894,
            "book_valuer_per_share": 18.11,
            "book_valuer_per_share_4q_avg": 16.99,
            "equity": 1315179,
            "current_ratio": 152.56,
            "debt_ratio": 52.52,
            "inventory_turnover_ratio": 4.33,
            "account_receivable_turnover_ratio": 2.07,
            "reinvestment_rate": 3.34,
            "research_to_sale_ratio": 0.13,
            "price_fair": 139.17,
            "eps_avg_yearly": 4.13,
            "eps_latest_yearly": 4.76,
            "eps_growth_yearly": 23.68
        },
        "20221": {
            "year_quarter": 20221,
            "year": 2022,
            "quarter": 1,
            "eps": 1.11,
            "eps_growth_year": 4.72,
            "eps_4q": 4.92,
            "eps_4q_growth_year": 8.27,
            "roe": 6.06,
            "roe_4q": 27.450000000000003,
            "gross_profit": 196147,
            "gross_margin": 16.85,
            "gross_margin_4q_avg": 18.38,
            "net_income": 76837,
            "revenue": 1163928,
            "common_shares": 575894,
            "book_valuer_per_share": 16.55,
            "book_valuer_per_share_4q_avg": 17.13,
            "equity": 1220589,
            "current_ratio": 139.28,
            "debt_ratio": 58.12,
            "inventory_turnover_ratio": 4.93,
            "account_receivable_turnover_ratio": 2.11,
            "reinvestment_rate": 6.27,
            "research_to_sale_ratio": 0.09,
            "price_fair": 148.93,
            "eps_avg_yearly": 4.26,
            "eps_latest_yearly": 4.44,
            "eps_growth_yearly": 32.23
        },
        "20222": {
            "year_quarter": 20222,
            "year": 2022,
            "quarter": 2,
            "eps": 1.41,
            "eps_growth_year": 16.53,
            "eps_4q": 5.12,
            "eps_4q_growth_year": 5.05,
            "roe": 7.47,
            "roe_4q": 27.57,
            "gross_profit": 212937,
            "gross_margin": 17.37,
            "gross_margin_4q_avg": 18.57,
            "net_income": 95752,
            "revenue": 1225977,
            "common_shares": 575894,
            "book_valuer_per_share": 18.44,
            "book_valuer_per_share_4q_avg": 17.53,
            "equity": 1344466,
            "current_ratio": 138.49,
            "debt_ratio": 57.73,
            "inventory_turnover_ratio": 4.56,
            "account_receivable_turnover_ratio": 1.94,
            "reinvestment_rate": 6.31,
            "research_to_sale_ratio": 0.07,
            "price_fair": 153.91,
            "eps_avg_yearly": 4.4,
            "eps_latest_yearly": 5.64,
            "eps_growth_yearly": 30.12
        },
        "20223": {
            "year_quarter": 20223,
            "year": 2022,
            "quarter": 3,
            "eps": 1.6,
            "eps_growth_year": 13.48,
            "eps_4q": 5.31,
            "eps_4q_growth_year": 7.91,
            "roe": 8.21,
            "roe_4q": 27.869999999999997,
            "gross_profit": 244664,
            "gross_margin": 15.93,
            "gross_margin_4q_avg": 17.68,
            "net_income": 115305,
            "revenue": 1535800,
            "common_shares": 575894,
            "book_valuer_per_share": 19.82,
            "book_valuer_per_share_4q_avg": 18.23,
            "equity": 1464823,
            "current_ratio": 143.56,
            "debt_ratio": 55.33,
            "inventory_turnover_ratio": 4.89,
            "account_receivable_turnover_ratio": 2.33,
            "reinvestment_rate": 10.01,
            "research_to_sale_ratio": 0.08,
            "price_fair": 158.99,
            "eps_avg_yearly": 4.54,
            "eps_latest_yearly": 6.4,
            "eps_growth_yearly": 28.13
        },
        "20224": {
            "year_quarter": 20224,
            "year": 2022,
            "quarter": 4,
            "eps": 1.33,
            "eps_growth_year": 12.59,
            "eps_4q": 5.16,
            "eps_4q_growth_year": 6.09,
            "roe": 6.27,
            "roe_4q": 28.009999999999998,
            "gross_profit": 225078,
            "gross_margin": 16.54,
            "gross_margin_4q_avg": 16.67,
            "net_income": 101518,
            "revenue": 1361114,
            "common_shares": 620894,
            "book_valuer_per_share": 23.13,
            "book_valuer_per_share_4q_avg": 19.49,
            "equity": 1774981,
            "current_ratio": 181.2,
            "debt_ratio": 44.68,
            "inventory_turnover_ratio": 4.2,
            "account_receivable_turnover_ratio": 2.11,
            "reinvestment_rate": 9.83,
            "research_to_sale_ratio": 0.09,
            "price_fair": 136.16,
            "eps_avg_yearly": 4.58,
            "eps_latest_yearly": 5.32,
            "eps_growth_yearly": 19.75
        },
        "20231": {
            "year_quarter": 20231,
            "year": 2023,
            "quarter": 1,
            "eps": 1,
            "eps_growth_year": -9.91,
            "eps_4q": 5.12,
            "eps_4q_growth_year": 4.15,
            "roe": 4.58,
            "roe_4q": 26.53,
            "gross_profit": 188627,
            "gross_margin": 15.23,
            "gross_margin_4q_avg": 16.27,
            "net_income": 76773,
            "revenue": 1238409,
            "common_shares": 620894,
            "book_valuer_per_share": 20.27,
            "book_valuer_per_share_4q_avg": 20.42,
            "equity": 1578404,
            "current_ratio": 161.53,
            "debt_ratio": 49.77,
            "inventory_turnover_ratio": 4.6,
            "account_receivable_turnover_ratio": 2.03,
            "reinvestment_rate": 10.08,
            "research_to_sale_ratio": 0.13,
            "price_fair": 152.13,
            "eps_avg_yearly": 4.64,
            "eps_latest_yearly": 4,
            "eps_growth_yearly": 22.79
        }
    },
    "months": {
        "2002-01": {
            "month": "2002-01",
            "price": "58.59",
            "revenue": 58002
        },
        "2002-02": {
            "month": "2002-02",
            "price": "58.50",
            "revenue": 61369
        },
        "2002-03": {
            "month": "2002-03",
            "price": "53.52",
            "revenue": 84056
        },
        "2002-04": {
            "month": "2002-04",
            "price": "56.86",
            "revenue": 105047
        },
        "2002-05": {
            "month": "2002-05",
            "price": "44.80",
            "revenue": 130282
        },
        "2002-06": {
            "month": "2002-06",
            "price": "39.91",
            "revenue": 148096
        },
        "2002-07": {
            "month": "2002-07",
            "price": "32.45",
            "revenue": 89787
        },
        "2002-08": {
            "month": "2002-08",
            "price": "26.28",
            "revenue": 101690
        },
        "2002-09": {
            "month": "2002-09",
            "price": "23.32",
            "revenue": 56317
        },
        "2002-10": {
            "month": "2002-10",
            "price": "19.00",
            "revenue": 53938
        },
        "2002-11": {
            "month": "2002-11",
            "price": "15.67",
            "revenue": 67925
        },
        "2002-12": {
            "month": "2002-12",
            "price": "14.36",
            "revenue": 59091
        },
        "2003-01": {
            "month": "2003-01",
            "price": "13.03",
            "revenue": 59572
        },
        "2003-02": {
            "month": "2003-02",
            "price": "13.36",
            "revenue": 61884
        },
        "2003-03": {
            "month": "2003-03",
            "price": "12.04",
            "revenue": 69714
        },
        "2003-04": {
            "month": "2003-04",
            "price": "11.98",
            "revenue": 47507
        },
        "2003-05": {
            "month": "2003-05",
            "price": "11.20",
            "revenue": 42190
        },
        "2003-06": {
            "month": "2003-06",
            "price": "12.48",
            "revenue": 60122
        },
        "2003-07": {
            "month": "2003-07",
            "price": "12.21",
            "revenue": 56450
        },
        "2003-08": {
            "month": "2003-08",
            "price": "11.01",
            "revenue": 64903
        },
        "2003-09": {
            "month": "2003-09",
            "price": "9.06",
            "revenue": 75021
        },
        "2003-10": {
            "month": "2003-10",
            "price": "8.79",
            "revenue": 78102
        },
        "2003-11": {
            "month": "2003-11",
            "price": "9.24",
            "revenue": 95149
        },
        "2003-12": {
            "month": "2003-12",
            "price": "9.60",
            "revenue": 98018
        },
        "2004-01": {
            "month": "2004-01",
            "price": "9.15",
            "revenue": 75424
        },
        "2004-02": {
            "month": "2004-02",
            "price": "11.26",
            "revenue": 64677
        },
        "2004-03": {
            "month": "2004-03",
            "price": "12.64",
            "revenue": 91307
        },
        "2004-04": {
            "month": "2004-04",
            "price": "14.32",
            "revenue": 70570
        },
        "2004-05": {
            "month": "2004-05",
            "price": "11.73",
            "revenue": 60218
        },
        "2004-06": {
            "month": "2004-06",
            "price": "9.30",
            "revenue": 84260
        },
        "2004-07": {
            "month": "2004-07",
            "price": "6.05",
            "revenue": 71364
        },
        "2004-08": {
            "month": "2004-08",
            "price": "4.81",
            "revenue": 61130
        },
        "2004-09": {
            "month": "2004-09",
            "price": "3.42",
            "revenue": 57814
        },
        "2004-10": {
            "month": "2004-10",
            "price": "3.37",
            "revenue": 47433
        },
        "2004-11": {
            "month": "2004-11",
            "price": "2.95",
            "revenue": 65929
        },
        "2004-12": {
            "month": "2004-12",
            "price": "2.74",
            "revenue": 64875
        },
        "2005-01": {
            "month": "2005-01",
            "price": "2.77",
            "revenue": 52651
        },
        "2005-02": {
            "month": "2005-02",
            "price": "3.14",
            "revenue": 42404
        },
        "2005-03": {
            "month": "2005-03",
            "price": "4.08",
            "revenue": 72472
        },
        "2005-04": {
            "month": "2005-04",
            "price": "3.94",
            "revenue": 56861
        },
        "2005-05": {
            "month": "2005-05",
            "price": "3.99",
            "revenue": 60524
        },
        "2005-06": {
            "month": "2005-06",
            "price": "4.19",
            "revenue": 80181
        },
        "2005-07": {
            "month": "2005-07",
            "price": "4.76",
            "revenue": 56014
        },
        "2005-08": {
            "month": "2005-08",
            "price": "4.51",
            "revenue": 61742
        },
        "2005-09": {
            "month": "2005-09",
            "price": "4.56",
            "revenue": 75857
        },
        "2005-10": {
            "month": "2005-10",
            "price": "5.14",
            "revenue": 60360
        },
        "2005-11": {
            "month": "2005-11",
            "price": "5.50",
            "revenue": 75264
        },
        "2005-12": {
            "month": "2005-12",
            "price": "12.30",
            "revenue": 80492
        },
        "2006-01": {
            "month": "2006-01",
            "price": "11.89",
            "revenue": 52943
        },
        "2006-02": {
            "month": "2006-02",
            "price": "11.70",
            "revenue": 49670
        },
        "2006-03": {
            "month": "2006-03",
            "price": "11.16",
            "revenue": 65267
        },
        "2006-04": {
            "month": "2006-04",
            "price": "13.50",
            "revenue": 61150
        },
        "2006-05": {
            "month": "2006-05",
            "price": "15.80",
            "revenue": 56569
        },
        "2006-06": {
            "month": "2006-06",
            "price": "15.76",
            "revenue": 70406
        },
        "2006-07": {
            "month": "2006-07",
            "price": "15.91",
            "revenue": 52883
        },
        "2006-08": {
            "month": "2006-08",
            "price": "14.62",
            "revenue": 89813
        },
        "2006-09": {
            "month": "2006-09",
            "price": "15.72",
            "revenue": 106589
        },
        "2006-10": {
            "month": "2006-10",
            "price": "17.59",
            "revenue": 87629
        },
        "2006-11": {
            "month": "2006-11",
            "price": "17.59",
            "revenue": 79068
        },
        "2006-12": {
            "month": "2006-12",
            "price": "20.81",
            "revenue": 130322
        },
        "2007-01": {
            "month": "2007-01",
            "price": "25.67",
            "revenue": 111327
        },
        "2007-02": {
            "month": "2007-02",
            "price": "26.45",
            "revenue": 62732
        },
        "2007-03": {
            "month": "2007-03",
            "price": "25.73",
            "revenue": 76231
        },
        "2007-04": {
            "month": "2007-04",
            "price": "26.16",
            "revenue": 57398
        },
        "2007-05": {
            "month": "2007-05",
            "price": "23.92",
            "revenue": 73190
        },
        "2007-06": {
            "month": "2007-06",
            "price": "26.49",
            "revenue": 104239
        },
        "2007-07": {
            "month": "2007-07",
            "price": "28.36",
            "revenue": 92471
        },
        "2007-08": {
            "month": "2007-08",
            "price": "27.23",
            "revenue": 69940
        },
        "2007-09": {
            "month": "2007-09",
            "price": "26.51",
            "revenue": 84994
        },
        "2007-10": {
            "month": "2007-10",
            "price": "25.94",
            "revenue": 91002
        },
        "2007-11": {
            "month": "2007-11",
            "price": "22.08",
            "revenue": 88667
        },
        "2007-12": {
            "month": "2007-12",
            "price": "19.52",
            "revenue": 106239
        },
        "2008-01": {
            "month": "2008-01",
            "price": "17.56",
            "revenue": 101069
        },
        "2008-02": {
            "month": "2008-02",
            "price": "16.96",
            "revenue": 61167
        },
        "2008-03": {
            "month": "2008-03",
            "price": "19.23",
            "revenue": 95596
        },
        "2008-04": {
            "month": "2008-04",
            "price": "24.45",
            "revenue": 75465
        },
        "2008-05": {
            "month": "2008-05",
            "price": "28.25",
            "revenue": 78092
        },
        "2008-06": {
            "month": "2008-06",
            "price": "24.66",
            "revenue": 107407
        },
        "2008-07": {
            "month": "2008-07",
            "price": "23.38",
            "revenue": 77730
        },
        "2008-08": {
            "month": "2008-08",
            "price": "21.22",
            "revenue": 84929
        },
        "2008-09": {
            "month": "2008-09",
            "price": "18.83",
            "revenue": 115921
        },
        "2008-10": {
            "month": "2008-10",
            "price": "17.04",
            "revenue": 63207
        },
        "2008-11": {
            "month": "2008-11",
            "price": "14.86",
            "revenue": 71492
        },
        "2008-12": {
            "month": "2008-12",
            "price": "12.76",
            "revenue": 92287
        },
        "2009-01": {
            "month": "2009-01",
            "price": "12.86",
            "revenue": 46883
        },
        "2009-02": {
            "month": "2009-02",
            "price": "12.73",
            "revenue": 48180
        },
        "2009-03": {
            "month": "2009-03",
            "price": "14.16",
            "revenue": 67844
        },
        "2009-04": {
            "month": "2009-04",
            "price": "16.12",
            "revenue": 50613
        },
        "2009-05": {
            "month": "2009-05",
            "price": "16.48",
            "revenue": 50646
        },
        "2009-06": {
            "month": "2009-06",
            "price": "14.98",
            "revenue": 89800
        },
        "2009-07": {
            "month": "2009-07",
            "price": "16.22",
            "revenue": 92550
        },
        "2009-08": {
            "month": "2009-08",
            "price": "16.24",
            "revenue": 99621
        },
        "2009-09": {
            "month": "2009-09",
            "price": "18.32",
            "revenue": 115994
        },
        "2009-10": {
            "month": "2009-10",
            "price": "21.91",
            "revenue": 78932
        },
        "2009-11": {
            "month": "2009-11",
            "price": "21.41",
            "revenue": 73959
        },
        "2009-12": {
            "month": "2009-12",
            "price": "22.57",
            "revenue": 98654
        },
        "2010-01": {
            "month": "2010-01",
            "price": "23.63",
            "revenue": 70951
        },
        "2010-02": {
            "month": "2010-02",
            "price": "20.45",
            "revenue": 49481
        },
        "2010-03": {
            "month": "2010-03",
            "price": "24.90",
            "revenue": 73612
        },
        "2010-04": {
            "month": "2010-04",
            "price": "29.77",
            "revenue": 186062
        },
        "2010-05": {
            "month": "2010-05",
            "price": "27.67",
            "revenue": 212958
        },
        "2010-06": {
            "month": "2010-06",
            "price": "34.86",
            "revenue": 312937
        },
        "2010-07": {
            "month": "2010-07",
            "price": "41.37",
            "revenue": 223167
        },
        "2010-08": {
            "month": "2010-08",
            "price": "40.57",
            "revenue": 260398
        },
        "2010-09": {
            "month": "2010-09",
            "price": "41.17",
            "revenue": 272890
        },
        "2010-10": {
            "month": "2010-10",
            "price": "44.55",
            "revenue": 229497
        },
        "2010-11": {
            "month": "2010-11",
            "price": "42.61",
            "revenue": 283620
        },
        "2010-12": {
            "month": "2010-12",
            "price": "48.54",
            "revenue": 319199
        },
        "2011-01": {
            "month": "2011-01",
            "price": "57.38",
            "revenue": 209183
        },
        "2011-02": {
            "month": "2011-02",
            "price": "61.96",
            "revenue": 169476
        },
        "2011-03": {
            "month": "2011-03",
            "price": "63.28",
            "revenue": 305679
        },
        "2011-04": {
            "month": "2011-04",
            "price": "57.85",
            "revenue": 236347
        },
        "2011-05": {
            "month": "2011-05",
            "price": "44.79",
            "revenue": 300091
        },
        "2011-06": {
            "month": "2011-06",
            "price": "42.03",
            "revenue": 296601
        },
        "2011-07": {
            "month": "2011-07",
            "price": "32.18",
            "revenue": 282555
        },
        "2011-08": {
            "month": "2011-08",
            "price": "35.41",
            "revenue": 326611
        },
        "2011-09": {
            "month": "2011-09",
            "price": "36.27",
            "revenue": 327325
        },
        "2011-10": {
            "month": "2011-10",
            "price": "35.46",
            "revenue": 312783
        },
        "2011-11": {
            "month": "2011-11",
            "price": "34.91",
            "revenue": 311008
        },
        "2011-12": {
            "month": "2011-12",
            "price": "34.34",
            "revenue": 377809
        },
        "2012-01": {
            "month": "2012-01",
            "price": "33.80",
            "revenue": 211517
        },
        "2012-02": {
            "month": "2012-02",
            "price": "39.18",
            "revenue": 258596
        },
        "2012-03": {
            "month": "2012-03",
            "price": "43.92",
            "revenue": 300401
        },
        "2012-04": {
            "month": "2012-04",
            "price": "38.17",
            "revenue": 298533
        },
        "2012-05": {
            "month": "2012-05",
            "price": "40.33",
            "revenue": 373300
        },
        "2012-06": {
            "month": "2012-06",
            "price": "38.85",
            "revenue": 291037
        },
        "2012-07": {
            "month": "2012-07",
            "price": "38.20",
            "revenue": 292386
        },
        "2012-08": {
            "month": "2012-08",
            "price": "37.39",
            "revenue": 362004
        },
        "2012-09": {
            "month": "2012-09",
            "price": "36.26",
            "revenue": 337675
        },
        "2012-10": {
            "month": "2012-10",
            "price": "32.98",
            "revenue": 268149
        },
        "2012-11": {
            "month": "2012-11",
            "price": "27.17",
            "revenue": 314897
        },
        "2012-12": {
            "month": "2012-12",
            "price": "27.42",
            "revenue": 372744
        },
        "2013-01": {
            "month": "2013-01",
            "price": "29.01",
            "revenue": 278193
        },
        "2013-02": {
            "month": "2013-02",
            "price": "28.41",
            "revenue": 187528
        },
        "2013-03": {
            "month": "2013-03",
            "price": "28.51",
            "revenue": 347226
        },
        "2013-04": {
            "month": "2013-04",
            "price": "28.19",
            "revenue": 235222
        },
        "2013-05": {
            "month": "2013-05",
            "price": "27.56",
            "revenue": 318121
        },
        "2013-06": {
            "month": "2013-06",
            "price": "35.93",
            "revenue": 272673
        },
        "2013-07": {
            "month": "2013-07",
            "price": "37.67",
            "revenue": 255429
        },
        "2013-08": {
            "month": "2013-08",
            "price": "32.97",
            "revenue": 266745
        },
        "2013-09": {
            "month": "2013-09",
            "price": "32.12",
            "revenue": 317308
        },
        "2013-10": {
            "month": "2013-10",
            "price": "36.63",
            "revenue": 276992
        },
        "2013-11": {
            "month": "2013-11",
            "price": "34.42",
            "revenue": 382163
        },
        "2013-12": {
            "month": "2013-12",
            "price": "33.95",
            "revenue": 410891
        },
        "2014-01": {
            "month": "2014-01",
            "price": "35.52",
            "revenue": 333521
        },
        "2014-02": {
            "month": "2014-02",
            "price": "32.69",
            "revenue": 322021
        },
        "2014-03": {
            "month": "2014-03",
            "price": "33.70",
            "revenue": 314736
        },
        "2014-04": {
            "month": "2014-04",
            "price": "32.37",
            "revenue": 330614
        },
        "2014-05": {
            "month": "2014-05",
            "price": "29.89",
            "revenue": 379415
        },
        "2014-06": {
            "month": "2014-06",
            "price": "30.85",
            "revenue": 319106
        },
        "2014-07": {
            "month": "2014-07",
            "price": "30.14",
            "revenue": 306816
        },
        "2014-08": {
            "month": "2014-08",
            "price": "27.87",
            "revenue": 292431
        },
        "2014-09": {
            "month": "2014-09",
            "price": "28.17",
            "revenue": 415971
        },
        "2014-10": {
            "month": "2014-10",
            "price": "27.72",
            "revenue": 375133
        },
        "2014-11": {
            "month": "2014-11",
            "price": "28.19",
            "revenue": 329973
        },
        "2014-12": {
            "month": "2014-12",
            "price": "28.16",
            "revenue": 360032
        },
        "2015-01": {
            "month": "2015-01",
            "price": "28.57",
            "revenue": 261867
        },
        "2015-02": {
            "month": "2015-02",
            "price": "29.24",
            "revenue": 215686
        },
        "2015-03": {
            "month": "2015-03",
            "price": "29.01",
            "revenue": 240062
        },
        "2015-04": {
            "month": "2015-04",
            "price": "28.18",
            "revenue": 272109
        },
        "2015-05": {
            "month": "2015-05",
            "price": "24.67",
            "revenue": 311731
        },
        "2015-06": {
            "month": "2015-06",
            "price": "23.06",
            "revenue": 369419
        },
        "2015-07": {
            "month": "2015-07",
            "price": "25.26",
            "revenue": 350667
        },
        "2015-08": {
            "month": "2015-08",
            "price": "23.55",
            "revenue": 314948
        },
        "2015-09": {
            "month": "2015-09",
            "price": "23.39",
            "revenue": 338396
        },
        "2015-10": {
            "month": "2015-10",
            "price": "25.61",
            "revenue": 325609
        },
        "2015-11": {
            "month": "2015-11",
            "price": "26.43",
            "revenue": 341852
        },
        "2015-12": {
            "month": "2015-12",
            "price": "27.71",
            "revenue": 415937
        },
        "2016-01": {
            "month": "2016-01",
            "price": "25.65",
            "revenue": 454660
        },
        "2016-02": {
            "month": "2016-02",
            "price": "29.96",
            "revenue": 316335
        },
        "2016-03": {
            "month": "2016-03",
            "price": "32.41",
            "revenue": 456045
        },
        "2016-04": {
            "month": "2016-04",
            "price": "34.45",
            "revenue": 374373
        },
        "2016-05": {
            "month": "2016-05",
            "price": "31.92",
            "revenue": 399259
        },
        "2016-06": {
            "month": "2016-06",
            "price": "32.31",
            "revenue": 446337
        },
        "2016-07": {
            "month": "2016-07",
            "price": "34.59",
            "revenue": 450572
        },
        "2016-08": {
            "month": "2016-08",
            "price": "34.04",
            "revenue": 491897
        },
        "2016-09": {
            "month": "2016-09",
            "price": "32.66",
            "revenue": 473422
        },
        "2016-10": {
            "month": "2016-10",
            "price": "32.74",
            "revenue": 488885
        },
        "2016-11": {
            "month": "2016-11",
            "price": "30.61",
            "revenue": 507865
        },
        "2016-12": {
            "month": "2016-12",
            "price": "31.85",
            "revenue": 502520
        },
        "2017-01": {
            "month": "2017-01",
            "price": "33.38",
            "revenue": 383149
        },
        "2017-02": {
            "month": "2017-02",
            "price": "33.56",
            "revenue": 338353
        },
        "2017-03": {
            "month": "2017-03",
            "price": "33.56",
            "revenue": 395568
        },
        "2017-04": {
            "month": "2017-04",
            "price": "33.60",
            "revenue": 257067
        },
        "2017-05": {
            "month": "2017-05",
            "price": "32.66",
            "revenue": 235238
        },
        "2017-06": {
            "month": "2017-06",
            "price": "33.37",
            "revenue": 383155
        },
        "2017-07": {
            "month": "2017-07",
            "price": "33.37",
            "revenue": 326708
        },
        "2017-08": {
            "month": "2017-08",
            "price": "37.68",
            "revenue": 409208
        },
        "2017-09": {
            "month": "2017-09",
            "price": "38.16",
            "revenue": 440481
        },
        "2017-10": {
            "month": "2017-10",
            "price": "39.16",
            "revenue": 339072
        },
        "2017-11": {
            "month": "2017-11",
            "price": "44.81",
            "revenue": 358631
        },
        "2017-12": {
            "month": "2017-12",
            "price": "42.92",
            "revenue": 363221
        },
        "2018-01": {
            "month": "2018-01",
            "price": "47.68",
            "revenue": 318510
        },
        "2018-02": {
            "month": "2018-02",
            "price": "52.14",
            "revenue": 218840
        },
        "2018-03": {
            "month": "2018-03",
            "price": "51.30",
            "revenue": 325475
        },
        "2018-04": {
            "month": "2018-04",
            "price": "53.29",
            "revenue": 259807
        },
        "2018-05": {
            "month": "2018-05",
            "price": "54.77",
            "revenue": 285166
        },
        "2018-06": {
            "month": "2018-06",
            "price": "54.08",
            "revenue": 385344
        },
        "2018-07": {
            "month": "2018-07",
            "price": "48.79",
            "revenue": 382249
        },
        "2018-08": {
            "month": "2018-08",
            "price": "44.67",
            "revenue": 544914
        },
        "2018-09": {
            "month": "2018-09",
            "price": "40.90",
            "revenue": 820411
        },
        "2018-10": {
            "month": "2018-10",
            "price": "37.32",
            "revenue": 897704
        },
        "2018-11": {
            "month": "2018-11",
            "price": "37.42",
            "revenue": 436249
        },
        "2018-12": {
            "month": "2018-12",
            "price": "38.51",
            "revenue": 351353
        },
        "2019-01": {
            "month": "2019-01",
            "price": "38.79",
            "revenue": 353591
        },
        "2019-02": {
            "month": "2019-02",
            "price": "41.83",
            "revenue": 298139
        },
        "2019-03": {
            "month": "2019-03",
            "price": "45.46",
            "revenue": 412978
        },
        "2019-04": {
            "month": "2019-04",
            "price": "47.84",
            "revenue": 364960
        },
        "2019-05": {
            "month": "2019-05",
            "price": "46.14",
            "revenue": 335914
        },
        "2019-06": {
            "month": "2019-06",
            "price": "44.94",
            "revenue": 376885
        },
        "2019-07": {
            "month": "2019-07",
            "price": "42.71",
            "revenue": 391872
        },
        "2019-08": {
            "month": "2019-08",
            "price": "39.87",
            "revenue": 528713
        },
        "2019-09": {
            "month": "2019-09",
            "price": "38.91",
            "revenue": 612529
        },
        "2019-10": {
            "month": "2019-10",
            "price": "40.10",
            "revenue": 670123
        },
        "2019-11": {
            "month": "2019-11",
            "price": "42.30",
            "revenue": 492041
        },
        "2019-12": {
            "month": "2019-12",
            "price": "41.02",
            "revenue": 419649
        },
        "2020-01": {
            "month": "2020-01",
            "price": "40.66",
            "revenue": 316807
        },
        "2020-02": {
            "month": "2020-02",
            "price": "42.17",
            "revenue": 319519
        },
        "2020-03": {
            "month": "2020-03",
            "price": "37.87",
            "revenue": 361498
        },
        "2020-04": {
            "month": "2020-04",
            "price": "38.91",
            "revenue": 305781
        },
        "2020-05": {
            "month": "2020-05",
            "price": "41.31",
            "revenue": 314053
        },
        "2020-06": {
            "month": "2020-06",
            "price": "41.12",
            "revenue": 410227
        },
        "2020-07": {
            "month": "2020-07",
            "price": "40.47",
            "revenue": 413351
        },
        "2020-08": {
            "month": "2020-08",
            "price": "41.21",
            "revenue": 426959
        },
        "2020-09": {
            "month": "2020-09",
            "price": "39.82",
            "revenue": 571963
        },
        "2020-10": {
            "month": "2020-10",
            "price": "37.66",
            "revenue": 432930
        },
        "2020-11": {
            "month": "2020-11",
            "price": "38.13",
            "revenue": 689553
        },
        "2020-12": {
            "month": "2020-12",
            "price": "39.91",
            "revenue": 485950
        },
        "2021-01": {
            "month": "2021-01",
            "price": "41.24",
            "revenue": 494608
        },
        "2021-02": {
            "month": "2021-02",
            "price": "44.20",
            "revenue": 495712
        },
        "2021-03": {
            "month": "2021-03",
            "price": "51.56",
            "revenue": 505657
        },
        "2021-04": {
            "month": "2021-04",
            "price": "53.43",
            "revenue": 505532
        },
        "2021-05": {
            "month": "2021-05",
            "price": "50.10",
            "revenue": 380683
        },
        "2021-06": {
            "month": "2021-06",
            "price": "49.60",
            "revenue": 371661
        },
        "2021-07": {
            "month": "2021-07",
            "price": "49.14",
            "revenue": 386768
        },
        "2021-08": {
            "month": "2021-08",
            "price": "48.65",
            "revenue": 425199
        },
        "2021-09": {
            "month": "2021-09",
            "price": "49.40",
            "revenue": 345798
        },
        "2021-10": {
            "month": "2021-10",
            "price": "49.71",
            "revenue": 320658
        },
        "2021-11": {
            "month": "2021-11",
            "price": "50.03",
            "revenue": 339235
        },
        "2021-12": {
            "month": "2021-12",
            "price": "49.85",
            "revenue": 339738
        },
        "2022-01": {
            "month": "2022-01",
            "price": "50.72",
            "revenue": 425237
        },
        "2022-02": {
            "month": "2022-02",
            "price": "52.51",
            "revenue": 364771
        },
        "2022-03": {
            "month": "2022-03",
            "price": "53.59",
            "revenue": 373920
        },
        "2022-04": {
            "month": "2022-04",
            "price": "54.40",
            "revenue": 416249
        },
        "2022-05": {
            "month": "2022-05",
            "price": "54.00",
            "revenue": 404291
        },
        "2022-06": {
            "month": "2022-06",
            "price": "52.91",
            "revenue": 405437
        },
        "2022-07": {
            "month": "2022-07",
            "price": "51.94",
            "revenue": 484929
        },
        "2022-08": {
            "month": "2022-08",
            "price": "54.33",
            "revenue": 516443
        },
        "2022-09": {
            "month": "2022-09",
            "price": "56.90",
            "revenue": 534428
        },
        "2022-10": {
            "month": "2022-10",
            "price": "54.26",
            "revenue": 525268
        },
        "2022-11": {
            "month": "2022-11",
            "price": "53.34",
            "revenue": 453727
        },
        "2022-12": {
            "month": "2022-12",
            "price": "54.94",
            "revenue": 395677
        },
        "2023-01": {
            "month": "2023-01",
            "price": "54.33",
            "revenue": 351945
        },
        "2023-02": {
            "month": "2023-02",
            "price": "61.60",
            "revenue": 395743
        },
        "2023-03": {
            "month": "2023-03",
            "price": "68.53",
            "revenue": 490720
        },
        "2023-04": {
            "month": "2023-04",
            "price": "70.88",
            "revenue": 374701
        }
    }
}
