{
    "summary": {
        "stock_name": "業強",
        "stock_id": "6124",
        "category": "電子零組件",
        "main_business": "熱導元件之研發、製造、銷售業務<br>高科技電子材料之研發、製造、銷售業務",
        "website_url": "https://cht.yctc.com.tw",
        "ceo": "王台光",
        "pe_ratio": -137,
        "report_year_from": 2001,
        "report_year_to": 2023,
        "age": 22,
        "eps_negative_percentage": 30,
        "eps_growth_avg": {
            "last_all": -1.31,
            "last_2y": -18.12,
            "last_4y": 10.6,
            "last_8y": -26.27,
            "last_12y": 0.24,
            "last_16y": -14.26,
            "last_20y": -1.31,
            "at_2006_last_3y": 38.79,
            "at_2007_last_3y": 19.48,
            "at_2008_last_3y": -21.96,
            "at_2009_last_3y": -62.62,
            "at_2010_last_3y": -46.15,
            "at_2011_last_3y": -46.67,
            "at_2012_last_3y": 20,
            "at_2013_last_3y": 40,
            "at_2014_last_3y": 15,
            "at_2015_last_3y": 33.33,
            "at_2016_last_3y": 0,
            "at_2017_last_3y": -100,
            "at_2018_last_3y": -100,
            "at_2019_last_3y": -1.61,
            "at_2020_last_3y": 6.85,
            "at_2021_last_3y": 35.33,
            "at_2022_last_3y": 10.6,
            "at_2023_last_3y": 10.6,
            "at_2006_last_all": 38.79,
            "at_2007_last_all": 19.48,
            "at_2008_last_all": -4.42,
            "at_2009_last_all": -4.42,
            "at_2010_last_all": -3.68,
            "at_2011_last_all": -8.87,
            "at_2012_last_all": 4.74,
            "at_2013_last_all": 15.32,
            "at_2014_last_all": 3.79,
            "at_2015_last_all": 3.79,
            "at_2016_last_all": 3.79,
            "at_2017_last_all": -5.65,
            "at_2018_last_all": -5.65,
            "at_2019_last_all": 2.89,
            "at_2020_last_all": 4.5,
            "at_2021_last_all": 3.13,
            "at_2022_last_all": -1.31,
            "at_2023_last_all": -1.31
        },
        "latest_eps": -0.21,
        "latest_price": 28.85,
        "latest_roe": -1.06,
        "latest_gross_margin": 8.31,
        "latest_equity": 3549220,
        "latest_revenue": 482589,
        "latest_gross_profit": 40125,
        "latest_net_income": -37357,
        "latest_debt_ratio": 28.9,
        "latest_current_ratio": 178.32,
        "latest_account_receivable_turnover_ratio": 0.78,
        "latest_inventory_turnover_ratio": 1.14,
        "latest_reinvestment_rate": 238.23,
        "latest_research_to_sale_ratio": 2.11
    },
    "eps_dividends": {
        "2001": {
            "cash": 1.38,
            "stock": 1.38,
            "eps": -0.76
        },
        "2002": {
            "cash": 0,
            "stock": 0,
            "eps": -2.97
        },
        "2003": {
            "cash": 0,
            "stock": 0,
            "eps": 0.73
        },
        "2004": {
            "cash": 0,
            "stock": 1,
            "eps": 1.21
        },
        "2005": {
            "cash": 0,
            "stock": 1,
            "eps": 4.11
        },
        "2006": {
            "cash": 0,
            "stock": 2.01,
            "eps": 2.08
        },
        "2007": {
            "cash": 0,
            "stock": 2,
            "eps": 1.28
        },
        "2008": {
            "cash": 0,
            "stock": 1.07,
            "eps": -0.84
        },
        "2009": {
            "cash": 0,
            "stock": 0,
            "eps": 0.05
        },
        "2010": {
            "cash": 0,
            "stock": 0,
            "eps": 0.05
        },
        "2011": {
            "cash": 0,
            "stock": 0,
            "eps": 0.03
        },
        "2012": {
            "cash": 0,
            "stock": 0,
            "eps": 0.16
        },
        "2013": {
            "cash": 0,
            "stock": 0,
            "eps": 0.54
        },
        "2014": {
            "cash": 0,
            "stock": 0,
            "eps": -0.06
        },
        "2015": {
            "cash": 0,
            "stock": 0,
            "eps": -0.31
        },
        "2016": {
            "cash": 0,
            "stock": 0,
            "eps": 1.17
        },
        "2017": {
            "cash": 0,
            "stock": 0,
            "eps": -1.34
        },
        "2018": {
            "cash": 0,
            "stock": 0,
            "eps": 0.62
        },
        "2019": {
            "cash": 0,
            "stock": 0,
            "eps": 1.22
        },
        "2020": {
            "cash": 0,
            "stock": 0,
            "eps": 1.51
        },
        "2021": {
            "cash": 0,
            "stock": 0,
            "eps": 1.29
        },
        "2022": {
            "cash": 0,
            "stock": 0,
            "eps": 0.47
        },
        "2023": {
            "cash": 0,
            "stock": 0,
            "eps": -0.17
        }
    },
    "dividends": {
        "2001-05-30": {
            "cash": 1.38,
            "stock": 1.38
        },
        "2004-03-23": {
            "cash": 0,
            "stock": 1
        },
        "2005-03-30": {
            "cash": 0,
            "stock": 1
        },
        "2006-04-24": {
            "cash": 0,
            "stock": 2.01
        },
        "2007-04-19": {
            "cash": 0,
            "stock": 2
        },
        "2008-04-24": {
            "cash": 0,
            "stock": 1.07
        }
    },
    "prices": {
        "200101": "無",
        "200102": "無",
        "200103": "無",
        "200104": "無",
        "200105": "無",
        "200106": "無",
        "200107": "無",
        "200108": "無",
        "200109": "無",
        "200110": "無",
        "200111": "無",
        "200112": "無",
        "200201": "無",
        "200202": "無",
        "200203": "23.74",
        "200204": "24.70",
        "200205": "19.55",
        "200206": "16.05",
        "200207": "12.66",
        "200208": "11.23",
        "200209": "11.74",
        "200210": "12.78",
        "200211": "13.68",
        "200212": "13.59",
        "200301": "17.18",
        "200302": "19.59",
        "200303": "18.91",
        "200304": "18.05",
        "200305": "17.87",
        "200306": "18.94",
        "200307": "18.17",
        "200308": "18.33",
        "200309": "21.14",
        "200310": "27.07",
        "200311": "29.88",
        "200312": "32.98",
        "200401": "35.64",
        "200402": "41.44",
        "200403": "42.30",
        "200404": "43.12",
        "200405": "36.52",
        "200406": "36.57",
        "200407": "31.25",
        "200408": "26.19",
        "200409": "27.08",
        "200410": "27.20",
        "200411": "26.04",
        "200412": "32.28",
        "200501": "32.31",
        "200502": "45.27",
        "200503": "53.31",
        "200504": "45.85",
        "200505": "46.30",
        "200506": "50.91",
        "200507": "53.42",
        "200508": "56.60",
        "200509": "59.16",
        "200510": "50.97",
        "200511": "41.95",
        "200512": "42.75",
        "200601": "38.31",
        "200602": "32.98",
        "200603": "33.86",
        "200604": "35.89",
        "200605": "35.90",
        "200606": "30.83",
        "200607": "28.92",
        "200608": "25.95",
        "200609": "23.31",
        "200610": "27.02",
        "200611": "33.27",
        "200612": "34.08",
        "200701": "31.87",
        "200702": "32.87",
        "200703": "32.30",
        "200704": "37.38",
        "200705": "40.19",
        "200706": "44.93",
        "200707": "48.65",
        "200708": "45.64",
        "200709": "44.56",
        "200710": "40.00",
        "200711": "29.50",
        "200712": "27.83",
        "200801": "24.33",
        "200802": "24.64",
        "200803": "25.77",
        "200804": "30.33",
        "200805": "27.82",
        "200806": "25.32",
        "200807": "24.33",
        "200808": "19.75",
        "200809": "13.85",
        "200810": "10.85",
        "200811": "10.74",
        "200812": "9.70",
        "200901": "9.70",
        "200902": "9.79",
        "200903": "11.03",
        "200904": "12.23",
        "200905": "13.39",
        "200906": "11.51",
        "200907": "13.15",
        "200908": "15.91",
        "200909": "20.35",
        "200910": "27.30",
        "200911": "30.47",
        "200912": "32.20",
        "201001": "35.90",
        "201002": "34.01",
        "201003": "33.95",
        "201004": "45.19",
        "201005": "46.45",
        "201006": "44.12",
        "201007": "45.28",
        "201008": "45.07",
        "201009": "42.84",
        "201010": "41.56",
        "201011": "38.89",
        "201012": "41.49",
        "201101": "41.23",
        "201102": "40.77",
        "201103": "40.90",
        "201104": "41.12",
        "201105": "39.44",
        "201106": "39.90",
        "201107": "39.50",
        "201108": "36.67",
        "201109": "31.76",
        "201110": "30.82",
        "201111": "28.72",
        "201112": "26.67",
        "201201": "26.60",
        "201202": "28.63",
        "201203": "27.04",
        "201204": "25.32",
        "201205": "25.79",
        "201206": "24.49",
        "201207": "23.59",
        "201208": "23.04",
        "201209": "21.40",
        "201210": "20.07",
        "201211": "18.06",
        "201212": "27.51",
        "201301": "30.15",
        "201302": "28.83",
        "201303": "28.66",
        "201304": "28.04",
        "201305": "27.16",
        "201306": "24.09",
        "201307": "22.01",
        "201308": "21.91",
        "201309": "21.84",
        "201310": "22.08",
        "201311": "20.89",
        "201312": "20.99",
        "201401": "22.38",
        "201402": "24.62",
        "201403": "28.16",
        "201404": "27.50",
        "201405": "26.55",
        "201406": "26.18",
        "201407": "24.95",
        "201408": "23.75",
        "201409": "25.86",
        "201410": "27.02",
        "201411": "26.90",
        "201412": "27.93",
        "201501": "26.06",
        "201502": "23.92",
        "201503": "25.06",
        "201504": "25.00",
        "201505": "22.83",
        "201506": "24.00",
        "201507": "22.89",
        "201508": "22.57",
        "201509": "23.18",
        "201510": "23.52",
        "201511": "24.53",
        "201512": "25.56",
        "201601": "25.65",
        "201602": "24.63",
        "201603": "27.37",
        "201604": "26.70",
        "201605": "24.03",
        "201606": "21.96",
        "201607": "20.59",
        "201608": "31.02",
        "201609": "32.15",
        "201610": "31.41",
        "201611": "29.35",
        "201612": "28.75",
        "201701": "29.09",
        "201702": "28.12",
        "201703": "28.28",
        "201704": "29.71",
        "201705": "30.54",
        "201706": "28.40",
        "201707": "27.28",
        "201708": "26.48",
        "201709": "24.85",
        "201710": "25.02",
        "201711": "24.96",
        "201712": "25.60",
        "201801": "24.89",
        "201802": "23.74",
        "201803": "22.96",
        "201804": "22.06",
        "201805": "21.66",
        "201806": "20.47",
        "201807": "21.02",
        "201808": "22.68",
        "201809": "21.18",
        "201810": "23.27",
        "201811": "21.89",
        "201812": "21.22",
        "201901": "21.78",
        "201902": "26.82",
        "201903": "26.10",
        "201904": "30.68",
        "201905": "29.75",
        "201906": "29.87",
        "201907": "30.42",
        "201908": "40.01",
        "201909": "45.40",
        "201910": "44.94",
        "201911": "48.95",
        "201912": "48.78",
        "202001": "44.54",
        "202002": "35.13",
        "202003": "28.43",
        "202004": "29.34",
        "202005": "30.26",
        "202006": "30.98",
        "202007": "32.78",
        "202008": "34.66",
        "202009": "31.67",
        "202010": "29.97",
        "202011": "30.73",
        "202012": "30.76",
        "202101": "29.72",
        "202102": "29.99",
        "202103": "29.92",
        "202104": "29.87",
        "202105": "27.45",
        "202106": "27.67",
        "202107": "27.96",
        "202108": "25.72",
        "202109": "24.62",
        "202110": "26.08",
        "202111": "26.94",
        "202112": "25.09",
        "202201": "25.01",
        "202202": "25.25",
        "202203": "25.26",
        "202204": "25.94",
        "202205": "25.26",
        "202206": "24.74",
        "202207": "23.74",
        "202208": "24.28",
        "202209": "27.33",
        "202210": "27.02",
        "202211": "28.54",
        "202212": "27.68",
        "202301": "26.29",
        "202302": "26.10",
        "202303": "26.63",
        "202304": "27.14",
        "202305": "29.20",
        "202306": "38.48",
        "202307": "45.72",
        "202308": "34.51",
        "202309": "32.00",
        "202310": "30.26"
    },
    "quarters": {
        "20011": {
            "year_quarter": 20011,
            "year": 2001,
            "quarter": 1,
            "eps": 0.62,
            "eps_growth_year": null,
            "eps_4q": null,
            "eps_4q_growth_year": null,
            "roe": 2.62,
            "roe_4q": 2.62,
            "gross_profit": 70307,
            "gross_margin": 38.55,
            "gross_margin_4q_avg": 38.55,
            "net_income": 45288,
            "net_income_4q": null,
            "revenue": 182380,
            "revenue_4q": null,
            "common_shares": 730000,
            "book_valuer_per_share": 24.01,
            "book_valuer_per_share_4q_avg": 24.01,
            "equity": 1752381,
            "current_ratio": 866.47,
            "debt_ratio": 19.46,
            "inventory_turnover_ratio": 0.42,
            "account_receivable_turnover_ratio": null,
            "reinvestment_rate": null,
            "research_to_sale_ratio": null,
            "price_fair": 0,
            "eps_avg_yearly": 0,
            "eps_latest_yearly": 0,
            "eps_growth_yearly": 0
        },
        "20012": {
            "year_quarter": 20012,
            "year": 2001,
            "quarter": 2,
            "eps": -0.12,
            "eps_growth_year": null,
            "eps_4q": null,
            "eps_4q_growth_year": null,
            "roe": -0.59,
            "roe_4q": 2.0300000000000002,
            "gross_profit": 10884,
            "gross_margin": 8.25,
            "gross_margin_4q_avg": 23.4,
            "net_income": -10263,
            "net_income_4q": null,
            "revenue": 131891,
            "revenue_4q": null,
            "common_shares": 730000,
            "book_valuer_per_share": 23.84,
            "book_valuer_per_share_4q_avg": 23.93,
            "equity": 1740481,
            "current_ratio": 797.75,
            "debt_ratio": 17.83,
            "inventory_turnover_ratio": 0.42,
            "account_receivable_turnover_ratio": null,
            "reinvestment_rate": null,
            "research_to_sale_ratio": null,
            "price_fair": 0,
            "eps_avg_yearly": 0,
            "eps_latest_yearly": 0,
            "eps_growth_yearly": 0
        },
        "20013": {
            "year_quarter": 20013,
            "year": 2001,
            "quarter": 3,
            "eps": -0.07,
            "eps_growth_year": null,
            "eps_4q": null,
            "eps_4q_growth_year": null,
            "roe": -0.31,
            "roe_4q": 1.7200000000000002,
            "gross_profit": 25793,
            "gross_margin": 17.94,
            "gross_margin_4q_avg": 21.58,
            "net_income": -5443,
            "net_income_4q": null,
            "revenue": 143800,
            "revenue_4q": null,
            "common_shares": 834014,
            "book_valuer_per_share": 20.8,
            "book_valuer_per_share_4q_avg": 22.88,
            "equity": 1735038,
            "current_ratio": 598.27,
            "debt_ratio": 16.96,
            "inventory_turnover_ratio": 0.43,
            "account_receivable_turnover_ratio": null,
            "reinvestment_rate": null,
            "research_to_sale_ratio": null,
            "price_fair": 0,
            "eps_avg_yearly": 0,
            "eps_latest_yearly": 0,
            "eps_growth_yearly": 0
        },
        "20014": {
            "year_quarter": 20014,
            "year": 2001,
            "quarter": 4,
            "eps": -1.19,
            "eps_growth_year": null,
            "eps_4q": -0.84,
            "eps_4q_growth_year": null,
            "roe": -5.9,
            "roe_4q": -4.18,
            "gross_profit": 25636,
            "gross_margin": 12.67,
            "gross_margin_4q_avg": 19.35,
            "net_income": -99393,
            "net_income_4q": null,
            "revenue": 202340,
            "revenue_4q": null,
            "common_shares": 834014,
            "book_valuer_per_share": 19.61,
            "book_valuer_per_share_4q_avg": 22.07,
            "equity": 1635730,
            "current_ratio": 556,
            "debt_ratio": 17.41,
            "inventory_turnover_ratio": 0.81,
            "account_receivable_turnover_ratio": null,
            "reinvestment_rate": null,
            "research_to_sale_ratio": null,
            "price_fair": 0,
            "eps_avg_yearly": 0,
            "eps_latest_yearly": 0,
            "eps_growth_yearly": 0
        },
        "20021": {
            "year_quarter": 20021,
            "year": 2002,
            "quarter": 1,
            "eps": 0.01,
            "eps_growth_year": -98.39,
            "eps_4q": -1.01,
            "eps_4q_growth_year": null,
            "roe": 0.07,
            "roe_4q": -6.7299999999999995,
            "gross_profit": 28513,
            "gross_margin": 14.03,
            "gross_margin_4q_avg": 13.22,
            "net_income": 1131,
            "net_income_4q": null,
            "revenue": 203213,
            "revenue_4q": null,
            "common_shares": 834014,
            "book_valuer_per_share": 19.63,
            "book_valuer_per_share_4q_avg": 20.97,
            "equity": 1636861,
            "current_ratio": 646.96,
            "debt_ratio": 16.41,
            "inventory_turnover_ratio": 1.11,
            "account_receivable_turnover_ratio": null,
            "reinvestment_rate": null,
            "research_to_sale_ratio": null,
            "price_fair": 0,
            "eps_avg_yearly": 0,
            "eps_latest_yearly": 0,
            "eps_growth_yearly": 0
        },
        "20022": {
            "year_quarter": 20022,
            "year": 2002,
            "quarter": 2,
            "eps": -0.45,
            "eps_growth_year": null,
            "eps_4q": -1.69,
            "eps_4q_growth_year": null,
            "roe": -2.33,
            "roe_4q": -8.47,
            "gross_profit": 16548,
            "gross_margin": 9.62,
            "gross_margin_4q_avg": 13.57,
            "net_income": -37634,
            "net_income_4q": null,
            "revenue": 172033,
            "revenue_4q": null,
            "common_shares": 834014,
            "book_valuer_per_share": 19.18,
            "book_valuer_per_share_4q_avg": 19.81,
            "equity": 1599227,
            "current_ratio": 690,
            "debt_ratio": 16.13,
            "inventory_turnover_ratio": 1.1,
            "account_receivable_turnover_ratio": null,
            "reinvestment_rate": null,
            "research_to_sale_ratio": null,
            "price_fair": 0,
            "eps_avg_yearly": 0,
            "eps_latest_yearly": 0,
            "eps_growth_yearly": 0
        },
        "20023": {
            "year_quarter": 20023,
            "year": 2002,
            "quarter": 3,
            "eps": -0.42,
            "eps_growth_year": null,
            "eps_4q": -2.05,
            "eps_4q_growth_year": null,
            "roe": -2.23,
            "roe_4q": -10.39,
            "gross_profit": 44221,
            "gross_margin": 25.91,
            "gross_margin_4q_avg": 15.56,
            "net_income": -35270,
            "net_income_4q": null,
            "revenue": 170692,
            "revenue_4q": null,
            "common_shares": 834014,
            "book_valuer_per_share": 18.75,
            "book_valuer_per_share_4q_avg": 19.29,
            "equity": 1563957,
            "current_ratio": 761.34,
            "debt_ratio": 15.46,
            "inventory_turnover_ratio": 0.93,
            "account_receivable_turnover_ratio": null,
            "reinvestment_rate": null,
            "research_to_sale_ratio": null,
            "price_fair": 0,
            "eps_avg_yearly": 0,
            "eps_latest_yearly": 0,
            "eps_growth_yearly": 0
        },
        "20024": {
            "year_quarter": 20024,
            "year": 2002,
            "quarter": 4,
            "eps": -2.11,
            "eps_growth_year": null,
            "eps_4q": -2.97,
            "eps_4q_growth_year": null,
            "roe": -11.91,
            "roe_4q": -16.4,
            "gross_profit": 42022,
            "gross_margin": 24.42,
            "gross_margin_4q_avg": 18.5,
            "net_income": -175926,
            "net_income_4q": null,
            "revenue": 172080,
            "revenue_4q": null,
            "common_shares": 834014,
            "book_valuer_per_share": 16.68,
            "book_valuer_per_share_4q_avg": 18.56,
            "equity": 1390789,
            "current_ratio": 475.8,
            "debt_ratio": 19.59,
            "inventory_turnover_ratio": 1.15,
            "account_receivable_turnover_ratio": null,
            "reinvestment_rate": null,
            "research_to_sale_ratio": null,
            "price_fair": 0,
            "eps_avg_yearly": 0,
            "eps_latest_yearly": 0,
            "eps_growth_yearly": 0
        },
        "20031": {
            "year_quarter": 20031,
            "year": 2003,
            "quarter": 1,
            "eps": 0.11,
            "eps_growth_year": 1000,
            "eps_4q": -2.91,
            "eps_4q_growth_year": null,
            "roe": 0.65,
            "roe_4q": -15.82,
            "gross_profit": 43900,
            "gross_margin": 22.31,
            "gross_margin_4q_avg": 20.57,
            "net_income": 9065,
            "net_income_4q": null,
            "revenue": 196756,
            "revenue_4q": null,
            "common_shares": 834014,
            "book_valuer_per_share": 16.78,
            "book_valuer_per_share_4q_avg": 17.85,
            "equity": 1399854,
            "current_ratio": 471.23,
            "debt_ratio": 19.15,
            "inventory_turnover_ratio": 1.47,
            "account_receivable_turnover_ratio": null,
            "reinvestment_rate": null,
            "research_to_sale_ratio": null,
            "price_fair": 0,
            "eps_avg_yearly": 0,
            "eps_latest_yearly": 0,
            "eps_growth_yearly": 0
        },
        "20032": {
            "year_quarter": 20032,
            "year": 2003,
            "quarter": 2,
            "eps": 0.04,
            "eps_growth_year": null,
            "eps_4q": -2.54,
            "eps_4q_growth_year": null,
            "roe": 0.22,
            "roe_4q": -13.270000000000001,
            "gross_profit": 35778,
            "gross_margin": 15.78,
            "gross_margin_4q_avg": 22.11,
            "net_income": 3139,
            "net_income_4q": null,
            "revenue": 226669,
            "revenue_4q": null,
            "common_shares": 834014,
            "book_valuer_per_share": 16.82,
            "book_valuer_per_share_4q_avg": 17.26,
            "equity": 1402993,
            "current_ratio": 350.32,
            "debt_ratio": 19.35,
            "inventory_turnover_ratio": 1.76,
            "account_receivable_turnover_ratio": null,
            "reinvestment_rate": null,
            "research_to_sale_ratio": null,
            "price_fair": 0.48,
            "eps_avg_yearly": 0.16,
            "eps_latest_yearly": 0.16,
            "eps_growth_yearly": -254.55
        },
        "20033": {
            "year_quarter": 20033,
            "year": 2003,
            "quarter": 3,
            "eps": 0.37,
            "eps_growth_year": null,
            "eps_4q": -1.59,
            "eps_4q_growth_year": null,
            "roe": 2.18,
            "roe_4q": -8.86,
            "gross_profit": 79113,
            "gross_margin": 31.86,
            "gross_margin_4q_avg": 23.59,
            "net_income": 30924,
            "net_income_4q": null,
            "revenue": 248280,
            "revenue_4q": null,
            "common_shares": 834014,
            "book_valuer_per_share": 17.19,
            "book_valuer_per_share_4q_avg": 16.87,
            "equity": 1433917,
            "current_ratio": 348.29,
            "debt_ratio": 11.72,
            "inventory_turnover_ratio": 1.62,
            "account_receivable_turnover_ratio": null,
            "reinvestment_rate": null,
            "research_to_sale_ratio": null,
            "price_fair": 28.7,
            "eps_avg_yearly": 0.82,
            "eps_latest_yearly": 1.48,
            "eps_growth_yearly": 1522.73
        },
        "20034": {
            "year_quarter": 20034,
            "year": 2003,
            "quarter": 4,
            "eps": 0.21,
            "eps_growth_year": null,
            "eps_4q": 0.73,
            "eps_4q_growth_year": null,
            "roe": 1.21,
            "roe_4q": 4.260000000000001,
            "gross_profit": 100973,
            "gross_margin": 31.98,
            "gross_margin_4q_avg": 25.48,
            "net_income": 17467,
            "net_income_4q": null,
            "revenue": 315702,
            "revenue_4q": null,
            "common_shares": 834014,
            "book_valuer_per_share": 17.4,
            "book_valuer_per_share_4q_avg": 17.05,
            "equity": 1451300,
            "current_ratio": 258.72,
            "debt_ratio": 23.69,
            "inventory_turnover_ratio": 1.59,
            "account_receivable_turnover_ratio": null,
            "reinvestment_rate": null,
            "research_to_sale_ratio": null,
            "price_fair": 28.93,
            "eps_avg_yearly": 0.83,
            "eps_latest_yearly": 0.84,
            "eps_growth_yearly": 957.49
        },
        "20041": {
            "year_quarter": 20041,
            "year": 2004,
            "quarter": 1,
            "eps": 0.12,
            "eps_growth_year": 9.09,
            "eps_4q": 0.76,
            "eps_4q_growth_year": null,
            "roe": 0.66,
            "roe_4q": 4.2700000000000005,
            "gross_profit": 87711,
            "gross_margin": 28.34,
            "gross_margin_4q_avg": 26.99,
            "net_income": 9667,
            "net_income_4q": null,
            "revenue": 309542,
            "revenue_4q": null,
            "common_shares": 834014,
            "book_valuer_per_share": 17.49,
            "book_valuer_per_share_4q_avg": 17.23,
            "equity": 1459069,
            "current_ratio": 274.92,
            "debt_ratio": 23.59,
            "inventory_turnover_ratio": 1.46,
            "account_receivable_turnover_ratio": null,
            "reinvestment_rate": null,
            "research_to_sale_ratio": null,
            "price_fair": 25.9,
            "eps_avg_yearly": 0.74,
            "eps_latest_yearly": 0.48,
            "eps_growth_yearly": 675.26
        },
        "20042": {
            "year_quarter": 20042,
            "year": 2004,
            "quarter": 2,
            "eps": -0.46,
            "eps_growth_year": -1250,
            "eps_4q": 0.24,
            "eps_4q_growth_year": null,
            "roe": -2.66,
            "roe_4q": 1.3900000000000001,
            "gross_profit": 75916,
            "gross_margin": 19.44,
            "gross_margin_4q_avg": 27.91,
            "net_income": -38258,
            "net_income_4q": null,
            "revenue": 390496,
            "revenue_4q": null,
            "common_shares": 834014,
            "book_valuer_per_share": 17.04,
            "book_valuer_per_share_4q_avg": 17.28,
            "equity": 1420939,
            "current_ratio": 243.4,
            "debt_ratio": 30.29,
            "inventory_turnover_ratio": 2.04,
            "account_receivable_turnover_ratio": null,
            "reinvestment_rate": null,
            "research_to_sale_ratio": null,
            "price_fair": 25.9,
            "eps_avg_yearly": 0.74,
            "eps_latest_yearly": 0.48,
            "eps_growth_yearly": 675.26
        },
        "20043": {
            "year_quarter": 20043,
            "year": 2004,
            "quarter": 3,
            "eps": 0.39,
            "eps_growth_year": 5.41,
            "eps_4q": 0.27,
            "eps_4q_growth_year": null,
            "roe": 2.49,
            "roe_4q": 1.7000000000000002,
            "gross_profit": 139588,
            "gross_margin": 27.9,
            "gross_margin_4q_avg": 26.92,
            "net_income": 35864,
            "net_income_4q": null,
            "revenue": 500307,
            "revenue_4q": null,
            "common_shares": 925583,
            "book_valuer_per_share": 15.76,
            "book_valuer_per_share_4q_avg": 16.92,
            "equity": 1458426,
            "current_ratio": 184.38,
            "debt_ratio": 34.05,
            "inventory_turnover_ratio": 2.19,
            "account_receivable_turnover_ratio": null,
            "reinvestment_rate": null,
            "research_to_sale_ratio": null,
            "price_fair": 25.9,
            "eps_avg_yearly": 0.74,
            "eps_latest_yearly": 0.48,
            "eps_growth_yearly": 675.26
        },
        "20044": {
            "year_quarter": 20044,
            "year": 2004,
            "quarter": 4,
            "eps": 1.16,
            "eps_growth_year": 452.38,
            "eps_4q": 1.24,
            "eps_4q_growth_year": 70,
            "roe": 7.11,
            "roe_4q": 7.600000000000001,
            "gross_profit": 223877,
            "gross_margin": 32.32,
            "gross_margin_4q_avg": 27,
            "net_income": 107545,
            "net_income_4q": null,
            "revenue": 692654,
            "revenue_4q": null,
            "common_shares": 925583,
            "book_valuer_per_share": 16.91,
            "book_valuer_per_share_4q_avg": 16.8,
            "equity": 1564832,
            "current_ratio": 201.38,
            "debt_ratio": 39.23,
            "inventory_turnover_ratio": 2.31,
            "account_receivable_turnover_ratio": null,
            "reinvestment_rate": null,
            "research_to_sale_ratio": null,
            "price_fair": 53.2,
            "eps_avg_yearly": 1.52,
            "eps_latest_yearly": 4.64,
            "eps_growth_yearly": 698.16
        },
        "20051": {
            "year_quarter": 20051,
            "year": 2005,
            "quarter": 1,
            "eps": 1.1,
            "eps_growth_year": 816.67,
            "eps_4q": 2.24,
            "eps_4q_growth_year": 194.64,
            "roe": 6.33,
            "roe_4q": 13.270000000000001,
            "gross_profit": 196414,
            "gross_margin": 30.93,
            "gross_margin_4q_avg": 27.65,
            "net_income": 101613,
            "net_income_4q": null,
            "revenue": 634955,
            "revenue_4q": null,
            "common_shares": 925583,
            "book_valuer_per_share": 17.8,
            "book_valuer_per_share_4q_avg": 16.88,
            "equity": 1647798,
            "current_ratio": 170.3,
            "debt_ratio": 43.35,
            "inventory_turnover_ratio": 1.73,
            "account_receivable_turnover_ratio": null,
            "reinvestment_rate": null,
            "research_to_sale_ratio": null,
            "price_fair": 70,
            "eps_avg_yearly": 2,
            "eps_latest_yearly": 4.4,
            "eps_growth_yearly": 578.35
        },
        "20052": {
            "year_quarter": 20052,
            "year": 2005,
            "quarter": 2,
            "eps": 0.73,
            "eps_growth_year": null,
            "eps_4q": 3.12,
            "eps_4q_growth_year": 1213.52,
            "roe": 4.44,
            "roe_4q": 20.369999999999997,
            "gross_profit": 238332,
            "gross_margin": 40.69,
            "gross_margin_4q_avg": 32.96,
            "net_income": 74890,
            "net_income_4q": null,
            "revenue": 585764,
            "revenue_4q": null,
            "common_shares": 925583,
            "book_valuer_per_share": 18.66,
            "book_valuer_per_share_4q_avg": 17.28,
            "equity": 1726991,
            "current_ratio": 242.39,
            "debt_ratio": 34.77,
            "inventory_turnover_ratio": 1.42,
            "account_receivable_turnover_ratio": null,
            "reinvestment_rate": null,
            "research_to_sale_ratio": null,
            "price_fair": 74.6,
            "eps_avg_yearly": 2.13,
            "eps_latest_yearly": 2.92,
            "eps_growth_yearly": 476.51
        },
        "20053": {
            "year_quarter": 20053,
            "year": 2005,
            "quarter": 3,
            "eps": 2.49,
            "eps_growth_year": 538.46,
            "eps_4q": 5.25,
            "eps_4q_growth_year": 1850.89,
            "roe": 13.74,
            "roe_4q": 31.619999999999997,
            "gross_profit": 349245,
            "gross_margin": 45.27,
            "gross_margin_4q_avg": 37.3,
            "net_income": 256396,
            "net_income_4q": null,
            "revenue": 771476,
            "revenue_4q": null,
            "common_shares": 1028475,
            "book_valuer_per_share": 19.51,
            "book_valuer_per_share_4q_avg": 18.22,
            "equity": 2006371,
            "current_ratio": 262.85,
            "debt_ratio": 32.87,
            "inventory_turnover_ratio": 1.82,
            "account_receivable_turnover_ratio": null,
            "reinvestment_rate": -89.49,
            "research_to_sale_ratio": null,
            "price_fair": 108.85,
            "eps_avg_yearly": 3.11,
            "eps_latest_yearly": 9.96,
            "eps_growth_yearly": 537.49
        },
        "20054": {
            "year_quarter": 20054,
            "year": 2005,
            "quarter": 4,
            "eps": -0.21,
            "eps_growth_year": -118.1,
            "eps_4q": 3.99,
            "eps_4q_growth_year": 222.18,
            "roe": -0.97,
            "roe_4q": 23.54,
            "gross_profit": 205781,
            "gross_margin": 38.78,
            "gross_margin_4q_avg": 38.92,
            "net_income": -21707,
            "net_income_4q": null,
            "revenue": 530696,
            "revenue_4q": null,
            "common_shares": 1128475,
            "book_valuer_per_share": 21.83,
            "book_valuer_per_share_4q_avg": 19.45,
            "equity": 2463818,
            "current_ratio": 411.87,
            "debt_ratio": 15.73,
            "inventory_turnover_ratio": 1.22,
            "account_receivable_turnover_ratio": null,
            "reinvestment_rate": 19.75,
            "research_to_sale_ratio": null,
            "price_fair": 108.85,
            "eps_avg_yearly": 3.11,
            "eps_latest_yearly": 9.96,
            "eps_growth_yearly": 537.49
        },
        "20061": {
            "year_quarter": 20061,
            "year": 2006,
            "quarter": 1,
            "eps": 0.7,
            "eps_growth_year": -36.36,
            "eps_4q": 3.42,
            "eps_4q_growth_year": 52.75,
            "roe": 3.18,
            "roe_4q": 20.39,
            "gross_profit": 209696,
            "gross_margin": 47.17,
            "gross_margin_4q_avg": 42.98,
            "net_income": 79701,
            "net_income_4q": null,
            "revenue": 444527,
            "revenue_4q": null,
            "common_shares": 1141825,
            "book_valuer_per_share": 22.3,
            "book_valuer_per_share_4q_avg": 20.58,
            "equity": 2546296,
            "current_ratio": 436.38,
            "debt_ratio": 15.41,
            "inventory_turnover_ratio": 0.94,
            "account_receivable_turnover_ratio": null,
            "reinvestment_rate": -82.2,
            "research_to_sale_ratio": null,
            "price_fair": 108.85,
            "eps_avg_yearly": 3.11,
            "eps_latest_yearly": 9.96,
            "eps_growth_yearly": 537.49
        },
        "20062": {
            "year_quarter": 20062,
            "year": 2006,
            "quarter": 2,
            "eps": 0.2,
            "eps_growth_year": -72.6,
            "eps_4q": 2.97,
            "eps_4q_growth_year": -4.81,
            "roe": 0.89,
            "roe_4q": 16.84,
            "gross_profit": 177436,
            "gross_margin": 47.49,
            "gross_margin_4q_avg": 44.68,
            "net_income": 22712,
            "net_income_4q": null,
            "revenue": 373616,
            "revenue_4q": null,
            "common_shares": 1145945,
            "book_valuer_per_share": 22.38,
            "book_valuer_per_share_4q_avg": 21.51,
            "equity": 2564297,
            "current_ratio": 590.28,
            "debt_ratio": 11.19,
            "inventory_turnover_ratio": 1.01,
            "account_receivable_turnover_ratio": null,
            "reinvestment_rate": -73.66,
            "research_to_sale_ratio": null,
            "price_fair": 99.87,
            "eps_avg_yearly": 2.85,
            "eps_latest_yearly": 0.8,
            "eps_growth_yearly": 446.03
        },
        "20063": {
            "year_quarter": 20063,
            "year": 2006,
            "quarter": 3,
            "eps": 0.91,
            "eps_growth_year": -63.45,
            "eps_4q": 1.48,
            "eps_4q_growth_year": -71.75,
            "roe": 4.86,
            "roe_4q": 7.96,
            "gross_profit": 175414,
            "gross_margin": 32.77,
            "gross_margin_4q_avg": 41.55,
            "net_income": 128218,
            "net_income_4q": null,
            "revenue": 535290,
            "revenue_4q": null,
            "common_shares": 1413641,
            "book_valuer_per_share": 19.18,
            "book_valuer_per_share_4q_avg": 21.42,
            "equity": 2711002,
            "current_ratio": 548.64,
            "debt_ratio": 11.4,
            "inventory_turnover_ratio": 2.02,
            "account_receivable_turnover_ratio": null,
            "reinvestment_rate": -60.37,
            "research_to_sale_ratio": null,
            "price_fair": 102.62,
            "eps_avg_yearly": 2.93,
            "eps_latest_yearly": 3.64,
            "eps_growth_yearly": 543.42
        },
        "20064": {
            "year_quarter": 20064,
            "year": 2006,
            "quarter": 4,
            "eps": 0.27,
            "eps_growth_year": null,
            "eps_4q": 1.91,
            "eps_4q_growth_year": -52.25,
            "roe": 1.39,
            "roe_4q": 10.32,
            "gross_profit": 126568,
            "gross_margin": 22.25,
            "gross_margin_4q_avg": 37.42,
            "net_income": 38080,
            "net_income_4q": null,
            "revenue": 568839,
            "revenue_4q": null,
            "common_shares": 1417311,
            "book_valuer_per_share": 19.45,
            "book_valuer_per_share_4q_avg": 20.83,
            "equity": 2756791,
            "current_ratio": 803.74,
            "debt_ratio": 7.53,
            "inventory_turnover_ratio": 1.97,
            "account_receivable_turnover_ratio": null,
            "reinvestment_rate": -6.3,
            "research_to_sale_ratio": null,
            "price_fair": 96.73,
            "eps_avg_yearly": 2.76,
            "eps_latest_yearly": 1.08,
            "eps_growth_yearly": 468.45
        },
        "20071": {
            "year_quarter": 20071,
            "year": 2007,
            "quarter": 1,
            "eps": 0.34,
            "eps_growth_year": -51.43,
            "eps_4q": 1.66,
            "eps_4q_growth_year": -51.45,
            "roe": 1.75,
            "roe_4q": 8.89,
            "gross_profit": 88654,
            "gross_margin": 23.61,
            "gross_margin_4q_avg": 31.53,
            "net_income": 48684,
            "net_income_4q": null,
            "revenue": 375461,
            "revenue_4q": null,
            "common_shares": 1417361,
            "book_valuer_per_share": 19.88,
            "book_valuer_per_share_4q_avg": 20.22,
            "equity": 2818121,
            "current_ratio": 799.2,
            "debt_ratio": 9.27,
            "inventory_turnover_ratio": 1.66,
            "account_receivable_turnover_ratio": null,
            "reinvestment_rate": -61.25,
            "research_to_sale_ratio": null,
            "price_fair": 92.63,
            "eps_avg_yearly": 2.65,
            "eps_latest_yearly": 1.36,
            "eps_growth_yearly": 438.05
        },
        "20072": {
            "year_quarter": 20072,
            "year": 2007,
            "quarter": 2,
            "eps": 0.61,
            "eps_growth_year": 205,
            "eps_4q": 1.86,
            "eps_4q_growth_year": -37.23,
            "roe": 3.63,
            "roe_4q": 11.629999999999999,
            "gross_profit": 115930,
            "gross_margin": 20.6,
            "gross_margin_4q_avg": 24.81,
            "net_income": 104624,
            "net_income_4q": null,
            "revenue": 562667,
            "revenue_4q": null,
            "common_shares": 1417361,
            "book_valuer_per_share": 20.78,
            "book_valuer_per_share_4q_avg": 19.82,
            "equity": 2945247,
            "current_ratio": 496.04,
            "debt_ratio": 11.19,
            "inventory_turnover_ratio": 5.2,
            "account_receivable_turnover_ratio": null,
            "reinvestment_rate": -56.44,
            "research_to_sale_ratio": null,
            "price_fair": 99.28,
            "eps_avg_yearly": 2.84,
            "eps_latest_yearly": 2.44,
            "eps_growth_yearly": 485.73
        },
        "20073": {
            "year_quarter": 20073,
            "year": 2007,
            "quarter": 3,
            "eps": 0.28,
            "eps_growth_year": -69.23,
            "eps_4q": 1.37,
            "eps_4q_growth_year": -7.68,
            "roe": 1.65,
            "roe_4q": 8.42,
            "gross_profit": 70570,
            "gross_margin": 9.88,
            "gross_margin_4q_avg": 19.09,
            "net_income": 49213,
            "net_income_4q": null,
            "revenue": 713964,
            "revenue_4q": null,
            "common_shares": 1727998,
            "book_valuer_per_share": 17.39,
            "book_valuer_per_share_4q_avg": 19.38,
            "equity": 3005110,
            "current_ratio": 482.07,
            "debt_ratio": 11.12,
            "inventory_turnover_ratio": 8.15,
            "account_receivable_turnover_ratio": null,
            "reinvestment_rate": -57.92,
            "research_to_sale_ratio": null,
            "price_fair": 98.23,
            "eps_avg_yearly": 2.81,
            "eps_latest_yearly": 1.12,
            "eps_growth_yearly": 192.7
        },
        "20074": {
            "year_quarter": 20074,
            "year": 2007,
            "quarter": 4,
            "eps": 0.05,
            "eps_growth_year": -81.48,
            "eps_4q": 1.27,
            "eps_4q_growth_year": -33.18,
            "roe": 0.28,
            "roe_4q": 7.31,
            "gross_profit": 81699,
            "gross_margin": 19.57,
            "gross_margin_4q_avg": 18.42,
            "net_income": 8279,
            "net_income_4q": null,
            "revenue": 417521,
            "revenue_4q": null,
            "common_shares": 1728188,
            "book_valuer_per_share": 16.55,
            "book_valuer_per_share_4q_avg": 18.65,
            "equity": 2860641,
            "current_ratio": 845,
            "debt_ratio": 6.74,
            "inventory_turnover_ratio": 1.46,
            "account_receivable_turnover_ratio": null,
            "reinvestment_rate": -20.44,
            "research_to_sale_ratio": null,
            "price_fair": 96.37,
            "eps_avg_yearly": 2.75,
            "eps_latest_yearly": 0.2,
            "eps_growth_yearly": 179.73
        },
        "20081": {
            "year_quarter": 20081,
            "year": 2008,
            "quarter": 1,
            "eps": 0.15,
            "eps_growth_year": -55.88,
            "eps_4q": 1.15,
            "eps_4q_growth_year": -30.78,
            "roe": 0.86,
            "roe_4q": 6.42,
            "gross_profit": 150448,
            "gross_margin": 33.31,
            "gross_margin_4q_avg": 20.84,
            "net_income": 24339,
            "net_income_4q": null,
            "revenue": 451708,
            "revenue_4q": null,
            "common_shares": 1731238,
            "book_valuer_per_share": 16.03,
            "book_valuer_per_share_4q_avg": 17.69,
            "equity": 2775169,
            "current_ratio": 651.49,
            "debt_ratio": 8.89,
            "inventory_turnover_ratio": 0.82,
            "account_receivable_turnover_ratio": null,
            "reinvestment_rate": -13.64,
            "research_to_sale_ratio": null,
            "price_fair": 96.72,
            "eps_avg_yearly": 2.76,
            "eps_latest_yearly": 0.6,
            "eps_growth_yearly": 260.69
        },
        "20082": {
            "year_quarter": 20082,
            "year": 2008,
            "quarter": 2,
            "eps": -0.01,
            "eps_growth_year": -101.64,
            "eps_4q": 0.46,
            "eps_4q_growth_year": -75.36,
            "roe": -0.08,
            "roe_4q": 2.71,
            "gross_profit": 160242,
            "gross_margin": 33.7,
            "gross_margin_4q_avg": 24.12,
            "net_income": -2301,
            "net_income_4q": null,
            "revenue": 475468,
            "revenue_4q": null,
            "common_shares": 1731868,
            "book_valuer_per_share": 16.08,
            "book_valuer_per_share_4q_avg": 16.51,
            "equity": 2785031,
            "current_ratio": 585.57,
            "debt_ratio": 10.16,
            "inventory_turnover_ratio": 0.87,
            "account_receivable_turnover_ratio": null,
            "reinvestment_rate": -12.93,
            "research_to_sale_ratio": null,
            "price_fair": 96.72,
            "eps_avg_yearly": 2.76,
            "eps_latest_yearly": 0.6,
            "eps_growth_yearly": 260.69
        },
        "20083": {
            "year_quarter": 20083,
            "year": 2008,
            "quarter": 3,
            "eps": -0.01,
            "eps_growth_year": -103.57,
            "eps_4q": 0.15,
            "eps_4q_growth_year": -88.97,
            "roe": -0.05,
            "roe_4q": 1.01,
            "gross_profit": 115975,
            "gross_margin": 21.68,
            "gross_margin_4q_avg": 27.07,
            "net_income": -1267,
            "net_income_4q": null,
            "revenue": 534999,
            "revenue_4q": null,
            "common_shares": 1924799,
            "book_valuer_per_share": 14.63,
            "book_valuer_per_share_4q_avg": 15.82,
            "equity": 2816168,
            "current_ratio": 520.21,
            "debt_ratio": 12.16,
            "inventory_turnover_ratio": 1.02,
            "account_receivable_turnover_ratio": null,
            "reinvestment_rate": -16.48,
            "research_to_sale_ratio": null,
            "price_fair": 96.72,
            "eps_avg_yearly": 2.76,
            "eps_latest_yearly": 0.6,
            "eps_growth_yearly": 260.69
        },
        "20084": {
            "year_quarter": 20084,
            "year": 2008,
            "quarter": 4,
            "eps": -0.97,
            "eps_growth_year": -2040,
            "eps_4q": -0.86,
            "eps_4q_growth_year": -167.55,
            "roe": -6.51,
            "roe_4q": -5.779999999999999,
            "gross_profit": 24794,
            "gross_margin": 9.56,
            "gross_margin_4q_avg": 24.56,
            "net_income": -177941,
            "net_income_4q": null,
            "revenue": 259471,
            "revenue_4q": null,
            "common_shares": 1924799,
            "book_valuer_per_share": 13.77,
            "book_valuer_per_share_4q_avg": 15.13,
            "equity": 2649673,
            "current_ratio": 833.36,
            "debt_ratio": 7.23,
            "inventory_turnover_ratio": 0.58,
            "account_receivable_turnover_ratio": 3.04,
            "reinvestment_rate": -103.24,
            "research_to_sale_ratio": null,
            "price_fair": 90.75,
            "eps_avg_yearly": 2.59,
            "eps_latest_yearly": 0.6,
            "eps_growth_yearly": 212.59
        },
        "20091": {
            "year_quarter": 20091,
            "year": 2009,
            "quarter": 1,
            "eps": -0.25,
            "eps_growth_year": -266.67,
            "eps_4q": -1.18,
            "eps_4q_growth_year": -202.45,
            "roe": -1.71,
            "roe_4q": -8.35,
            "gross_profit": 24964,
            "gross_margin": 9.97,
            "gross_margin_4q_avg": 18.73,
            "net_income": -45095,
            "net_income_4q": null,
            "revenue": 250331,
            "revenue_4q": null,
            "common_shares": 1924799,
            "book_valuer_per_share": 13.69,
            "book_valuer_per_share_4q_avg": 14.54,
            "equity": 2635352,
            "current_ratio": 1121.33,
            "debt_ratio": 6.33,
            "inventory_turnover_ratio": 0.67,
            "account_receivable_turnover_ratio": 1.38,
            "reinvestment_rate": -90.63,
            "research_to_sale_ratio": null,
            "price_fair": 84.42,
            "eps_avg_yearly": 2.41,
            "eps_latest_yearly": 0.6,
            "eps_growth_yearly": 235.92
        },
        "20092": {
            "year_quarter": 20092,
            "year": 2009,
            "quarter": 2,
            "eps": -0.2,
            "eps_growth_year": null,
            "eps_4q": -1.36,
            "eps_4q_growth_year": -395.38,
            "roe": -1.41,
            "roe_4q": -9.68,
            "gross_profit": 40412,
            "gross_margin": 18.16,
            "gross_margin_4q_avg": 14.84,
            "net_income": -36779,
            "net_income_4q": null,
            "revenue": 222512,
            "revenue_4q": null,
            "common_shares": 1924799,
            "book_valuer_per_share": 13.36,
            "book_valuer_per_share_4q_avg": 13.86,
            "equity": 2571280,
            "current_ratio": 1367.02,
            "debt_ratio": 4.53,
            "inventory_turnover_ratio": 0.76,
            "account_receivable_turnover_ratio": 1.22,
            "reinvestment_rate": -108.62,
            "research_to_sale_ratio": null,
            "price_fair": 82.44,
            "eps_avg_yearly": 2.36,
            "eps_latest_yearly": 0.6,
            "eps_growth_yearly": 277.08
        },
        "20093": {
            "year_quarter": 20093,
            "year": 2009,
            "quarter": 3,
            "eps": -0.04,
            "eps_growth_year": null,
            "eps_4q": -1.39,
            "eps_4q_growth_year": -1022.03,
            "roe": -0.31,
            "roe_4q": -9.94,
            "gross_profit": 78474,
            "gross_margin": 27.52,
            "gross_margin_4q_avg": 16.3,
            "net_income": -8034,
            "net_income_4q": null,
            "revenue": 285171,
            "revenue_4q": null,
            "common_shares": 1924799,
            "book_valuer_per_share": 13.29,
            "book_valuer_per_share_4q_avg": 13.53,
            "equity": 2557111,
            "current_ratio": 931.65,
            "debt_ratio": 6.53,
            "inventory_turnover_ratio": 1.14,
            "account_receivable_turnover_ratio": 1.39,
            "reinvestment_rate": -224.24,
            "research_to_sale_ratio": null,
            "price_fair": 49.18,
            "eps_avg_yearly": 1.41,
            "eps_latest_yearly": 0.6,
            "eps_growth_yearly": 191.17
        },
        "20094": {
            "year_quarter": 20094,
            "year": 2009,
            "quarter": 4,
            "eps": 0.54,
            "eps_growth_year": null,
            "eps_4q": 0.05,
            "eps_4q_growth_year": null,
            "roe": 3.79,
            "roe_4q": 0.3600000000000003,
            "gross_profit": 131966,
            "gross_margin": 37.67,
            "gross_margin_4q_avg": 23.33,
            "net_income": 98910,
            "net_income_4q": null,
            "revenue": 350336,
            "revenue_4q": null,
            "common_shares": 1924799,
            "book_valuer_per_share": 14.57,
            "book_valuer_per_share_4q_avg": 13.73,
            "equity": 2661291,
            "current_ratio": 1166.69,
            "debt_ratio": 5.41,
            "inventory_turnover_ratio": 1.39,
            "account_receivable_turnover_ratio": 2.75,
            "reinvestment_rate": -166.46,
            "research_to_sale_ratio": null,
            "price_fair": 49.18,
            "eps_avg_yearly": 1.41,
            "eps_latest_yearly": 0.6,
            "eps_growth_yearly": 191.17
        },
        "20101": {
            "year_quarter": 20101,
            "year": 2010,
            "quarter": 1,
            "eps": -0.14,
            "eps_growth_year": null,
            "eps_4q": 0.16,
            "eps_4q_growth_year": null,
            "roe": -0.96,
            "roe_4q": 1.11,
            "gross_profit": 63531,
            "gross_margin": 20.92,
            "gross_margin_4q_avg": 26.07,
            "net_income": -25245,
            "net_income_4q": null,
            "revenue": 303736,
            "revenue_4q": null,
            "common_shares": 1924799,
            "book_valuer_per_share": 14.35,
            "book_valuer_per_share_4q_avg": 13.89,
            "equity": 2621085,
            "current_ratio": 709.24,
            "debt_ratio": 10.03,
            "inventory_turnover_ratio": 1.59,
            "account_receivable_turnover_ratio": 1.17,
            "reinvestment_rate": -58.81,
            "research_to_sale_ratio": 8.32,
            "price_fair": 49.18,
            "eps_avg_yearly": 1.41,
            "eps_latest_yearly": 0.6,
            "eps_growth_yearly": 191.17
        },
        "20102": {
            "year_quarter": 20102,
            "year": 2010,
            "quarter": 2,
            "eps": 0.19,
            "eps_growth_year": null,
            "eps_4q": 0.55,
            "eps_4q_growth_year": null,
            "roe": 1.3,
            "roe_4q": 3.82,
            "gross_profit": 107099,
            "gross_margin": 21.6,
            "gross_margin_4q_avg": 26.93,
            "net_income": 34366,
            "net_income_4q": null,
            "revenue": 495855,
            "revenue_4q": null,
            "common_shares": 1924799,
            "book_valuer_per_share": 14.59,
            "book_valuer_per_share_4q_avg": 14.2,
            "equity": 2664905,
            "current_ratio": 630.27,
            "debt_ratio": 11.18,
            "inventory_turnover_ratio": 2.35,
            "account_receivable_turnover_ratio": 1.37,
            "reinvestment_rate": -8.85,
            "research_to_sale_ratio": 6.86,
            "price_fair": 52.2,
            "eps_avg_yearly": 1.49,
            "eps_latest_yearly": 0.6,
            "eps_growth_yearly": 259.3
        },
        "20103": {
            "year_quarter": 20103,
            "year": 2010,
            "quarter": 3,
            "eps": -0.08,
            "eps_growth_year": null,
            "eps_4q": 0.51,
            "eps_4q_growth_year": null,
            "roe": -0.57,
            "roe_4q": 3.56,
            "gross_profit": 89843,
            "gross_margin": 22.86,
            "gross_margin_4q_avg": 25.76,
            "net_income": -15205,
            "net_income_4q": null,
            "revenue": 393049,
            "revenue_4q": null,
            "common_shares": 1924799,
            "book_valuer_per_share": 14.45,
            "book_valuer_per_share_4q_avg": 14.49,
            "equity": 2639264,
            "current_ratio": 748.58,
            "debt_ratio": 9.24,
            "inventory_turnover_ratio": 1.9,
            "account_receivable_turnover_ratio": 0.99,
            "reinvestment_rate": 68.86,
            "research_to_sale_ratio": 7.23,
            "price_fair": 39.67,
            "eps_avg_yearly": 1.13,
            "eps_latest_yearly": 0.6,
            "eps_growth_yearly": 65.84
        },
        "20104": {
            "year_quarter": 20104,
            "year": 2010,
            "quarter": 4,
            "eps": 0.08,
            "eps_growth_year": -85.16,
            "eps_4q": 0.05,
            "eps_4q_growth_year": 1.5,
            "roe": 0.56,
            "roe_4q": 0.33000000000000007,
            "gross_profit": 84354,
            "gross_margin": 21.64,
            "gross_margin_4q_avg": 21.76,
            "net_income": 14631,
            "net_income_4q": null,
            "revenue": 389750,
            "revenue_4q": null,
            "common_shares": 1924799,
            "book_valuer_per_share": 14.23,
            "book_valuer_per_share_4q_avg": 14.41,
            "equity": 2600220,
            "current_ratio": 707.27,
            "debt_ratio": 9.07,
            "inventory_turnover_ratio": 1.64,
            "account_receivable_turnover_ratio": 1.1,
            "reinvestment_rate": -110.11,
            "research_to_sale_ratio": 3.37,
            "price_fair": 40.04,
            "eps_avg_yearly": 1.14,
            "eps_latest_yearly": 0.6,
            "eps_growth_yearly": 135.28
        },
        "20111": {
            "year_quarter": 20111,
            "year": 2011,
            "quarter": 1,
            "eps": -0.04,
            "eps_growth_year": null,
            "eps_4q": 0.15,
            "eps_4q_growth_year": -8.66,
            "roe": -0.3,
            "roe_4q": 0.9900000000000002,
            "gross_profit": 84397,
            "gross_margin": 22.87,
            "gross_margin_4q_avg": 22.24,
            "net_income": -7810,
            "net_income_4q": null,
            "revenue": 368978,
            "revenue_4q": null,
            "common_shares": 1824799,
            "book_valuer_per_share": 14.23,
            "book_valuer_per_share_4q_avg": 14.38,
            "equity": 2600282,
            "current_ratio": 658.93,
            "debt_ratio": 9.73,
            "inventory_turnover_ratio": 1.06,
            "account_receivable_turnover_ratio": 0.94,
            "reinvestment_rate": 2847.55,
            "research_to_sale_ratio": 2.53,
            "price_fair": 38.15,
            "eps_avg_yearly": 1.09,
            "eps_latest_yearly": 0.6,
            "eps_growth_yearly": 143.17
        },
        "20112": {
            "year_quarter": 20112,
            "year": 2011,
            "quarter": 2,
            "eps": 0.12,
            "eps_growth_year": -36.95,
            "eps_4q": 0.07,
            "eps_4q_growth_year": -86.39,
            "roe": 0.84,
            "roe_4q": 0.5300000000000001,
            "gross_profit": 130138,
            "gross_margin": 20.62,
            "gross_margin_4q_avg": 22,
            "net_income": 21803,
            "net_income_4q": null,
            "revenue": 631000,
            "revenue_4q": null,
            "common_shares": 1824799,
            "book_valuer_per_share": 14.29,
            "book_valuer_per_share_4q_avg": 14.3,
            "equity": 2610706,
            "current_ratio": 541.77,
            "debt_ratio": 11.76,
            "inventory_turnover_ratio": 1.52,
            "account_receivable_turnover_ratio": 1.24,
            "reinvestment_rate": null,
            "research_to_sale_ratio": 1.74,
            "price_fair": 22.4,
            "eps_avg_yearly": 0.64,
            "eps_latest_yearly": 0.6,
            "eps_growth_yearly": 85.01
        },
        "20113": {
            "year_quarter": 20113,
            "year": 2011,
            "quarter": 3,
            "eps": -0.04,
            "eps_growth_year": null,
            "eps_4q": 0.11,
            "eps_4q_growth_year": -77.91,
            "roe": -0.3,
            "roe_4q": 0.8,
            "gross_profit": 54085,
            "gross_margin": 10.02,
            "gross_margin_4q_avg": 18.79,
            "net_income": -8029,
            "net_income_4q": null,
            "revenue": 539713,
            "revenue_4q": null,
            "common_shares": 1824799,
            "book_valuer_per_share": 14.68,
            "book_valuer_per_share_4q_avg": 14.36,
            "equity": 2680721,
            "current_ratio": 449.36,
            "debt_ratio": 14.45,
            "inventory_turnover_ratio": 1.4,
            "account_receivable_turnover_ratio": 0.91,
            "reinvestment_rate": null,
            "research_to_sale_ratio": 2.42,
            "price_fair": 14,
            "eps_avg_yearly": 0.4,
            "eps_latest_yearly": 0.6,
            "eps_growth_yearly": 235.71
        },
        "20114": {
            "year_quarter": 20114,
            "year": 2011,
            "quarter": 4,
            "eps": -0.01,
            "eps_growth_year": -109.35,
            "eps_4q": 0.03,
            "eps_4q_growth_year": -49.16,
            "roe": -0.05,
            "roe_4q": 0.19,
            "gross_profit": 107226,
            "gross_margin": 21.26,
            "gross_margin_4q_avg": 18.69,
            "net_income": -1368,
            "net_income_4q": null,
            "revenue": 504452,
            "revenue_4q": null,
            "common_shares": 1824799,
            "book_valuer_per_share": 14.55,
            "book_valuer_per_share_4q_avg": 14.44,
            "equity": 2657891,
            "current_ratio": 541.45,
            "debt_ratio": 12.12,
            "inventory_turnover_ratio": 1.12,
            "account_receivable_turnover_ratio": 0.91,
            "reinvestment_rate": null,
            "research_to_sale_ratio": 2.48,
            "price_fair": 21,
            "eps_avg_yearly": 0.6,
            "eps_latest_yearly": 0.6,
            "eps_growth_yearly": 800
        },
        "20121": {
            "year_quarter": 20121,
            "year": 2012,
            "quarter": 1,
            "eps": -0.3,
            "eps_growth_year": null,
            "eps_4q": -0.23,
            "eps_4q_growth_year": -259.71,
            "roe": -2.09,
            "roe_4q": -1.5999999999999996,
            "gross_profit": 70003,
            "gross_margin": 15.51,
            "gross_margin_4q_avg": 16.85,
            "net_income": -54731,
            "net_income_4q": null,
            "revenue": 451220,
            "revenue_4q": null,
            "common_shares": 1824799,
            "book_valuer_per_share": 14.19,
            "book_valuer_per_share_4q_avg": 14.43,
            "equity": 2589838,
            "current_ratio": 633.33,
            "debt_ratio": 10.3,
            "inventory_turnover_ratio": 1.09,
            "account_receivable_turnover_ratio": 0.93,
            "reinvestment_rate": null,
            "research_to_sale_ratio": 3.05,
            "price_fair": 0,
            "eps_avg_yearly": 0,
            "eps_latest_yearly": 0,
            "eps_growth_yearly": 0
        },
        "20122": {
            "year_quarter": 20122,
            "year": 2012,
            "quarter": 2,
            "eps": 0.27,
            "eps_growth_year": 127.62,
            "eps_4q": -0.08,
            "eps_4q_growth_year": -205.32,
            "roe": 1.89,
            "roe_4q": -0.5499999999999999,
            "gross_profit": 141111,
            "gross_margin": 23,
            "gross_margin_4q_avg": 17.45,
            "net_income": 49734,
            "net_income_4q": null,
            "revenue": 613397,
            "revenue_4q": null,
            "common_shares": 1824799,
            "book_valuer_per_share": 14.47,
            "book_valuer_per_share_4q_avg": 14.47,
            "equity": 2669580,
            "current_ratio": 569.1,
            "debt_ratio": 11.69,
            "inventory_turnover_ratio": 1.34,
            "account_receivable_turnover_ratio": 1.22,
            "reinvestment_rate": null,
            "research_to_sale_ratio": 2.27,
            "price_fair": 0,
            "eps_avg_yearly": 0,
            "eps_latest_yearly": 0,
            "eps_growth_yearly": 0
        },
        "20123": {
            "year_quarter": 20123,
            "year": 2012,
            "quarter": 3,
            "eps": 0.09,
            "eps_growth_year": null,
            "eps_4q": 0.06,
            "eps_4q_growth_year": -48.82,
            "roe": 0.6,
            "roe_4q": 0.3499999999999999,
            "gross_profit": 139683,
            "gross_margin": 24.95,
            "gross_margin_4q_avg": 21.18,
            "net_income": 15949,
            "net_income_4q": null,
            "revenue": 559902,
            "revenue_4q": null,
            "common_shares": 1824799,
            "book_valuer_per_share": 14.54,
            "book_valuer_per_share_4q_avg": 14.44,
            "equity": 2681789,
            "current_ratio": 645.31,
            "debt_ratio": 10.33,
            "inventory_turnover_ratio": 1.18,
            "account_receivable_turnover_ratio": 1.05,
            "reinvestment_rate": null,
            "research_to_sale_ratio": 2.01,
            "price_fair": 1.08,
            "eps_avg_yearly": 0.36,
            "eps_latest_yearly": 0.36,
            "eps_growth_yearly": -266.67
        },
        "20124": {
            "year_quarter": 20124,
            "year": 2012,
            "quarter": 4,
            "eps": 0.1,
            "eps_growth_year": null,
            "eps_4q": 0.16,
            "eps_4q_growth_year": 530.18,
            "roe": 0.49,
            "roe_4q": 0.8899999999999997,
            "gross_profit": 136867,
            "gross_margin": 22.09,
            "gross_margin_4q_avg": 21.39,
            "net_income": 13277,
            "net_income_4q": null,
            "revenue": 619464,
            "revenue_4q": null,
            "common_shares": 1824799,
            "book_valuer_per_share": 14.67,
            "book_valuer_per_share_4q_avg": 14.47,
            "equity": 2701407,
            "current_ratio": 667.83,
            "debt_ratio": 10.06,
            "inventory_turnover_ratio": 1.58,
            "account_receivable_turnover_ratio": 1.21,
            "reinvestment_rate": 611.48,
            "research_to_sale_ratio": 3.41,
            "price_fair": 1.14,
            "eps_avg_yearly": 0.38,
            "eps_latest_yearly": 0.4,
            "eps_growth_yearly": -111.11
        },
        "20131": {
            "year_quarter": 20131,
            "year": 2013,
            "quarter": 1,
            "eps": 0.08,
            "eps_growth_year": null,
            "eps_4q": 0.54,
            "eps_4q_growth_year": null,
            "roe": 0.45,
            "roe_4q": 3.4299999999999997,
            "gross_profit": 82183,
            "gross_margin": 20.92,
            "gross_margin_4q_avg": 22.74,
            "net_income": 12196,
            "net_income_4q": null,
            "revenue": 392839,
            "revenue_4q": null,
            "common_shares": 1824799,
            "book_valuer_per_share": 14.93,
            "book_valuer_per_share_4q_avg": 14.65,
            "equity": 2746727,
            "current_ratio": 693.64,
            "debt_ratio": 10.5,
            "inventory_turnover_ratio": 1.17,
            "account_receivable_turnover_ratio": 0.85,
            "reinvestment_rate": 398.15,
            "research_to_sale_ratio": 3.58,
            "price_fair": 1.08,
            "eps_avg_yearly": 0.36,
            "eps_latest_yearly": 0.32,
            "eps_growth_yearly": -100.74
        },
        "20132": {
            "year_quarter": 20132,
            "year": 2013,
            "quarter": 2,
            "eps": 0.09,
            "eps_growth_year": -66.96,
            "eps_4q": 0.36,
            "eps_4q_growth_year": null,
            "roe": 0.53,
            "roe_4q": 2.07,
            "gross_profit": 127099,
            "gross_margin": 22.95,
            "gross_margin_4q_avg": 22.73,
            "net_income": 14675,
            "net_income_4q": null,
            "revenue": 553830,
            "revenue_4q": null,
            "common_shares": 1824799,
            "book_valuer_per_share": 15.04,
            "book_valuer_per_share_4q_avg": 14.8,
            "equity": 2765700,
            "current_ratio": 575.6,
            "debt_ratio": 12.98,
            "inventory_turnover_ratio": 1.62,
            "account_receivable_turnover_ratio": 1.12,
            "reinvestment_rate": 249.95,
            "research_to_sale_ratio": 2.76,
            "price_fair": 1.08,
            "eps_avg_yearly": 0.36,
            "eps_latest_yearly": 0.36,
            "eps_growth_yearly": -63.06
        },
        "20133": {
            "year_quarter": 20133,
            "year": 2013,
            "quarter": 3,
            "eps": 0.26,
            "eps_growth_year": 180.26,
            "eps_4q": 0.52,
            "eps_4q_growth_year": 803.28,
            "roe": 1.67,
            "roe_4q": 3.1400000000000006,
            "gross_profit": 128143,
            "gross_margin": 22.58,
            "gross_margin_4q_avg": 22.14,
            "net_income": 46350,
            "net_income_4q": null,
            "revenue": 567610,
            "revenue_4q": null,
            "common_shares": 1824799,
            "book_valuer_per_share": 15.2,
            "book_valuer_per_share_4q_avg": 14.96,
            "equity": 2793871,
            "current_ratio": 620.37,
            "debt_ratio": 12.34,
            "inventory_turnover_ratio": 1.66,
            "account_receivable_turnover_ratio": 0.95,
            "reinvestment_rate": 170.26,
            "research_to_sale_ratio": 2.31,
            "price_fair": 17.36,
            "eps_avg_yearly": 0.5,
            "eps_latest_yearly": 1.04,
            "eps_growth_yearly": 100.67
        },
        "20134": {
            "year_quarter": 20134,
            "year": 2013,
            "quarter": 4,
            "eps": 0.11,
            "eps_growth_year": 20.02,
            "eps_4q": 0.54,
            "eps_4q_growth_year": 237.79,
            "roe": 0.68,
            "roe_4q": 3.33,
            "gross_profit": 119782,
            "gross_margin": 20.45,
            "gross_margin_4q_avg": 21.73,
            "net_income": 19083,
            "net_income_4q": null,
            "revenue": 585643,
            "revenue_4q": null,
            "common_shares": 1824799,
            "book_valuer_per_share": 15.38,
            "book_valuer_per_share_4q_avg": 15.14,
            "equity": 2824785,
            "current_ratio": 622.75,
            "debt_ratio": 12.9,
            "inventory_turnover_ratio": 1.75,
            "account_receivable_turnover_ratio": 0.91,
            "reinvestment_rate": 91.15,
            "research_to_sale_ratio": 1.53,
            "price_fair": 17.03,
            "eps_avg_yearly": 0.49,
            "eps_latest_yearly": 0.44,
            "eps_growth_yearly": 45.43
        },
        "20141": {
            "year_quarter": 20141,
            "year": 2014,
            "quarter": 1,
            "eps": -0.52,
            "eps_growth_year": -750,
            "eps_4q": -0.05,
            "eps_4q_growth_year": -110.12,
            "roe": -3.46,
            "roe_4q": -0.5799999999999998,
            "gross_profit": 50806,
            "gross_margin": 12.15,
            "gross_margin_4q_avg": 19.53,
            "net_income": -96275,
            "net_income_4q": null,
            "revenue": 418079,
            "revenue_4q": null,
            "common_shares": 1824799,
            "book_valuer_per_share": 14.89,
            "book_valuer_per_share_4q_avg": 15.13,
            "equity": 2734187,
            "current_ratio": 545.85,
            "debt_ratio": 14.47,
            "inventory_turnover_ratio": 1.42,
            "account_receivable_turnover_ratio": 0.71,
            "reinvestment_rate": 220.72,
            "research_to_sale_ratio": 2.78,
            "price_fair": 17.03,
            "eps_avg_yearly": 0.49,
            "eps_latest_yearly": 0.44,
            "eps_growth_yearly": 45.43
        },
        "20142": {
            "year_quarter": 20142,
            "year": 2014,
            "quarter": 2,
            "eps": -0.07,
            "eps_growth_year": -177.78,
            "eps_4q": -0.22,
            "eps_4q_growth_year": -160.28,
            "roe": -0.51,
            "roe_4q": -1.6199999999999997,
            "gross_profit": 100270,
            "gross_margin": 19.27,
            "gross_margin_4q_avg": 18.61,
            "net_income": -13818,
            "net_income_4q": null,
            "revenue": 520288,
            "revenue_4q": null,
            "common_shares": 1824799,
            "book_valuer_per_share": 14.77,
            "book_valuer_per_share_4q_avg": 15.06,
            "equity": 2711395,
            "current_ratio": 516.61,
            "debt_ratio": 15.28,
            "inventory_turnover_ratio": 1.56,
            "account_receivable_turnover_ratio": 1,
            "reinvestment_rate": 163.64,
            "research_to_sale_ratio": 2.86,
            "price_fair": 17.03,
            "eps_avg_yearly": 0.49,
            "eps_latest_yearly": 0.44,
            "eps_growth_yearly": 45.43
        },
        "20143": {
            "year_quarter": 20143,
            "year": 2014,
            "quarter": 3,
            "eps": 0.37,
            "eps_growth_year": 42.31,
            "eps_4q": -0.11,
            "eps_4q_growth_year": -120.5,
            "roe": 2.41,
            "roe_4q": -0.8799999999999998,
            "gross_profit": 98764,
            "gross_margin": 19.11,
            "gross_margin_4q_avg": 17.75,
            "net_income": 66241,
            "net_income_4q": null,
            "revenue": 516875,
            "revenue_4q": null,
            "common_shares": 1824799,
            "book_valuer_per_share": 15.23,
            "book_valuer_per_share_4q_avg": 15.07,
            "equity": 2793297,
            "current_ratio": 561.82,
            "debt_ratio": 14.31,
            "inventory_turnover_ratio": 1.5,
            "account_receivable_turnover_ratio": 1,
            "reinvestment_rate": 31.16,
            "research_to_sale_ratio": 2.47,
            "price_fair": 17.03,
            "eps_avg_yearly": 0.49,
            "eps_latest_yearly": 0.44,
            "eps_growth_yearly": 45.43
        },
        "20144": {
            "year_quarter": 20144,
            "year": 2014,
            "quarter": 4,
            "eps": 0.16,
            "eps_growth_year": 38.86,
            "eps_4q": -0.06,
            "eps_4q_growth_year": -111.6,
            "roe": 0.95,
            "roe_4q": -0.6099999999999994,
            "gross_profit": 87224,
            "gross_margin": 14.7,
            "gross_margin_4q_avg": 16.31,
            "net_income": 26965,
            "net_income_4q": null,
            "revenue": 593379,
            "revenue_4q": null,
            "common_shares": 1824799,
            "book_valuer_per_share": 15.59,
            "book_valuer_per_share_4q_avg": 15.12,
            "equity": 2857950,
            "current_ratio": 514.91,
            "debt_ratio": 15.67,
            "inventory_turnover_ratio": 1.88,
            "account_receivable_turnover_ratio": 1.04,
            "reinvestment_rate": 60.8,
            "research_to_sale_ratio": 2.44,
            "price_fair": 8.39,
            "eps_avg_yearly": 0.51,
            "eps_latest_yearly": 0.64,
            "eps_growth_yearly": 6.51
        },
        "20151": {
            "year_quarter": 20151,
            "year": 2015,
            "quarter": 1,
            "eps": -0.1,
            "eps_growth_year": null,
            "eps_4q": 0.36,
            "eps_4q_growth_year": null,
            "roe": -0.71,
            "roe_4q": 2.1400000000000006,
            "gross_profit": 39947,
            "gross_margin": 9.89,
            "gross_margin_4q_avg": 15.74,
            "net_income": -20213,
            "net_income_4q": null,
            "revenue": 403800,
            "revenue_4q": null,
            "common_shares": 1824799,
            "book_valuer_per_share": 15.43,
            "book_valuer_per_share_4q_avg": 15.26,
            "equity": 2826674,
            "current_ratio": 678.37,
            "debt_ratio": 11.95,
            "inventory_turnover_ratio": 1.46,
            "account_receivable_turnover_ratio": 0.75,
            "reinvestment_rate": 48.37,
            "research_to_sale_ratio": 3.47,
            "price_fair": 8.39,
            "eps_avg_yearly": 0.51,
            "eps_latest_yearly": 0.64,
            "eps_growth_yearly": 6.51
        },
        "20152": {
            "year_quarter": 20152,
            "year": 2015,
            "quarter": 2,
            "eps": -0.09,
            "eps_growth_year": null,
            "eps_4q": 0.34,
            "eps_4q_growth_year": null,
            "roe": -0.55,
            "roe_4q": 2.1,
            "gross_profit": 29730,
            "gross_margin": 8.01,
            "gross_margin_4q_avg": 12.93,
            "net_income": -15492,
            "net_income_4q": null,
            "revenue": 371211,
            "revenue_4q": null,
            "common_shares": 1824799,
            "book_valuer_per_share": 15.26,
            "book_valuer_per_share_4q_avg": 15.38,
            "equity": 2795617,
            "current_ratio": 707.38,
            "debt_ratio": 11.43,
            "inventory_turnover_ratio": 1.48,
            "account_receivable_turnover_ratio": 0.85,
            "reinvestment_rate": -27.14,
            "research_to_sale_ratio": 3.64,
            "price_fair": 8.39,
            "eps_avg_yearly": 0.51,
            "eps_latest_yearly": 0.64,
            "eps_growth_yearly": 6.51
        },
        "20153": {
            "year_quarter": 20153,
            "year": 2015,
            "quarter": 3,
            "eps": -0.09,
            "eps_growth_year": -124.32,
            "eps_4q": -0.12,
            "eps_4q_growth_year": null,
            "roe": -0.62,
            "roe_4q": -0.9299999999999999,
            "gross_profit": 61386,
            "gross_margin": 12.79,
            "gross_margin_4q_avg": 11.35,
            "net_income": -17306,
            "net_income_4q": null,
            "revenue": 479968,
            "revenue_4q": null,
            "common_shares": 1824799,
            "book_valuer_per_share": 15.39,
            "book_valuer_per_share_4q_avg": 15.42,
            "equity": 2818396,
            "current_ratio": 642.54,
            "debt_ratio": 12.82,
            "inventory_turnover_ratio": 1.86,
            "account_receivable_turnover_ratio": 1.09,
            "reinvestment_rate": -55.2,
            "research_to_sale_ratio": 2.28,
            "price_fair": 8.39,
            "eps_avg_yearly": 0.51,
            "eps_latest_yearly": 0.64,
            "eps_growth_yearly": 6.51
        },
        "20154": {
            "year_quarter": 20154,
            "year": 2015,
            "quarter": 4,
            "eps": -0.03,
            "eps_growth_year": -120.87,
            "eps_4q": -0.31,
            "eps_4q_growth_year": null,
            "roe": -0.32,
            "roe_4q": -2.2,
            "gross_profit": 96429,
            "gross_margin": 18.17,
            "gross_margin_4q_avg": 12.22,
            "net_income": -8961,
            "net_income_4q": null,
            "revenue": 530744,
            "revenue_4q": null,
            "common_shares": 1824799,
            "book_valuer_per_share": 15,
            "book_valuer_per_share_4q_avg": 15.27,
            "equity": 2744684,
            "current_ratio": 738.02,
            "debt_ratio": 10.96,
            "inventory_turnover_ratio": 1.92,
            "account_receivable_turnover_ratio": 1.09,
            "reinvestment_rate": -151.6,
            "research_to_sale_ratio": 2.05,
            "price_fair": 8.39,
            "eps_avg_yearly": 0.51,
            "eps_latest_yearly": 0.64,
            "eps_growth_yearly": 6.51
        },
        "20161": {
            "year_quarter": 20161,
            "year": 2016,
            "quarter": 1,
            "eps": -0.28,
            "eps_growth_year": null,
            "eps_4q": -0.49,
            "eps_4q_growth_year": -236.07,
            "roe": -1.88,
            "roe_4q": -3.37,
            "gross_profit": 33984,
            "gross_margin": 8.33,
            "gross_margin_4q_avg": 11.83,
            "net_income": -51530,
            "net_income_4q": null,
            "revenue": 407971,
            "revenue_4q": null,
            "common_shares": 1824799,
            "book_valuer_per_share": 14.65,
            "book_valuer_per_share_4q_avg": 15.08,
            "equity": 2728416,
            "current_ratio": 764.57,
            "debt_ratio": 11.15,
            "inventory_turnover_ratio": 1.47,
            "account_receivable_turnover_ratio": 0.86,
            "reinvestment_rate": -231.77,
            "research_to_sale_ratio": 1.32,
            "price_fair": 8.39,
            "eps_avg_yearly": 0.51,
            "eps_latest_yearly": 0.64,
            "eps_growth_yearly": 6.51
        },
        "20162": {
            "year_quarter": 20162,
            "year": 2016,
            "quarter": 2,
            "eps": 1.45,
            "eps_growth_year": null,
            "eps_4q": 1.06,
            "eps_4q_growth_year": 210.95,
            "roe": 9.25,
            "roe_4q": 6.43,
            "gross_profit": 42597,
            "gross_margin": 8.36,
            "gross_margin_4q_avg": 11.91,
            "net_income": 262970,
            "net_income_4q": null,
            "revenue": 509697,
            "revenue_4q": null,
            "common_shares": 1824799,
            "book_valuer_per_share": 15.9,
            "book_valuer_per_share_4q_avg": 15.24,
            "equity": 2955139,
            "current_ratio": 855.87,
            "debt_ratio": 10.2,
            "inventory_turnover_ratio": 1.65,
            "account_receivable_turnover_ratio": 1.15,
            "reinvestment_rate": -97.18,
            "research_to_sale_ratio": 1.19,
            "price_fair": 8.39,
            "eps_avg_yearly": 0.51,
            "eps_latest_yearly": 0.64,
            "eps_growth_yearly": 6.51
        },
        "20163": {
            "year_quarter": 20163,
            "year": 2016,
            "quarter": 3,
            "eps": -0.07,
            "eps_growth_year": null,
            "eps_4q": 1.07,
            "eps_4q_growth_year": null,
            "roe": -0.51,
            "roe_4q": 6.54,
            "gross_profit": 73613,
            "gross_margin": 12.51,
            "gross_margin_4q_avg": 11.84,
            "net_income": -15104,
            "net_income_4q": null,
            "revenue": 588264,
            "revenue_4q": null,
            "common_shares": 1824799,
            "book_valuer_per_share": 15.67,
            "book_valuer_per_share_4q_avg": 15.31,
            "equity": 2911096,
            "current_ratio": 731.83,
            "debt_ratio": 11.74,
            "inventory_turnover_ratio": 1.92,
            "account_receivable_turnover_ratio": 1.16,
            "reinvestment_rate": -101.34,
            "research_to_sale_ratio": 1.1,
            "price_fair": 18.67,
            "eps_avg_yearly": 0.53,
            "eps_latest_yearly": 0.64,
            "eps_growth_yearly": 52.03
        },
        "20164": {
            "year_quarter": 20164,
            "year": 2016,
            "quarter": 4,
            "eps": 0.07,
            "eps_growth_year": null,
            "eps_4q": 1.17,
            "eps_4q_growth_year": null,
            "roe": 0.57,
            "roe_4q": 7.430000000000001,
            "gross_profit": 61476,
            "gross_margin": 9.21,
            "gross_margin_4q_avg": 9.6,
            "net_income": 16567,
            "net_income_4q": null,
            "revenue": 667175,
            "revenue_4q": null,
            "common_shares": 1824799,
            "book_valuer_per_share": 15.6,
            "book_valuer_per_share_4q_avg": 15.46,
            "equity": 2907527,
            "current_ratio": 568,
            "debt_ratio": 15.33,
            "inventory_turnover_ratio": 2.29,
            "account_receivable_turnover_ratio": 1.08,
            "reinvestment_rate": -99.56,
            "research_to_sale_ratio": 0.87,
            "price_fair": 19.6,
            "eps_avg_yearly": 0.56,
            "eps_latest_yearly": 0.64,
            "eps_growth_yearly": 53.55
        },
        "20171": {
            "year_quarter": 20171,
            "year": 2017,
            "quarter": 1,
            "eps": -0.55,
            "eps_growth_year": null,
            "eps_4q": 0.9,
            "eps_4q_growth_year": null,
            "roe": -3.78,
            "roe_4q": 5.53,
            "gross_profit": 23139,
            "gross_margin": 4.79,
            "gross_margin_4q_avg": 8.72,
            "net_income": -107237,
            "net_income_4q": null,
            "revenue": 482682,
            "revenue_4q": null,
            "common_shares": 1824799,
            "book_valuer_per_share": 14.85,
            "book_valuer_per_share_4q_avg": 15.51,
            "equity": 2762846,
            "current_ratio": 622.35,
            "debt_ratio": 13.4,
            "inventory_turnover_ratio": 1.61,
            "account_receivable_turnover_ratio": 0.84,
            "reinvestment_rate": -253.58,
            "research_to_sale_ratio": 1.2,
            "price_fair": 21.7,
            "eps_avg_yearly": 0.62,
            "eps_latest_yearly": 0.64,
            "eps_growth_yearly": 86.94
        },
        "20172": {
            "year_quarter": 20172,
            "year": 2017,
            "quarter": 2,
            "eps": -0.29,
            "eps_growth_year": -120,
            "eps_4q": -0.84,
            "eps_4q_growth_year": -179.9,
            "roe": -1.76,
            "roe_4q": -5.4799999999999995,
            "gross_profit": 32997,
            "gross_margin": 5.88,
            "gross_margin_4q_avg": 8.1,
            "net_income": -48357,
            "net_income_4q": null,
            "revenue": 561179,
            "revenue_4q": null,
            "common_shares": 1824799,
            "book_valuer_per_share": 14.64,
            "book_valuer_per_share_4q_avg": 15.19,
            "equity": 2729121,
            "current_ratio": 533.9,
            "debt_ratio": 14.44,
            "inventory_turnover_ratio": 1.72,
            "account_receivable_turnover_ratio": 1.05,
            "reinvestment_rate": -381.7,
            "research_to_sale_ratio": 1.51,
            "price_fair": 24.73,
            "eps_avg_yearly": 0.71,
            "eps_latest_yearly": 0.64,
            "eps_growth_yearly": 99.25
        },
        "20173": {
            "year_quarter": 20173,
            "year": 2017,
            "quarter": 3,
            "eps": -0.33,
            "eps_growth_year": null,
            "eps_4q": -1.1,
            "eps_4q_growth_year": -202.57,
            "roe": -2.22,
            "roe_4q": -7.1899999999999995,
            "gross_profit": 17834,
            "gross_margin": 3.12,
            "gross_margin_4q_avg": 5.75,
            "net_income": -60009,
            "net_income_4q": null,
            "revenue": 571119,
            "revenue_4q": null,
            "common_shares": 1824799,
            "book_valuer_per_share": 14.34,
            "book_valuer_per_share_4q_avg": 14.86,
            "equity": 2668746,
            "current_ratio": 521.84,
            "debt_ratio": 14.4,
            "inventory_turnover_ratio": 1.79,
            "account_receivable_turnover_ratio": 0.95,
            "reinvestment_rate": null,
            "research_to_sale_ratio": 1.63,
            "price_fair": 1.62,
            "eps_avg_yearly": 0.54,
            "eps_latest_yearly": 0.64,
            "eps_growth_yearly": -228.9
        },
        "20174": {
            "year_quarter": 20174,
            "year": 2017,
            "quarter": 4,
            "eps": -0.17,
            "eps_growth_year": -346.6,
            "eps_4q": -1.34,
            "eps_4q_growth_year": -214.15,
            "roe": -1.24,
            "roe_4q": -9,
            "gross_profit": 59130,
            "gross_margin": 11.03,
            "gross_margin_4q_avg": 6.21,
            "net_income": -32886,
            "net_income_4q": null,
            "revenue": 536132,
            "revenue_4q": null,
            "common_shares": 1824799,
            "book_valuer_per_share": 14.19,
            "book_valuer_per_share_4q_avg": 14.51,
            "equity": 2638863,
            "current_ratio": 539.97,
            "debt_ratio": 13.52,
            "inventory_turnover_ratio": 1.72,
            "account_receivable_turnover_ratio": 0.88,
            "reinvestment_rate": null,
            "research_to_sale_ratio": 1.56,
            "price_fair": 1.92,
            "eps_avg_yearly": 0.64,
            "eps_latest_yearly": 0.64,
            "eps_growth_yearly": -227.03
        },
        "20181": {
            "year_quarter": 20181,
            "year": 2018,
            "quarter": 1,
            "eps": -0.2,
            "eps_growth_year": null,
            "eps_4q": -0.99,
            "eps_4q_growth_year": -210.48,
            "roe": -1.49,
            "roe_4q": -6.71,
            "gross_profit": 43780,
            "gross_margin": 9.27,
            "gross_margin_4q_avg": 7.33,
            "net_income": -39450,
            "net_income_4q": null,
            "revenue": 472087,
            "revenue_4q": null,
            "common_shares": 1824799,
            "book_valuer_per_share": 14.35,
            "book_valuer_per_share_4q_avg": 14.38,
            "equity": 2666444,
            "current_ratio": 642.79,
            "debt_ratio": 10.91,
            "inventory_turnover_ratio": 1.69,
            "account_receivable_turnover_ratio": 0.83,
            "reinvestment_rate": null,
            "research_to_sale_ratio": 1.76,
            "price_fair": 1.92,
            "eps_avg_yearly": 0.64,
            "eps_latest_yearly": 0.64,
            "eps_growth_yearly": -227.03
        },
        "20182": {
            "year_quarter": 20182,
            "year": 2018,
            "quarter": 2,
            "eps": 0.25,
            "eps_growth_year": null,
            "eps_4q": -0.46,
            "eps_4q_growth_year": null,
            "roe": 1.74,
            "roe_4q": -3.21,
            "gross_profit": 83134,
            "gross_margin": 16.42,
            "gross_margin_4q_avg": 9.96,
            "net_income": 46735,
            "net_income_4q": null,
            "revenue": 506302,
            "revenue_4q": null,
            "common_shares": 1824799,
            "book_valuer_per_share": 14.57,
            "book_valuer_per_share_4q_avg": 14.36,
            "equity": 2708067,
            "current_ratio": 636.25,
            "debt_ratio": 10.73,
            "inventory_turnover_ratio": 1.7,
            "account_receivable_turnover_ratio": 0.93,
            "reinvestment_rate": -277.1,
            "research_to_sale_ratio": 2.06,
            "price_fair": 1.92,
            "eps_avg_yearly": 0.64,
            "eps_latest_yearly": 0.64,
            "eps_growth_yearly": -227.03
        },
        "20183": {
            "year_quarter": 20183,
            "year": 2018,
            "quarter": 3,
            "eps": 0.3,
            "eps_growth_year": null,
            "eps_4q": 0.17,
            "eps_4q_growth_year": null,
            "roe": 2.08,
            "roe_4q": 1.09,
            "gross_profit": 84207,
            "gross_margin": 18.86,
            "gross_margin_4q_avg": 13.9,
            "net_income": 56288,
            "net_income_4q": null,
            "revenue": 446424,
            "revenue_4q": null,
            "common_shares": 1824799,
            "book_valuer_per_share": 14.55,
            "book_valuer_per_share_4q_avg": 14.42,
            "equity": 2711325,
            "current_ratio": 815.47,
            "debt_ratio": 8.36,
            "inventory_turnover_ratio": 1.47,
            "account_receivable_turnover_ratio": 0.84,
            "reinvestment_rate": -1028.66,
            "research_to_sale_ratio": 2,
            "price_fair": 2.76,
            "eps_avg_yearly": 0.92,
            "eps_latest_yearly": 1.2,
            "eps_growth_yearly": -73.51
        },
        "20184": {
            "year_quarter": 20184,
            "year": 2018,
            "quarter": 4,
            "eps": 0.27,
            "eps_growth_year": null,
            "eps_4q": 0.61,
            "eps_4q_growth_year": null,
            "roe": 1.77,
            "roe_4q": 4.1,
            "gross_profit": 150931,
            "gross_margin": 31.42,
            "gross_margin_4q_avg": 18.99,
            "net_income": 48377,
            "net_income_4q": null,
            "revenue": 480413,
            "revenue_4q": null,
            "common_shares": 1824799,
            "book_valuer_per_share": 14.75,
            "book_valuer_per_share_4q_avg": 14.56,
            "equity": 2746801,
            "current_ratio": 696.79,
            "debt_ratio": 9.74,
            "inventory_turnover_ratio": 1.39,
            "account_receivable_turnover_ratio": 0.9,
            "reinvestment_rate": -45.19,
            "research_to_sale_ratio": 1.92,
            "price_fair": 34.2,
            "eps_avg_yearly": 1.14,
            "eps_latest_yearly": 1.08,
            "eps_growth_yearly": 20
        },
        "20191": {
            "year_quarter": 20191,
            "year": 2019,
            "quarter": 1,
            "eps": 0.35,
            "eps_growth_year": null,
            "eps_4q": 1.17,
            "eps_4q_growth_year": null,
            "roe": 2.27,
            "roe_4q": 7.86,
            "gross_profit": 126862,
            "gross_margin": 29.79,
            "gross_margin_4q_avg": 24.12,
            "net_income": 63390,
            "net_income_4q": null,
            "revenue": 425791,
            "revenue_4q": null,
            "common_shares": 1824799,
            "book_valuer_per_share": 15.26,
            "book_valuer_per_share_4q_avg": 14.78,
            "equity": 2839576,
            "current_ratio": 646.22,
            "debt_ratio": 10.65,
            "inventory_turnover_ratio": 1.2,
            "account_receivable_turnover_ratio": 0.79,
            "reinvestment_rate": 102.68,
            "research_to_sale_ratio": 2.8,
            "price_fair": 42.93,
            "eps_avg_yearly": 1.23,
            "eps_latest_yearly": 1.4,
            "eps_growth_yearly": 52.84
        },
        "20192": {
            "year_quarter": 20192,
            "year": 2019,
            "quarter": 2,
            "eps": 0.36,
            "eps_growth_year": 44,
            "eps_4q": 1.28,
            "eps_4q_growth_year": null,
            "roe": 2.32,
            "roe_4q": 8.44,
            "gross_profit": 140736,
            "gross_margin": 26.89,
            "gross_margin_4q_avg": 26.74,
            "net_income": 66570,
            "net_income_4q": null,
            "revenue": 523297,
            "revenue_4q": null,
            "common_shares": 1824799,
            "book_valuer_per_share": 15.55,
            "book_valuer_per_share_4q_avg": 15.03,
            "equity": 2893562,
            "current_ratio": 550.88,
            "debt_ratio": 11.81,
            "inventory_turnover_ratio": 1.43,
            "account_receivable_turnover_ratio": 0.96,
            "reinvestment_rate": 118.95,
            "research_to_sale_ratio": 2.02,
            "price_fair": 44.8,
            "eps_avg_yearly": 1.28,
            "eps_latest_yearly": 1.44,
            "eps_growth_yearly": 42.49
        },
        "20193": {
            "year_quarter": 20193,
            "year": 2019,
            "quarter": 3,
            "eps": 0.36,
            "eps_growth_year": 20,
            "eps_4q": 1.34,
            "eps_4q_growth_year": 684.38,
            "roe": 2.34,
            "roe_4q": 8.7,
            "gross_profit": 145628,
            "gross_margin": 24.24,
            "gross_margin_4q_avg": 28.09,
            "net_income": 68118,
            "net_income_4q": null,
            "revenue": 600803,
            "revenue_4q": null,
            "common_shares": 1824799,
            "book_valuer_per_share": 15.7,
            "book_valuer_per_share_4q_avg": 15.32,
            "equity": 2921910,
            "current_ratio": 425.64,
            "debt_ratio": 16.58,
            "inventory_turnover_ratio": 1.7,
            "account_receivable_turnover_ratio": 0.97,
            "reinvestment_rate": 112.43,
            "research_to_sale_ratio": 1.78,
            "price_fair": 45.92,
            "eps_avg_yearly": 1.31,
            "eps_latest_yearly": 1.44,
            "eps_growth_yearly": 33.99
        },
        "20194": {
            "year_quarter": 20194,
            "year": 2019,
            "quarter": 4,
            "eps": 0.15,
            "eps_growth_year": -44.79,
            "eps_4q": 1.22,
            "eps_4q_growth_year": 99.98,
            "roe": 0.93,
            "roe_4q": 7.859999999999999,
            "gross_profit": 144323,
            "gross_margin": 20.74,
            "gross_margin_4q_avg": 25.42,
            "net_income": 27244,
            "net_income_4q": null,
            "revenue": 695792,
            "revenue_4q": null,
            "common_shares": 1824799,
            "book_valuer_per_share": 15.86,
            "book_valuer_per_share_4q_avg": 15.59,
            "equity": 2951914,
            "current_ratio": 261.64,
            "debt_ratio": 23.48,
            "inventory_turnover_ratio": 1.83,
            "account_receivable_turnover_ratio": 0.94,
            "reinvestment_rate": 226.95,
            "research_to_sale_ratio": 1.51,
            "price_fair": 3.58,
            "eps_avg_yearly": 1.19,
            "eps_latest_yearly": 0.6,
            "eps_growth_yearly": -10.56
        },
        "20201": {
            "year_quarter": 20201,
            "year": 2020,
            "quarter": 1,
            "eps": 0.05,
            "eps_growth_year": -85.71,
            "eps_4q": 0.92,
            "eps_4q_growth_year": -21.45,
            "roe": 0.32,
            "roe_4q": 5.91,
            "gross_profit": 73919,
            "gross_margin": 16.31,
            "gross_margin_4q_avg": 22.05,
            "net_income": 9529,
            "net_income_4q": null,
            "revenue": 453187,
            "revenue_4q": null,
            "common_shares": 1824799,
            "book_valuer_per_share": 15.78,
            "book_valuer_per_share_4q_avg": 15.72,
            "equity": 2938441,
            "current_ratio": 244.94,
            "debt_ratio": 25.16,
            "inventory_turnover_ratio": 1.17,
            "account_receivable_turnover_ratio": 0.64,
            "reinvestment_rate": 225.29,
            "research_to_sale_ratio": 2.05,
            "price_fair": 3.15,
            "eps_avg_yearly": 1.05,
            "eps_latest_yearly": 0.2,
            "eps_growth_yearly": -47.15
        },
        "20202": {
            "year_quarter": 20202,
            "year": 2020,
            "quarter": 2,
            "eps": 0.58,
            "eps_growth_year": 61.11,
            "eps_4q": 1.14,
            "eps_4q_growth_year": -10.89,
            "roe": 3.6,
            "roe_4q": 7.1899999999999995,
            "gross_profit": 226037,
            "gross_margin": 29.07,
            "gross_margin_4q_avg": 22.59,
            "net_income": 107546,
            "net_income_4q": null,
            "revenue": 777616,
            "revenue_4q": null,
            "common_shares": 1824799,
            "book_valuer_per_share": 16.27,
            "book_valuer_per_share_4q_avg": 15.9,
            "equity": 3028661,
            "current_ratio": 229.06,
            "debt_ratio": 26.45,
            "inventory_turnover_ratio": 1.69,
            "account_receivable_turnover_ratio": 1.06,
            "reinvestment_rate": 503.47,
            "research_to_sale_ratio": 1.16,
            "price_fair": 42.35,
            "eps_avg_yearly": 1.21,
            "eps_latest_yearly": 2.32,
            "eps_growth_yearly": 488.74
        },
        "20203": {
            "year_quarter": 20203,
            "year": 2020,
            "quarter": 3,
            "eps": 0.68,
            "eps_growth_year": 88.89,
            "eps_4q": 1.46,
            "eps_4q_growth_year": 8.54,
            "roe": 4.01,
            "roe_4q": 8.86,
            "gross_profit": 215548,
            "gross_margin": 28.95,
            "gross_margin_4q_avg": 23.77,
            "net_income": 124224,
            "net_income_4q": null,
            "revenue": 744559,
            "revenue_4q": null,
            "common_shares": 1824799,
            "book_valuer_per_share": 17.04,
            "book_valuer_per_share_4q_avg": 16.24,
            "equity": 3170635,
            "current_ratio": 217.47,
            "debt_ratio": 26.13,
            "inventory_turnover_ratio": 1.61,
            "account_receivable_turnover_ratio": 0.83,
            "reinvestment_rate": 350.97,
            "research_to_sale_ratio": 1.69,
            "price_fair": 48.22,
            "eps_avg_yearly": 1.38,
            "eps_latest_yearly": 2.72,
            "eps_growth_yearly": 442.1
        },
        "20204": {
            "year_quarter": 20204,
            "year": 2020,
            "quarter": 4,
            "eps": 0.2,
            "eps_growth_year": 31.95,
            "eps_4q": 1.5,
            "eps_4q_growth_year": 23.09,
            "roe": 1.14,
            "roe_4q": 9.07,
            "gross_profit": 177499,
            "gross_margin": 25.24,
            "gross_margin_4q_avg": 24.89,
            "net_income": 36498,
            "net_income_4q": null,
            "revenue": 703118,
            "revenue_4q": null,
            "common_shares": 1824799,
            "book_valuer_per_share": 17.45,
            "book_valuer_per_share_4q_avg": 16.64,
            "equity": 3246176,
            "current_ratio": 202.91,
            "debt_ratio": 28.14,
            "inventory_turnover_ratio": 1.71,
            "account_receivable_turnover_ratio": 0.76,
            "reinvestment_rate": 372.55,
            "research_to_sale_ratio": 1.31,
            "price_fair": 46.2,
            "eps_avg_yearly": 1.32,
            "eps_latest_yearly": 0.8,
            "eps_growth_yearly": 369.66
        },
        "20211": {
            "year_quarter": 20211,
            "year": 2021,
            "quarter": 1,
            "eps": 0.37,
            "eps_growth_year": 640,
            "eps_4q": 1.82,
            "eps_4q_growth_year": 98.87,
            "roe": 1.95,
            "roe_4q": 10.7,
            "gross_profit": 164992,
            "gross_margin": 26.71,
            "gross_margin_4q_avg": 27.49,
            "net_income": 64259,
            "net_income_4q": null,
            "revenue": 617783,
            "revenue_4q": null,
            "common_shares": 1824799,
            "book_valuer_per_share": 17.94,
            "book_valuer_per_share_4q_avg": 17.18,
            "equity": 3331675,
            "current_ratio": 201.04,
            "debt_ratio": 26.47,
            "inventory_turnover_ratio": 1.45,
            "account_receivable_turnover_ratio": 0.71,
            "reinvestment_rate": 251.53,
            "research_to_sale_ratio": 1.83,
            "price_fair": 46.71,
            "eps_avg_yearly": 1.33,
            "eps_latest_yearly": 1.48,
            "eps_growth_yearly": 366.96
        },
        "20212": {
            "year_quarter": 20212,
            "year": 2021,
            "quarter": 2,
            "eps": 0.56,
            "eps_growth_year": -3.45,
            "eps_4q": 1.8,
            "eps_4q_growth_year": 58.01,
            "roe": 3,
            "roe_4q": 10.1,
            "gross_profit": 172194,
            "gross_margin": 23.88,
            "gross_margin_4q_avg": 26.2,
            "net_income": 101252,
            "net_income_4q": null,
            "revenue": 721119,
            "revenue_4q": null,
            "common_shares": 1824799,
            "book_valuer_per_share": 18.41,
            "book_valuer_per_share_4q_avg": 17.71,
            "equity": 3416817,
            "current_ratio": 168.16,
            "debt_ratio": 28.88,
            "inventory_turnover_ratio": 1.53,
            "account_receivable_turnover_ratio": 0.84,
            "reinvestment_rate": 258.77,
            "research_to_sale_ratio": 1.7,
            "price_fair": 49.35,
            "eps_avg_yearly": 1.41,
            "eps_latest_yearly": 2.24,
            "eps_growth_yearly": 353.5
        },
        "20213": {
            "year_quarter": 20213,
            "year": 2021,
            "quarter": 3,
            "eps": 0.14,
            "eps_growth_year": -79.41,
            "eps_4q": 1.26,
            "eps_4q_growth_year": -13.63,
            "roe": 0.73,
            "roe_4q": 6.819999999999999,
            "gross_profit": 111671,
            "gross_margin": 18.98,
            "gross_margin_4q_avg": 23.7,
            "net_income": 24968,
            "net_income_4q": null,
            "revenue": 588247,
            "revenue_4q": null,
            "common_shares": 1824799,
            "book_valuer_per_share": 18.51,
            "book_valuer_per_share_4q_avg": 18.08,
            "equity": 3434958,
            "current_ratio": 166.46,
            "debt_ratio": 28.92,
            "inventory_turnover_ratio": 1.23,
            "account_receivable_turnover_ratio": 0.72,
            "reinvestment_rate": 231.54,
            "research_to_sale_ratio": 2.19,
            "price_fair": 47.06,
            "eps_avg_yearly": 1.34,
            "eps_latest_yearly": 0.56,
            "eps_growth_yearly": 303.23
        },
        "20214": {
            "year_quarter": 20214,
            "year": 2021,
            "quarter": 4,
            "eps": 0.22,
            "eps_growth_year": 15.21,
            "eps_4q": 1.29,
            "eps_4q_growth_year": -14.37,
            "roe": 1.16,
            "roe_4q": 6.84,
            "gross_profit": 129654,
            "gross_margin": 20.5,
            "gross_margin_4q_avg": 22.52,
            "net_income": 40267,
            "net_income_4q": null,
            "revenue": 632418,
            "revenue_4q": null,
            "common_shares": 1824799,
            "book_valuer_per_share": 18.81,
            "book_valuer_per_share_4q_avg": 18.42,
            "equity": 3490210,
            "current_ratio": 164.73,
            "debt_ratio": 28.52,
            "inventory_turnover_ratio": 1.25,
            "account_receivable_turnover_ratio": 0.83,
            "reinvestment_rate": 216.14,
            "research_to_sale_ratio": 1.71,
            "price_fair": 45.9,
            "eps_avg_yearly": 1.31,
            "eps_latest_yearly": 0.88,
            "eps_growth_yearly": 297.9
        },
        "20221": {
            "year_quarter": 20221,
            "year": 2022,
            "quarter": 1,
            "eps": 0.59,
            "eps_growth_year": 59.46,
            "eps_4q": 1.51,
            "eps_4q_growth_year": -17.2,
            "roe": 2.99,
            "roe_4q": 7.880000000000001,
            "gross_profit": 138507,
            "gross_margin": 21.7,
            "gross_margin_4q_avg": 21.27,
            "net_income": 106676,
            "net_income_4q": null,
            "revenue": 638267,
            "revenue_4q": null,
            "common_shares": 1824799,
            "book_valuer_per_share": 19.69,
            "book_valuer_per_share_4q_avg": 18.86,
            "equity": 3649745,
            "current_ratio": 166.87,
            "debt_ratio": 28.64,
            "inventory_turnover_ratio": 1.11,
            "account_receivable_turnover_ratio": 0.76,
            "reinvestment_rate": 202.31,
            "research_to_sale_ratio": 1.18,
            "price_fair": 48.35,
            "eps_avg_yearly": 1.38,
            "eps_latest_yearly": 2.36,
            "eps_growth_yearly": 322.88
        },
        "20222": {
            "year_quarter": 20222,
            "year": 2022,
            "quarter": 2,
            "eps": -0.08,
            "eps_growth_year": -114.29,
            "eps_4q": 0.87,
            "eps_4q_growth_year": -51.5,
            "roe": -0.36,
            "roe_4q": 4.52,
            "gross_profit": 54724,
            "gross_margin": 10.85,
            "gross_margin_4q_avg": 18.01,
            "net_income": -13078,
            "net_income_4q": null,
            "revenue": 504494,
            "revenue_4q": null,
            "common_shares": 1824799,
            "book_valuer_per_share": 19.48,
            "book_valuer_per_share_4q_avg": 19.12,
            "equity": 3613113,
            "current_ratio": 161.14,
            "debt_ratio": 29.63,
            "inventory_turnover_ratio": 0.98,
            "account_receivable_turnover_ratio": 0.62,
            "reinvestment_rate": 207.3,
            "research_to_sale_ratio": 1.66,
            "price_fair": 48.35,
            "eps_avg_yearly": 1.38,
            "eps_latest_yearly": 2.36,
            "eps_growth_yearly": 322.88
        },
        "20223": {
            "year_quarter": 20223,
            "year": 2022,
            "quarter": 3,
            "eps": 0.21,
            "eps_growth_year": 50,
            "eps_4q": 0.94,
            "eps_4q_growth_year": -25.15,
            "roe": 1.05,
            "roe_4q": 4.84,
            "gross_profit": 25692,
            "gross_margin": 4.81,
            "gross_margin_4q_avg": 14.47,
            "net_income": 38177,
            "net_income_4q": null,
            "revenue": 534325,
            "revenue_4q": null,
            "common_shares": 1824799,
            "book_valuer_per_share": 19.82,
            "book_valuer_per_share_4q_avg": 19.45,
            "equity": 3674928,
            "current_ratio": 173.7,
            "debt_ratio": 31.91,
            "inventory_turnover_ratio": 1.23,
            "account_receivable_turnover_ratio": 0.76,
            "reinvestment_rate": 215.13,
            "research_to_sale_ratio": 1.55,
            "price_fair": 48.8,
            "eps_avg_yearly": 1.39,
            "eps_latest_yearly": 2.36,
            "eps_growth_yearly": 340.23
        },
        "20224": {
            "year_quarter": 20224,
            "year": 2022,
            "quarter": 4,
            "eps": -0.25,
            "eps_growth_year": -211.65,
            "eps_4q": 0.46,
            "eps_4q_growth_year": -63.88,
            "roe": -1.27,
            "roe_4q": 2.41,
            "gross_profit": 35636,
            "gross_margin": 8.58,
            "gross_margin_4q_avg": 11.49,
            "net_income": -46213,
            "net_income_4q": null,
            "revenue": 415401,
            "revenue_4q": null,
            "common_shares": 1824799,
            "book_valuer_per_share": 19.44,
            "book_valuer_per_share_4q_avg": 19.61,
            "equity": 3605993,
            "current_ratio": 177.26,
            "debt_ratio": 30.23,
            "inventory_turnover_ratio": 0.94,
            "account_receivable_turnover_ratio": 0.67,
            "reinvestment_rate": 223.68,
            "research_to_sale_ratio": 1.88,
            "price_fair": 49.65,
            "eps_avg_yearly": 1.42,
            "eps_latest_yearly": 2.36,
            "eps_growth_yearly": 369.48
        },
        "20231": {
            "year_quarter": 20231,
            "year": 2023,
            "quarter": 1,
            "eps": 0.04,
            "eps_growth_year": -93.22,
            "eps_4q": -0.08,
            "eps_4q_growth_year": -105.28,
            "roe": 0.2,
            "roe_4q": -0.38,
            "gross_profit": 66125,
            "gross_margin": 12.71,
            "gross_margin_4q_avg": 9.24,
            "net_income": 7402,
            "net_income_4q": null,
            "revenue": 520094,
            "revenue_4q": null,
            "common_shares": 1824799,
            "book_valuer_per_share": 19.52,
            "book_valuer_per_share_4q_avg": 19.57,
            "equity": 3618902,
            "current_ratio": 177.36,
            "debt_ratio": 29.52,
            "inventory_turnover_ratio": 1.11,
            "account_receivable_turnover_ratio": 0.89,
            "reinvestment_rate": 224.97,
            "research_to_sale_ratio": 1.69,
            "price_fair": 49.7,
            "eps_avg_yearly": 1.42,
            "eps_latest_yearly": 2.36,
            "eps_growth_yearly": 390.4
        },
        "20232": {
            "year_quarter": 20232,
            "year": 2023,
            "quarter": 2,
            "eps": -0.21,
            "eps_growth_year": null,
            "eps_4q": -0.21,
            "eps_4q_growth_year": -123.9,
            "roe": -1.04,
            "roe_4q": -1.0600000000000003,
            "gross_profit": 40125,
            "gross_margin": 8.31,
            "gross_margin_4q_avg": 8.6,
            "net_income": -37357,
            "net_income_4q": null,
            "revenue": 482589,
            "revenue_4q": null,
            "common_shares": 1824799,
            "book_valuer_per_share": 19.13,
            "book_valuer_per_share_4q_avg": 19.48,
            "equity": 3549220,
            "current_ratio": 178.32,
            "debt_ratio": 28.9,
            "inventory_turnover_ratio": 1.14,
            "account_receivable_turnover_ratio": 0.78,
            "reinvestment_rate": 238.23,
            "research_to_sale_ratio": 2.11,
            "price_fair": 49.64,
            "eps_avg_yearly": 1.42,
            "eps_latest_yearly": 2.36,
            "eps_growth_yearly": 424.85
        }
    },
    "months": {
        "2002-03": {
            "month": "2002-03",
            "price": "23.74",
            "revenue": 71140
        },
        "2002-04": {
            "month": "2002-04",
            "price": "24.70",
            "revenue": 69281
        },
        "2002-05": {
            "month": "2002-05",
            "price": "19.55",
            "revenue": 54858
        },
        "2002-06": {
            "month": "2002-06",
            "price": "16.05",
            "revenue": 49995
        },
        "2002-07": {
            "month": "2002-07",
            "price": "12.66",
            "revenue": 51319
        },
        "2002-08": {
            "month": "2002-08",
            "price": "11.23",
            "revenue": 57518
        },
        "2002-09": {
            "month": "2002-09",
            "price": "11.74",
            "revenue": 59754
        },
        "2002-10": {
            "month": "2002-10",
            "price": "12.78",
            "revenue": 66414
        },
        "2002-11": {
            "month": "2002-11",
            "price": "13.68",
            "revenue": 52260
        },
        "2002-12": {
            "month": "2002-12",
            "price": "13.59",
            "revenue": 58422
        },
        "2003-01": {
            "month": "2003-01",
            "price": "17.18",
            "revenue": 63086
        },
        "2003-02": {
            "month": "2003-02",
            "price": "19.59",
            "revenue": 65128
        },
        "2003-03": {
            "month": "2003-03",
            "price": "18.91",
            "revenue": 68743
        },
        "2003-04": {
            "month": "2003-04",
            "price": "18.05",
            "revenue": 85989
        },
        "2003-05": {
            "month": "2003-05",
            "price": "17.87",
            "revenue": 76077
        },
        "2003-06": {
            "month": "2003-06",
            "price": "18.94",
            "revenue": 64604
        },
        "2003-07": {
            "month": "2003-07",
            "price": "18.17",
            "revenue": 71371
        },
        "2003-08": {
            "month": "2003-08",
            "price": "18.33",
            "revenue": 70056
        },
        "2003-09": {
            "month": "2003-09",
            "price": "21.14",
            "revenue": 106853
        },
        "2003-10": {
            "month": "2003-10",
            "price": "27.07",
            "revenue": 105239
        },
        "2003-11": {
            "month": "2003-11",
            "price": "29.88",
            "revenue": 108252
        },
        "2003-12": {
            "month": "2003-12",
            "price": "32.98",
            "revenue": 102250
        },
        "2004-01": {
            "month": "2004-01",
            "price": "35.64",
            "revenue": 64307
        },
        "2004-02": {
            "month": "2004-02",
            "price": "41.44",
            "revenue": 119492
        },
        "2004-03": {
            "month": "2004-03",
            "price": "42.30",
            "revenue": 145501
        },
        "2004-04": {
            "month": "2004-04",
            "price": "43.12",
            "revenue": 100519
        },
        "2004-05": {
            "month": "2004-05",
            "price": "36.52",
            "revenue": 124697
        },
        "2004-06": {
            "month": "2004-06",
            "price": "36.57",
            "revenue": 145523
        },
        "2004-07": {
            "month": "2004-07",
            "price": "31.25",
            "revenue": 147214
        },
        "2004-08": {
            "month": "2004-08",
            "price": "26.19",
            "revenue": 178656
        },
        "2004-09": {
            "month": "2004-09",
            "price": "27.08",
            "revenue": 174437
        },
        "2004-10": {
            "month": "2004-10",
            "price": "27.20",
            "revenue": 203355
        },
        "2004-11": {
            "month": "2004-11",
            "price": "26.04",
            "revenue": 247113
        },
        "2004-12": {
            "month": "2004-12",
            "price": "32.28",
            "revenue": 249670
        },
        "2005-01": {
            "month": "2005-01",
            "price": "32.31",
            "revenue": 259954
        },
        "2005-02": {
            "month": "2005-02",
            "price": "45.27",
            "revenue": 179557
        },
        "2005-03": {
            "month": "2005-03",
            "price": "53.31",
            "revenue": 195444
        },
        "2005-04": {
            "month": "2005-04",
            "price": "45.85",
            "revenue": 166992
        },
        "2005-05": {
            "month": "2005-05",
            "price": "46.30",
            "revenue": 210178
        },
        "2005-06": {
            "month": "2005-06",
            "price": "50.91",
            "revenue": 219574
        },
        "2005-07": {
            "month": "2005-07",
            "price": "53.42",
            "revenue": 231456
        },
        "2005-08": {
            "month": "2005-08",
            "price": "56.60",
            "revenue": 250810
        },
        "2005-09": {
            "month": "2005-09",
            "price": "59.16",
            "revenue": 278229
        },
        "2005-10": {
            "month": "2005-10",
            "price": "50.97",
            "revenue": 203372
        },
        "2005-11": {
            "month": "2005-11",
            "price": "41.95",
            "revenue": 165405
        },
        "2005-12": {
            "month": "2005-12",
            "price": "42.75",
            "revenue": 161918
        },
        "2006-01": {
            "month": "2006-01",
            "price": "38.31",
            "revenue": 149763
        },
        "2006-02": {
            "month": "2006-02",
            "price": "32.98",
            "revenue": 130815
        },
        "2006-03": {
            "month": "2006-03",
            "price": "33.86",
            "revenue": 163949
        },
        "2006-04": {
            "month": "2006-04",
            "price": "35.89",
            "revenue": 118974
        },
        "2006-05": {
            "month": "2006-05",
            "price": "35.90",
            "revenue": 137374
        },
        "2006-06": {
            "month": "2006-06",
            "price": "30.83",
            "revenue": 127450
        },
        "2006-07": {
            "month": "2006-07",
            "price": "28.92",
            "revenue": 132327
        },
        "2006-08": {
            "month": "2006-08",
            "price": "25.95",
            "revenue": 187554
        },
        "2006-09": {
            "month": "2006-09",
            "price": "23.31",
            "revenue": 209227
        },
        "2006-10": {
            "month": "2006-10",
            "price": "27.02",
            "revenue": 221164
        },
        "2006-11": {
            "month": "2006-11",
            "price": "33.27",
            "revenue": 219223
        },
        "2006-12": {
            "month": "2006-12",
            "price": "34.08",
            "revenue": 128381
        },
        "2007-01": {
            "month": "2007-01",
            "price": "31.87",
            "revenue": 129520
        },
        "2007-02": {
            "month": "2007-02",
            "price": "32.87",
            "revenue": 98535
        },
        "2007-03": {
            "month": "2007-03",
            "price": "32.30",
            "revenue": 147406
        },
        "2007-04": {
            "month": "2007-04",
            "price": "37.38",
            "revenue": 190682
        },
        "2007-05": {
            "month": "2007-05",
            "price": "40.19",
            "revenue": 195499
        },
        "2007-06": {
            "month": "2007-06",
            "price": "44.93",
            "revenue": 176486
        },
        "2007-07": {
            "month": "2007-07",
            "price": "48.65",
            "revenue": 216782
        },
        "2007-08": {
            "month": "2007-08",
            "price": "45.64",
            "revenue": 252621
        },
        "2007-09": {
            "month": "2007-09",
            "price": "44.56",
            "revenue": 244562
        },
        "2007-10": {
            "month": "2007-10",
            "price": "40.00",
            "revenue": 203621
        },
        "2007-11": {
            "month": "2007-11",
            "price": "29.50",
            "revenue": 134616
        },
        "2007-12": {
            "month": "2007-12",
            "price": "27.83",
            "revenue": 79283
        },
        "2008-01": {
            "month": "2008-01",
            "price": "24.33",
            "revenue": 142516
        },
        "2008-02": {
            "month": "2008-02",
            "price": "24.64",
            "revenue": 103659
        },
        "2008-03": {
            "month": "2008-03",
            "price": "25.77",
            "revenue": 205533
        },
        "2008-04": {
            "month": "2008-04",
            "price": "30.33",
            "revenue": 190208
        },
        "2008-05": {
            "month": "2008-05",
            "price": "27.82",
            "revenue": 150472
        },
        "2008-06": {
            "month": "2008-06",
            "price": "25.32",
            "revenue": 134787
        },
        "2008-07": {
            "month": "2008-07",
            "price": "24.33",
            "revenue": 187627
        },
        "2008-08": {
            "month": "2008-08",
            "price": "19.75",
            "revenue": 189553
        },
        "2008-09": {
            "month": "2008-09",
            "price": "13.85",
            "revenue": 138565
        },
        "2008-10": {
            "month": "2008-10",
            "price": "10.85",
            "revenue": 137150
        },
        "2008-11": {
            "month": "2008-11",
            "price": "10.74",
            "revenue": 81320
        },
        "2008-12": {
            "month": "2008-12",
            "price": "9.70",
            "revenue": 40837
        },
        "2009-01": {
            "month": "2009-01",
            "price": "9.70",
            "revenue": 41032
        },
        "2009-02": {
            "month": "2009-02",
            "price": "9.79",
            "revenue": 84368
        },
        "2009-03": {
            "month": "2009-03",
            "price": "11.03",
            "revenue": 124384
        },
        "2009-04": {
            "month": "2009-04",
            "price": "12.23",
            "revenue": 90533
        },
        "2009-05": {
            "month": "2009-05",
            "price": "13.39",
            "revenue": 60849
        },
        "2009-06": {
            "month": "2009-06",
            "price": "11.51",
            "revenue": 69552
        },
        "2009-07": {
            "month": "2009-07",
            "price": "13.15",
            "revenue": 82529
        },
        "2009-08": {
            "month": "2009-08",
            "price": "15.91",
            "revenue": 95832
        },
        "2009-09": {
            "month": "2009-09",
            "price": "20.35",
            "revenue": 102948
        },
        "2009-10": {
            "month": "2009-10",
            "price": "27.30",
            "revenue": 131144
        },
        "2009-11": {
            "month": "2009-11",
            "price": "30.47",
            "revenue": 109302
        },
        "2009-12": {
            "month": "2009-12",
            "price": "32.20",
            "revenue": 74718
        },
        "2010-01": {
            "month": "2010-01",
            "price": "35.90",
            "revenue": 107967
        },
        "2010-02": {
            "month": "2010-02",
            "price": "34.01",
            "revenue": 72397
        },
        "2010-03": {
            "month": "2010-03",
            "price": "33.95",
            "revenue": 123372
        },
        "2010-04": {
            "month": "2010-04",
            "price": "45.19",
            "revenue": 161278
        },
        "2010-05": {
            "month": "2010-05",
            "price": "46.45",
            "revenue": 171561
        },
        "2010-06": {
            "month": "2010-06",
            "price": "44.12",
            "revenue": 157896
        },
        "2010-07": {
            "month": "2010-07",
            "price": "45.28",
            "revenue": 147718
        },
        "2010-08": {
            "month": "2010-08",
            "price": "45.07",
            "revenue": 121248
        },
        "2010-09": {
            "month": "2010-09",
            "price": "42.84",
            "revenue": 129204
        },
        "2010-10": {
            "month": "2010-10",
            "price": "41.56",
            "revenue": 139049
        },
        "2010-11": {
            "month": "2010-11",
            "price": "38.89",
            "revenue": 145041
        },
        "2010-12": {
            "month": "2010-12",
            "price": "41.49",
            "revenue": 111722
        },
        "2011-01": {
            "month": "2011-01",
            "price": "41.23",
            "revenue": 107485
        },
        "2011-02": {
            "month": "2011-02",
            "price": "40.77",
            "revenue": 96335
        },
        "2011-03": {
            "month": "2011-03",
            "price": "40.90",
            "revenue": 165157
        },
        "2011-04": {
            "month": "2011-04",
            "price": "41.12",
            "revenue": 220413
        },
        "2011-05": {
            "month": "2011-05",
            "price": "39.44",
            "revenue": 216581
        },
        "2011-06": {
            "month": "2011-06",
            "price": "39.90",
            "revenue": 167893
        },
        "2011-07": {
            "month": "2011-07",
            "price": "39.50",
            "revenue": 201156
        },
        "2011-08": {
            "month": "2011-08",
            "price": "36.67",
            "revenue": 184090
        },
        "2011-09": {
            "month": "2011-09",
            "price": "31.76",
            "revenue": 165077
        },
        "2011-10": {
            "month": "2011-10",
            "price": "30.82",
            "revenue": 227498
        },
        "2011-11": {
            "month": "2011-11",
            "price": "28.72",
            "revenue": 160269
        },
        "2011-12": {
            "month": "2011-12",
            "price": "26.67",
            "revenue": 187494
        },
        "2012-01": {
            "month": "2012-01",
            "price": "26.60",
            "revenue": 135001
        },
        "2012-02": {
            "month": "2012-02",
            "price": "28.63",
            "revenue": 135485
        },
        "2012-03": {
            "month": "2012-03",
            "price": "27.04",
            "revenue": 180733
        },
        "2012-04": {
            "month": "2012-04",
            "price": "25.32",
            "revenue": 221107
        },
        "2012-05": {
            "month": "2012-05",
            "price": "25.79",
            "revenue": 212228
        },
        "2012-06": {
            "month": "2012-06",
            "price": "24.49",
            "revenue": 176895
        },
        "2012-07": {
            "month": "2012-07",
            "price": "23.59",
            "revenue": 236201
        },
        "2012-08": {
            "month": "2012-08",
            "price": "23.04",
            "revenue": 166832
        },
        "2012-09": {
            "month": "2012-09",
            "price": "21.40",
            "revenue": 160297
        },
        "2012-10": {
            "month": "2012-10",
            "price": "20.07",
            "revenue": 217413
        },
        "2012-11": {
            "month": "2012-11",
            "price": "18.06",
            "revenue": 199438
        },
        "2012-12": {
            "month": "2012-12",
            "price": "27.51",
            "revenue": 192789
        },
        "2013-01": {
            "month": "2013-01",
            "price": "30.15",
            "revenue": 180753
        },
        "2013-02": {
            "month": "2013-02",
            "price": "28.83",
            "revenue": 84277
        },
        "2013-03": {
            "month": "2013-03",
            "price": "28.66",
            "revenue": 129432
        },
        "2013-04": {
            "month": "2013-04",
            "price": "28.04",
            "revenue": 184022
        },
        "2013-05": {
            "month": "2013-05",
            "price": "27.16",
            "revenue": 209520
        },
        "2013-06": {
            "month": "2013-06",
            "price": "24.09",
            "revenue": 161407
        },
        "2013-07": {
            "month": "2013-07",
            "price": "22.01",
            "revenue": 231751
        },
        "2013-08": {
            "month": "2013-08",
            "price": "21.91",
            "revenue": 183866
        },
        "2013-09": {
            "month": "2013-09",
            "price": "21.84",
            "revenue": 161250
        },
        "2013-10": {
            "month": "2013-10",
            "price": "22.08",
            "revenue": 184804
        },
        "2013-11": {
            "month": "2013-11",
            "price": "20.89",
            "revenue": 199110
        },
        "2013-12": {
            "month": "2013-12",
            "price": "20.99",
            "revenue": 206335
        },
        "2014-01": {
            "month": "2014-01",
            "price": "22.38",
            "revenue": 172704
        },
        "2014-02": {
            "month": "2014-02",
            "price": "24.62",
            "revenue": 93484
        },
        "2014-03": {
            "month": "2014-03",
            "price": "28.16",
            "revenue": 158305
        },
        "2014-04": {
            "month": "2014-04",
            "price": "27.50",
            "revenue": 217032
        },
        "2014-05": {
            "month": "2014-05",
            "price": "26.55",
            "revenue": 165579
        },
        "2014-06": {
            "month": "2014-06",
            "price": "26.18",
            "revenue": 141850
        },
        "2014-07": {
            "month": "2014-07",
            "price": "24.95",
            "revenue": 172820
        },
        "2014-08": {
            "month": "2014-08",
            "price": "23.75",
            "revenue": 172083
        },
        "2014-09": {
            "month": "2014-09",
            "price": "25.86",
            "revenue": 158689
        },
        "2014-10": {
            "month": "2014-10",
            "price": "27.02",
            "revenue": 188627
        },
        "2014-11": {
            "month": "2014-11",
            "price": "26.90",
            "revenue": 211275
        },
        "2014-12": {
            "month": "2014-12",
            "price": "27.93",
            "revenue": 192706
        },
        "2015-01": {
            "month": "2015-01",
            "price": "26.06",
            "revenue": 195212
        },
        "2015-02": {
            "month": "2015-02",
            "price": "23.92",
            "revenue": 82750
        },
        "2015-03": {
            "month": "2015-03",
            "price": "25.06",
            "revenue": 128039
        },
        "2015-04": {
            "month": "2015-04",
            "price": "25.00",
            "revenue": 147838
        },
        "2015-05": {
            "month": "2015-05",
            "price": "22.83",
            "revenue": 114182
        },
        "2015-06": {
            "month": "2015-06",
            "price": "24.00",
            "revenue": 111813
        },
        "2015-07": {
            "month": "2015-07",
            "price": "22.89",
            "revenue": 144999
        },
        "2015-08": {
            "month": "2015-08",
            "price": "22.57",
            "revenue": 162566
        },
        "2015-09": {
            "month": "2015-09",
            "price": "23.18",
            "revenue": 164015
        },
        "2015-10": {
            "month": "2015-10",
            "price": "23.52",
            "revenue": 182237
        },
        "2015-11": {
            "month": "2015-11",
            "price": "24.53",
            "revenue": 178206
        },
        "2015-12": {
            "month": "2015-12",
            "price": "25.56",
            "revenue": 167639
        },
        "2016-01": {
            "month": "2016-01",
            "price": "25.65",
            "revenue": 177192
        },
        "2016-02": {
            "month": "2016-02",
            "price": "24.63",
            "revenue": 77500
        },
        "2016-03": {
            "month": "2016-03",
            "price": "27.37",
            "revenue": 152747
        },
        "2016-04": {
            "month": "2016-04",
            "price": "26.70",
            "revenue": 178910
        },
        "2016-05": {
            "month": "2016-05",
            "price": "24.03",
            "revenue": 168714
        },
        "2016-06": {
            "month": "2016-06",
            "price": "21.96",
            "revenue": 162322
        },
        "2016-07": {
            "month": "2016-07",
            "price": "20.59",
            "revenue": 190480
        },
        "2016-08": {
            "month": "2016-08",
            "price": "31.02",
            "revenue": 199605
        },
        "2016-09": {
            "month": "2016-09",
            "price": "32.15",
            "revenue": 200032
        },
        "2016-10": {
            "month": "2016-10",
            "price": "31.41",
            "revenue": 185379
        },
        "2016-11": {
            "month": "2016-11",
            "price": "29.35",
            "revenue": 200855
        },
        "2016-12": {
            "month": "2016-12",
            "price": "28.75",
            "revenue": 281118
        },
        "2017-01": {
            "month": "2017-01",
            "price": "29.09",
            "revenue": 184553
        },
        "2017-02": {
            "month": "2017-02",
            "price": "28.12",
            "revenue": 131238
        },
        "2017-03": {
            "month": "2017-03",
            "price": "28.28",
            "revenue": 164399
        },
        "2017-04": {
            "month": "2017-04",
            "price": "29.71",
            "revenue": 148333
        },
        "2017-05": {
            "month": "2017-05",
            "price": "30.54",
            "revenue": 182145
        },
        "2017-06": {
            "month": "2017-06",
            "price": "28.40",
            "revenue": 242133
        },
        "2017-07": {
            "month": "2017-07",
            "price": "27.28",
            "revenue": 210407
        },
        "2017-08": {
            "month": "2017-08",
            "price": "26.48",
            "revenue": 191202
        },
        "2017-09": {
            "month": "2017-09",
            "price": "24.85",
            "revenue": 171102
        },
        "2017-10": {
            "month": "2017-10",
            "price": "25.02",
            "revenue": 167656
        },
        "2017-11": {
            "month": "2017-11",
            "price": "24.96",
            "revenue": 186715
        },
        "2017-12": {
            "month": "2017-12",
            "price": "25.60",
            "revenue": 177687
        },
        "2018-01": {
            "month": "2018-01",
            "price": "24.89",
            "revenue": 204934
        },
        "2018-02": {
            "month": "2018-02",
            "price": "23.74",
            "revenue": 102626
        },
        "2018-03": {
            "month": "2018-03",
            "price": "22.96",
            "revenue": 160409
        },
        "2018-04": {
            "month": "2018-04",
            "price": "22.06",
            "revenue": 175845
        },
        "2018-05": {
            "month": "2018-05",
            "price": "21.66",
            "revenue": 187226
        },
        "2018-06": {
            "month": "2018-06",
            "price": "20.47",
            "revenue": 138083
        },
        "2018-07": {
            "month": "2018-07",
            "price": "21.02",
            "revenue": 165786
        },
        "2018-08": {
            "month": "2018-08",
            "price": "22.68",
            "revenue": 151799
        },
        "2018-09": {
            "month": "2018-09",
            "price": "21.18",
            "revenue": 133964
        },
        "2018-10": {
            "month": "2018-10",
            "price": "23.27",
            "revenue": 145698
        },
        "2018-11": {
            "month": "2018-11",
            "price": "21.89",
            "revenue": 173208
        },
        "2018-12": {
            "month": "2018-12",
            "price": "21.22",
            "revenue": 162969
        },
        "2019-01": {
            "month": "2019-01",
            "price": "21.78",
            "revenue": 178161
        },
        "2019-02": {
            "month": "2019-02",
            "price": "26.82",
            "revenue": 82625
        },
        "2019-03": {
            "month": "2019-03",
            "price": "26.10",
            "revenue": 162558
        },
        "2019-04": {
            "month": "2019-04",
            "price": "30.68",
            "revenue": 190516
        },
        "2019-05": {
            "month": "2019-05",
            "price": "29.75",
            "revenue": 176815
        },
        "2019-06": {
            "month": "2019-06",
            "price": "29.87",
            "revenue": 159136
        },
        "2019-07": {
            "month": "2019-07",
            "price": "30.42",
            "revenue": 204362
        },
        "2019-08": {
            "month": "2019-08",
            "price": "40.01",
            "revenue": 194663
        },
        "2019-09": {
            "month": "2019-09",
            "price": "45.40",
            "revenue": 206758
        },
        "2019-10": {
            "month": "2019-10",
            "price": "44.94",
            "revenue": 229409
        },
        "2019-11": {
            "month": "2019-11",
            "price": "48.95",
            "revenue": 254710
        },
        "2019-12": {
            "month": "2019-12",
            "price": "48.78",
            "revenue": 217699
        },
        "2020-01": {
            "month": "2020-01",
            "price": "44.54",
            "revenue": 156984
        },
        "2020-02": {
            "month": "2020-02",
            "price": "35.13",
            "revenue": 86762
        },
        "2020-03": {
            "month": "2020-03",
            "price": "28.43",
            "revenue": 209262
        },
        "2020-04": {
            "month": "2020-04",
            "price": "29.34",
            "revenue": 267495
        },
        "2020-05": {
            "month": "2020-05",
            "price": "30.26",
            "revenue": 259829
        },
        "2020-06": {
            "month": "2020-06",
            "price": "30.98",
            "revenue": 242585
        },
        "2020-07": {
            "month": "2020-07",
            "price": "32.78",
            "revenue": 274291
        },
        "2020-08": {
            "month": "2020-08",
            "price": "34.66",
            "revenue": 234988
        },
        "2020-09": {
            "month": "2020-09",
            "price": "31.67",
            "revenue": 250278
        },
        "2020-10": {
            "month": "2020-10",
            "price": "29.97",
            "revenue": 226147
        },
        "2020-11": {
            "month": "2020-11",
            "price": "30.73",
            "revenue": 219054
        },
        "2020-12": {
            "month": "2020-12",
            "price": "30.76",
            "revenue": 252113
        },
        "2021-01": {
            "month": "2021-01",
            "price": "29.72",
            "revenue": 257537
        },
        "2021-02": {
            "month": "2021-02",
            "price": "29.99",
            "revenue": 126563
        },
        "2021-03": {
            "month": "2021-03",
            "price": "29.92",
            "revenue": 233828
        },
        "2021-04": {
            "month": "2021-04",
            "price": "29.87",
            "revenue": 258821
        },
        "2021-05": {
            "month": "2021-05",
            "price": "27.45",
            "revenue": 243932
        },
        "2021-06": {
            "month": "2021-06",
            "price": "27.67",
            "revenue": 220202
        },
        "2021-07": {
            "month": "2021-07",
            "price": "27.96",
            "revenue": 231779
        },
        "2021-08": {
            "month": "2021-08",
            "price": "25.72",
            "revenue": 176268
        },
        "2021-09": {
            "month": "2021-09",
            "price": "24.62",
            "revenue": 177936
        },
        "2021-10": {
            "month": "2021-10",
            "price": "26.08",
            "revenue": 172919
        },
        "2021-11": {
            "month": "2021-11",
            "price": "26.94",
            "revenue": 226138
        },
        "2021-12": {
            "month": "2021-12",
            "price": "25.09",
            "revenue": 236861
        },
        "2022-01": {
            "month": "2022-01",
            "price": "25.01",
            "revenue": 224992
        },
        "2022-02": {
            "month": "2022-02",
            "price": "25.25",
            "revenue": 157437
        },
        "2022-03": {
            "month": "2022-03",
            "price": "25.26",
            "revenue": 256086
        },
        "2022-04": {
            "month": "2022-04",
            "price": "25.94",
            "revenue": 159866
        },
        "2022-05": {
            "month": "2022-05",
            "price": "25.26",
            "revenue": 184428
        },
        "2022-06": {
            "month": "2022-06",
            "price": "24.74",
            "revenue": 159954
        },
        "2022-07": {
            "month": "2022-07",
            "price": "23.74",
            "revenue": 185725
        },
        "2022-08": {
            "month": "2022-08",
            "price": "24.28",
            "revenue": 173925
        },
        "2022-09": {
            "month": "2022-09",
            "price": "27.33",
            "revenue": 174668
        },
        "2022-10": {
            "month": "2022-10",
            "price": "27.02",
            "revenue": 125298
        },
        "2022-11": {
            "month": "2022-11",
            "price": "28.54",
            "revenue": 133312
        },
        "2022-12": {
            "month": "2022-12",
            "price": "27.68",
            "revenue": 156804
        },
        "2023-01": {
            "month": "2023-01",
            "price": "26.29",
            "revenue": 141866
        },
        "2023-02": {
            "month": "2023-02",
            "price": "26.10",
            "revenue": 176921
        },
        "2023-03": {
            "month": "2023-03",
            "price": "26.63",
            "revenue": 201305
        },
        "2023-04": {
            "month": "2023-04",
            "price": "27.14",
            "revenue": 166724
        },
        "2023-05": {
            "month": "2023-05",
            "price": "29.20",
            "revenue": 175535
        },
        "2023-06": {
            "month": "2023-06",
            "price": "38.48",
            "revenue": 140328
        },
        "2023-07": {
            "month": "2023-07",
            "price": "45.72",
            "revenue": 161601
        },
        "2023-08": {
            "month": "2023-08",
            "price": "34.51",
            "revenue": 153974
        },
        "2023-09": {
            "month": "2023-09",
            "price": "32.00",
            "revenue": 114310
        }
    }
}
