{
    "summary": {
        "stock_name": "廣運",
        "stock_id": "6125",
        "category": "光電",
        "main_business": "整廠自動化物流系統整合之工程服務。",
        "website_url": "http://www.kenmec.com",
        "ceo": "柯智鈞",
        "pe_ratio": 28,
        "report_year_from": 2001,
        "report_year_to": 2023,
        "age": 22,
        "eps_negative_percentage": 35,
        "eps_growth_avg": {
            "last_all": -16.95,
            "last_2y": -100,
            "last_4y": -100,
            "last_8y": -86.49,
            "last_12y": -51.89,
            "last_16y": -42.16,
            "last_20y": -16.95,
            "at_2006_last_3y": 34.49,
            "at_2007_last_3y": 9.89,
            "at_2008_last_3y": 19.4,
            "at_2009_last_3y": -29.99,
            "at_2010_last_3y": 0.59,
            "at_2011_last_3y": -23.4,
            "at_2012_last_3y": -32.53,
            "at_2013_last_3y": 0,
            "at_2014_last_3y": -100,
            "at_2015_last_3y": -59.46,
            "at_2016_last_3y": -79.73,
            "at_2017_last_3y": -79.73,
            "at_2018_last_3y": -79.73,
            "at_2019_last_3y": -100,
            "at_2020_last_3y": -100,
            "at_2021_last_3y": -100,
            "at_2022_last_3y": -100,
            "at_2023_last_3y": -100,
            "at_2006_last_all": 27.34,
            "at_2007_last_all": 22.11,
            "at_2008_last_all": 19.52,
            "at_2009_last_all": 4.89,
            "at_2010_last_all": 15.45,
            "at_2011_last_all": 3.91,
            "at_2012_last_all": 3.91,
            "at_2013_last_all": 3.91,
            "at_2014_last_all": 3.91,
            "at_2015_last_all": -1.85,
            "at_2016_last_all": -10.03,
            "at_2017_last_all": -10.03,
            "at_2018_last_all": -10.03,
            "at_2019_last_all": -10.03,
            "at_2020_last_all": -16.95,
            "at_2021_last_all": -16.95,
            "at_2022_last_all": -16.95,
            "at_2023_last_all": -16.95
        },
        "latest_eps": 1.86,
        "latest_price": 52.9,
        "latest_roe": 11.23,
        "latest_gross_margin": 25.49,
        "latest_equity": 5388716,
        "latest_revenue": 1711004,
        "latest_gross_profit": 436115,
        "latest_net_income": 218562,
        "latest_debt_ratio": 49.73,
        "latest_current_ratio": 122.89,
        "latest_account_receivable_turnover_ratio": 5.8,
        "latest_inventory_turnover_ratio": 1.61,
        "latest_reinvestment_rate": -635.76,
        "latest_research_to_sale_ratio": 4.66
    },
    "eps_dividends": {
        "2000": {
            "cash": 0,
            "stock": 2.5,
            "eps": 0
        },
        "2001": {
            "cash": 0.2,
            "stock": 1,
            "eps": 1.62
        },
        "2002": {
            "cash": 0.5,
            "stock": 1,
            "eps": 1.6
        },
        "2003": {
            "cash": 0.28,
            "stock": 1.14,
            "eps": 3.11
        },
        "2004": {
            "cash": 1.01,
            "stock": 0.5,
            "eps": 2.05
        },
        "2005": {
            "cash": 0.79,
            "stock": 0.4,
            "eps": 6.4
        },
        "2006": {
            "cash": 2.11,
            "stock": 0.84,
            "eps": 4.97
        },
        "2007": {
            "cash": 2.5,
            "stock": 0.5,
            "eps": 4.77
        },
        "2008": {
            "cash": 3,
            "stock": 0.5,
            "eps": 4.96
        },
        "2009": {
            "cash": 1.5,
            "stock": 1,
            "eps": 0.12
        },
        "2010": {
            "cash": 0.5,
            "stock": 0.5,
            "eps": 1.08
        },
        "2011": {
            "cash": 1,
            "stock": 0.5,
            "eps": -0.95
        },
        "2012": {
            "cash": 0.2,
            "stock": 0,
            "eps": -3.37
        },
        "2013": {
            "cash": 0,
            "stock": 0,
            "eps": -1.83
        },
        "2014": {
            "cash": 0.5,
            "stock": 0,
            "eps": 0.74
        },
        "2015": {
            "cash": 0.5,
            "stock": 0,
            "eps": 0.3
        },
        "2016": {
            "cash": 0.5,
            "stock": 0,
            "eps": -1.29
        },
        "2017": {
            "cash": 0.5,
            "stock": 0,
            "eps": -0.89
        },
        "2018": {
            "cash": 0.3,
            "stock": 0,
            "eps": -0.69
        },
        "2019": {
            "cash": 0.5,
            "stock": 0,
            "eps": 5.5
        },
        "2020": {
            "cash": 2,
            "stock": 0,
            "eps": -0.39
        },
        "2021": {
            "cash": 1.5,
            "stock": 0,
            "eps": -1.14
        },
        "2022": {
            "cash": 1.61,
            "stock": 0,
            "eps": 1.9
        },
        "2023": {
            "cash": 1.62,
            "stock": 0,
            "eps": 1.09
        }
    },
    "dividends": {
        "2000-06-09": {
            "cash": 0,
            "stock": 2.5
        },
        "2001-04-18": {
            "cash": 0.2,
            "stock": 1
        },
        "2002-06-25": {
            "cash": 0.5,
            "stock": 1
        },
        "2003-04-15": {
            "cash": 0.28,
            "stock": 1.14
        },
        "2004-03-12": {
            "cash": 1.01,
            "stock": 0.5
        },
        "2005-03-17": {
            "cash": 0.79,
            "stock": 0.4
        },
        "2006-03-10": {
            "cash": 2.11,
            "stock": 0.84
        },
        "2007-04-27": {
            "cash": 2.5,
            "stock": 0.5
        },
        "2008-03-14": {
            "cash": 3,
            "stock": 0.5
        },
        "2009-03-11": {
            "cash": 1.5,
            "stock": 1
        },
        "2010-03-09": {
            "cash": 0.5,
            "stock": 0.5
        },
        "2011-04-08": {
            "cash": 1,
            "stock": 0.5
        },
        "2012-06-27": {
            "cash": 0.2,
            "stock": 0
        },
        "2014-06-26": {
            "cash": 0.5,
            "stock": 0
        },
        "2015-03-17": {
            "cash": 0.5,
            "stock": 0
        },
        "2016-03-18": {
            "cash": 0.5,
            "stock": 0
        },
        "2017-03-24": {
            "cash": 0.5,
            "stock": 0
        },
        "2018-03-23": {
            "cash": 0.3,
            "stock": 0
        },
        "2019-08-19": {
            "cash": 0.5,
            "stock": 0
        },
        "2020-07-31": {
            "cash": 2,
            "stock": 0
        },
        "2021-09-30": {
            "cash": 1.5,
            "stock": 0
        },
        "2022-08-02": {
            "cash": 1.61,
            "stock": 0
        },
        "2023-07-28": {
            "cash": 1.62,
            "stock": 0
        }
    },
    "prices": {
        "200101": "無",
        "200102": "無",
        "200103": "無",
        "200104": "無",
        "200105": "無",
        "200106": "無",
        "200107": "無",
        "200108": "無",
        "200109": "無",
        "200110": "無",
        "200111": "無",
        "200112": "無",
        "200201": "26.24",
        "200202": "41.93",
        "200203": "50.09",
        "200204": "52.75",
        "200205": "52.54",
        "200206": "44.42",
        "200207": "36.40",
        "200208": "37.71",
        "200209": "34.46",
        "200210": "24.61",
        "200211": "23.42",
        "200212": "23.32",
        "200301": "31.08",
        "200302": "27.34",
        "200303": "27.32",
        "200304": "26.83",
        "200305": "25.59",
        "200306": "26.48",
        "200307": "34.25",
        "200308": "39.06",
        "200309": "35.81",
        "200310": "35.11",
        "200311": "34.76",
        "200312": "38.26",
        "200401": "38.36",
        "200402": "37.86",
        "200403": "34.02",
        "200404": "31.12",
        "200405": "25.89",
        "200406": "25.53",
        "200407": "22.04",
        "200408": "20.08",
        "200409": "20.88",
        "200410": "21.64",
        "200411": "21.26",
        "200412": "20.00",
        "200501": "20.00",
        "200502": "25.49",
        "200503": "28.98",
        "200504": "33.54",
        "200505": "35.53",
        "200506": "37.39",
        "200507": "41.80",
        "200508": "43.55",
        "200509": "42.09",
        "200510": "33.94",
        "200511": "34.23",
        "200512": "41.55",
        "200601": "43.41",
        "200602": "42.66",
        "200603": "46.41",
        "200604": "48.47",
        "200605": "47.05",
        "200606": "39.20",
        "200607": "37.57",
        "200608": "38.96",
        "200609": "37.52",
        "200610": "36.09",
        "200611": "37.02",
        "200612": "40.34",
        "200701": "41.25",
        "200702": "42.64",
        "200703": "40.74",
        "200704": "43.50",
        "200705": "41.04",
        "200706": "43.33",
        "200707": "54.37",
        "200708": "54.43",
        "200709": "53.03",
        "200710": "49.43",
        "200711": "43.35",
        "200712": "40.24",
        "200801": "37.65",
        "200802": "38.32",
        "200803": "41.07",
        "200804": "44.94",
        "200805": "48.13",
        "200806": "42.96",
        "200807": "39.81",
        "200808": "38.70",
        "200809": "32.84",
        "200810": "24.16",
        "200811": "24.22",
        "200812": "22.45",
        "200901": "22.26",
        "200902": "22.27",
        "200903": "25.07",
        "200904": "28.55",
        "200905": "31.16",
        "200906": "30.61",
        "200907": "28.14",
        "200908": "26.40",
        "200909": "26.26",
        "200910": "28.82",
        "200911": "26.81",
        "200912": "28.82",
        "201001": "31.57",
        "201002": "26.72",
        "201003": "28.11",
        "201004": "28.81",
        "201005": "24.55",
        "201006": "24.23",
        "201007": "24.99",
        "201008": "26.16",
        "201009": "25.74",
        "201010": "25.43",
        "201011": "24.45",
        "201012": "24.65",
        "201101": "23.79",
        "201102": "24.41",
        "201103": "26.47",
        "201104": "28.12",
        "201105": "25.88",
        "201106": "23.82",
        "201107": "22.98",
        "201108": "20.00",
        "201109": "15.39",
        "201110": "15.56",
        "201111": "13.08",
        "201112": "11.27",
        "201201": "12.06",
        "201202": "15.24",
        "201203": "13.87",
        "201204": "11.11",
        "201205": "10.66",
        "201206": "10.30",
        "201207": "10.26",
        "201208": "9.90",
        "201209": "10.62",
        "201210": "9.79",
        "201211": "8.67",
        "201212": "9.61",
        "201301": "10.74",
        "201302": "10.38",
        "201303": "10.85",
        "201304": "10.85",
        "201305": "11.23",
        "201306": "10.75",
        "201307": "10.14",
        "201308": "10.60",
        "201309": "11.14",
        "201310": "13.24",
        "201311": "14.01",
        "201312": "13.74",
        "201401": "14.14",
        "201402": "14.74",
        "201403": "16.01",
        "201404": "15.07",
        "201405": "15.10",
        "201406": "16.42",
        "201407": "16.07",
        "201408": "14.58",
        "201409": "15.39",
        "201410": "14.02",
        "201411": "13.20",
        "201412": "13.66",
        "201501": "14.93",
        "201502": "15.03",
        "201503": "15.10",
        "201504": "14.80",
        "201505": "12.81",
        "201506": "12.26",
        "201507": "11.80",
        "201508": "10.31",
        "201509": "11.45",
        "201510": "12.58",
        "201511": "12.37",
        "201512": "12.43",
        "201601": "12.31",
        "201602": "12.70",
        "201603": "13.03",
        "201604": "12.10",
        "201605": "11.72",
        "201606": "12.07",
        "201607": "12.29",
        "201608": "11.88",
        "201609": "11.96",
        "201610": "11.79",
        "201611": "10.93",
        "201612": "10.65",
        "201701": "10.66",
        "201702": "10.77",
        "201703": "10.79",
        "201704": "10.27",
        "201705": "9.77",
        "201706": "9.69",
        "201707": "9.84",
        "201708": "9.58",
        "201709": "10.46",
        "201710": "10.47",
        "201711": "10.88",
        "201712": "12.03",
        "201801": "12.32",
        "201802": "11.01",
        "201803": "10.94",
        "201804": "10.96",
        "201805": "10.68",
        "201806": "11.14",
        "201807": "10.74",
        "201808": "10.41",
        "201809": "9.71",
        "201810": "9.17",
        "201811": "9.67",
        "201812": "9.23",
        "201901": "9.40",
        "201902": "9.63",
        "201903": "10.30",
        "201904": "13.78",
        "201905": "13.81",
        "201906": "14.47",
        "201907": "14.87",
        "201908": "14.69",
        "201909": "15.54",
        "201910": "15.30",
        "201911": "15.23",
        "201912": "14.93",
        "202001": "16.26",
        "202002": "16.32",
        "202003": "14.84",
        "202004": "14.71",
        "202005": "16.89",
        "202006": "17.35",
        "202007": "17.13",
        "202008": "23.41",
        "202009": "27.71",
        "202010": "33.36",
        "202011": "33.86",
        "202012": "29.37",
        "202101": "26.01",
        "202102": "24.61",
        "202103": "27.29",
        "202104": "27.59",
        "202105": "22.92",
        "202106": "22.75",
        "202107": "23.56",
        "202108": "25.18",
        "202109": "26.79",
        "202110": "26.48",
        "202111": "27.07",
        "202112": "26.60",
        "202201": "27.71",
        "202202": "26.40",
        "202203": "25.79",
        "202204": "24.38",
        "202205": "24.23",
        "202206": "28.07",
        "202207": "28.52",
        "202208": "30.32",
        "202209": "31.15",
        "202210": "25.43",
        "202211": "25.28",
        "202212": "26.11",
        "202301": "25.59",
        "202302": "26.90",
        "202303": "28.62",
        "202304": "30.97",
        "202305": "30.83",
        "202306": "50.19",
        "202307": "83.81",
        "202308": "74.75",
        "202309": "66.88",
        "202310": "58.33"
    },
    "quarters": {
        "20011": {
            "year_quarter": 20011,
            "year": 2001,
            "quarter": 1,
            "eps": -0.14,
            "eps_growth_year": null,
            "eps_4q": null,
            "eps_4q_growth_year": null,
            "roe": -1.19,
            "roe_4q": -1.19,
            "gross_profit": -11523,
            "gross_margin": -11.91,
            "gross_margin_4q_avg": -11.91,
            "net_income": -6427,
            "net_income_4q": null,
            "revenue": 96713,
            "revenue_4q": null,
            "common_shares": 450000,
            "book_valuer_per_share": 11.99,
            "book_valuer_per_share_4q_avg": 11.99,
            "equity": 539465,
            "current_ratio": 169.5,
            "debt_ratio": 40.56,
            "inventory_turnover_ratio": 0.49,
            "account_receivable_turnover_ratio": null,
            "reinvestment_rate": null,
            "research_to_sale_ratio": null,
            "price_fair": 0,
            "eps_avg_yearly": 0,
            "eps_latest_yearly": 0,
            "eps_growth_yearly": 0
        },
        "20012": {
            "year_quarter": 20012,
            "year": 2001,
            "quarter": 2,
            "eps": 0.74,
            "eps_growth_year": null,
            "eps_4q": null,
            "eps_4q_growth_year": null,
            "roe": 6.64,
            "roe_4q": 5.449999999999999,
            "gross_profit": 75949,
            "gross_margin": 29.93,
            "gross_margin_4q_avg": 9.01,
            "net_income": 36739,
            "net_income_4q": null,
            "revenue": 253785,
            "revenue_4q": null,
            "common_shares": 450000,
            "book_valuer_per_share": 12.6,
            "book_valuer_per_share_4q_avg": 12.3,
            "equity": 567221,
            "current_ratio": 210.37,
            "debt_ratio": 33.25,
            "inventory_turnover_ratio": 0.97,
            "account_receivable_turnover_ratio": null,
            "reinvestment_rate": null,
            "research_to_sale_ratio": null,
            "price_fair": 0,
            "eps_avg_yearly": 0,
            "eps_latest_yearly": 0,
            "eps_growth_yearly": 0
        },
        "20013": {
            "year_quarter": 20013,
            "year": 2001,
            "quarter": 3,
            "eps": 0.54,
            "eps_growth_year": null,
            "eps_4q": null,
            "eps_4q_growth_year": null,
            "roe": 4.61,
            "roe_4q": 10.06,
            "gross_profit": 53208,
            "gross_margin": 24.55,
            "gross_margin_4q_avg": 14.19,
            "net_income": 26778,
            "net_income_4q": null,
            "revenue": 216736,
            "revenue_4q": null,
            "common_shares": 495000,
            "book_valuer_per_share": 12,
            "book_valuer_per_share_4q_avg": 12.2,
            "equity": 593999,
            "current_ratio": 224.91,
            "debt_ratio": 32.14,
            "inventory_turnover_ratio": 1.26,
            "account_receivable_turnover_ratio": null,
            "reinvestment_rate": null,
            "research_to_sale_ratio": null,
            "price_fair": 0,
            "eps_avg_yearly": 0,
            "eps_latest_yearly": 0,
            "eps_growth_yearly": 0
        },
        "20014": {
            "year_quarter": 20014,
            "year": 2001,
            "quarter": 4,
            "eps": 0.48,
            "eps_growth_year": null,
            "eps_4q": 1.65,
            "eps_4q_growth_year": null,
            "roe": 3.78,
            "roe_4q": 13.840000000000002,
            "gross_profit": 37447,
            "gross_margin": 24.62,
            "gross_margin_4q_avg": 16.8,
            "net_income": 23516,
            "net_income_4q": null,
            "revenue": 152105,
            "revenue_4q": null,
            "common_shares": 495000,
            "book_valuer_per_share": 12.51,
            "book_valuer_per_share_4q_avg": 12.28,
            "equity": 651852,
            "current_ratio": 171.69,
            "debt_ratio": 38.38,
            "inventory_turnover_ratio": 0.75,
            "account_receivable_turnover_ratio": null,
            "reinvestment_rate": null,
            "research_to_sale_ratio": null,
            "price_fair": 0,
            "eps_avg_yearly": 0,
            "eps_latest_yearly": 0,
            "eps_growth_yearly": 0
        },
        "20021": {
            "year_quarter": 20021,
            "year": 2002,
            "quarter": 1,
            "eps": 0.45,
            "eps_growth_year": null,
            "eps_4q": 2.19,
            "eps_4q_growth_year": null,
            "roe": 3.48,
            "roe_4q": 18.51,
            "gross_profit": 46611,
            "gross_margin": 22.06,
            "gross_margin_4q_avg": 25.29,
            "net_income": 22486,
            "net_income_4q": null,
            "revenue": 211293,
            "revenue_4q": null,
            "common_shares": 495000,
            "book_valuer_per_share": 12.97,
            "book_valuer_per_share_4q_avg": 12.52,
            "equity": 642044,
            "current_ratio": 175.51,
            "debt_ratio": 37.02,
            "inventory_turnover_ratio": 0.91,
            "account_receivable_turnover_ratio": null,
            "reinvestment_rate": null,
            "research_to_sale_ratio": null,
            "price_fair": 5.4,
            "eps_avg_yearly": 1.8,
            "eps_latest_yearly": 1.8,
            "eps_growth_yearly": -25
        },
        "20022": {
            "year_quarter": 20022,
            "year": 2002,
            "quarter": 2,
            "eps": 0.43,
            "eps_growth_year": -41.89,
            "eps_4q": 1.77,
            "eps_4q_growth_year": null,
            "roe": 3.67,
            "roe_4q": 15.54,
            "gross_profit": 36983,
            "gross_margin": 28.21,
            "gross_margin_4q_avg": 24.86,
            "net_income": 23436,
            "net_income_4q": null,
            "revenue": 131114,
            "revenue_4q": null,
            "common_shares": 495000,
            "book_valuer_per_share": 12.84,
            "book_valuer_per_share_4q_avg": 12.58,
            "equity": 635339,
            "current_ratio": 149.85,
            "debt_ratio": 41.21,
            "inventory_turnover_ratio": 0.57,
            "account_receivable_turnover_ratio": null,
            "reinvestment_rate": null,
            "research_to_sale_ratio": null,
            "price_fair": 5.28,
            "eps_avg_yearly": 1.76,
            "eps_latest_yearly": 1.72,
            "eps_growth_yearly": -21.39
        },
        "20023": {
            "year_quarter": 20023,
            "year": 2002,
            "quarter": 3,
            "eps": 0.35,
            "eps_growth_year": -35.19,
            "eps_4q": 1.61,
            "eps_4q_growth_year": null,
            "roe": 2.98,
            "roe_4q": 13.91,
            "gross_profit": 48096,
            "gross_margin": 21.44,
            "gross_margin_4q_avg": 24.08,
            "net_income": 19291,
            "net_income_4q": null,
            "revenue": 224369,
            "revenue_4q": null,
            "common_shares": 544500,
            "book_valuer_per_share": 12.09,
            "book_valuer_per_share_4q_avg": 12.6,
            "equity": 658452,
            "current_ratio": 138.24,
            "debt_ratio": 38.19,
            "inventory_turnover_ratio": 1,
            "account_receivable_turnover_ratio": null,
            "reinvestment_rate": null,
            "research_to_sale_ratio": null,
            "price_fair": 4.92,
            "eps_avg_yearly": 1.64,
            "eps_latest_yearly": 1.4,
            "eps_growth_yearly": -39.07
        },
        "20024": {
            "year_quarter": 20024,
            "year": 2002,
            "quarter": 4,
            "eps": 0.37,
            "eps_growth_year": -22.92,
            "eps_4q": 1.57,
            "eps_4q_growth_year": -4.65,
            "roe": 3,
            "roe_4q": 13.13,
            "gross_profit": 54869,
            "gross_margin": 13.96,
            "gross_margin_4q_avg": 21.42,
            "net_income": 20128,
            "net_income_4q": null,
            "revenue": 392967,
            "revenue_4q": null,
            "common_shares": 544500,
            "book_valuer_per_share": 11.97,
            "book_valuer_per_share_4q_avg": 12.47,
            "equity": 684315,
            "current_ratio": 188.94,
            "debt_ratio": 59.48,
            "inventory_turnover_ratio": 1.3,
            "account_receivable_turnover_ratio": null,
            "reinvestment_rate": null,
            "research_to_sale_ratio": null,
            "price_fair": 4.8,
            "eps_avg_yearly": 1.6,
            "eps_latest_yearly": 1.48,
            "eps_growth_yearly": -23.58
        },
        "20031": {
            "year_quarter": 20031,
            "year": 2003,
            "quarter": 1,
            "eps": 0.63,
            "eps_growth_year": 40,
            "eps_4q": 1.79,
            "eps_4q_growth_year": -18.42,
            "roe": 4.95,
            "roe_4q": 14.6,
            "gross_profit": 68216,
            "gross_margin": 18.29,
            "gross_margin_4q_avg": 20.48,
            "net_income": 34197,
            "net_income_4q": null,
            "revenue": 372952,
            "revenue_4q": null,
            "common_shares": 544500,
            "book_valuer_per_share": 12.81,
            "book_valuer_per_share_4q_avg": 12.43,
            "equity": 697434,
            "current_ratio": 189.85,
            "debt_ratio": 59.17,
            "inventory_turnover_ratio": 0.85,
            "account_receivable_turnover_ratio": null,
            "reinvestment_rate": null,
            "research_to_sale_ratio": null,
            "price_fair": 62.44,
            "eps_avg_yearly": 1.78,
            "eps_latest_yearly": 2.52,
            "eps_growth_yearly": 37.35
        },
        "20032": {
            "year_quarter": 20032,
            "year": 2003,
            "quarter": 2,
            "eps": 1.15,
            "eps_growth_year": 167.44,
            "eps_4q": 2.33,
            "eps_4q_growth_year": 31.94,
            "roe": 9.37,
            "roe_4q": 20.3,
            "gross_profit": 101343,
            "gross_margin": 18.97,
            "gross_margin_4q_avg": 18.17,
            "net_income": 71788,
            "net_income_4q": null,
            "revenue": 534349,
            "revenue_4q": null,
            "common_shares": 645399,
            "book_valuer_per_share": 12.94,
            "book_valuer_per_share_4q_avg": 12.45,
            "equity": 835162,
            "current_ratio": 181.17,
            "debt_ratio": 51.92,
            "inventory_turnover_ratio": 1.16,
            "account_receivable_turnover_ratio": null,
            "reinvestment_rate": null,
            "research_to_sale_ratio": null,
            "price_fair": 78.87,
            "eps_avg_yearly": 2.25,
            "eps_latest_yearly": 4.6,
            "eps_growth_yearly": 86.15
        },
        "20033": {
            "year_quarter": 20033,
            "year": 2003,
            "quarter": 3,
            "eps": 0.11,
            "eps_growth_year": -68.57,
            "eps_4q": 1.98,
            "eps_4q_growth_year": 22.72,
            "roe": 0.79,
            "roe_4q": 18.11,
            "gross_profit": 44291,
            "gross_margin": 11.58,
            "gross_margin_4q_avg": 15.7,
            "net_income": 7436,
            "net_income_4q": null,
            "revenue": 382639,
            "revenue_4q": null,
            "common_shares": 743165,
            "book_valuer_per_share": 14.16,
            "book_valuer_per_share_4q_avg": 12.97,
            "equity": 1052176,
            "current_ratio": 137.25,
            "debt_ratio": 45.61,
            "inventory_turnover_ratio": 0.88,
            "account_receivable_turnover_ratio": null,
            "reinvestment_rate": null,
            "research_to_sale_ratio": null,
            "price_fair": 64.15,
            "eps_avg_yearly": 1.99,
            "eps_latest_yearly": 0.44,
            "eps_growth_yearly": 22.17
        },
        "20034": {
            "year_quarter": 20034,
            "year": 2003,
            "quarter": 4,
            "eps": 1.22,
            "eps_growth_year": 229.73,
            "eps_4q": 2.89,
            "eps_4q_growth_year": 84.33,
            "roe": 7.64,
            "roe_4q": 22.749999999999996,
            "gross_profit": 136475,
            "gross_margin": 14.45,
            "gross_margin_4q_avg": 15.82,
            "net_income": 82770,
            "net_income_4q": null,
            "revenue": 944328,
            "revenue_4q": null,
            "common_shares": 745305,
            "book_valuer_per_share": 14.63,
            "book_valuer_per_share_4q_avg": 13.64,
            "equity": 1113331,
            "current_ratio": 139.65,
            "debt_ratio": 58.06,
            "inventory_turnover_ratio": 1.93,
            "account_receivable_turnover_ratio": null,
            "reinvestment_rate": null,
            "research_to_sale_ratio": null,
            "price_fair": 82.43,
            "eps_avg_yearly": 2.36,
            "eps_latest_yearly": 4.88,
            "eps_growth_yearly": 523.94
        },
        "20041": {
            "year_quarter": 20041,
            "year": 2004,
            "quarter": 1,
            "eps": 0,
            "eps_growth_year": -100,
            "eps_4q": 2.17,
            "eps_4q_growth_year": 21.2,
            "roe": -0.03,
            "roe_4q": 17.769999999999996,
            "gross_profit": 51474,
            "gross_margin": 14.78,
            "gross_margin_4q_avg": 14.95,
            "net_income": -386,
            "net_income_4q": null,
            "revenue": 348158,
            "revenue_4q": null,
            "common_shares": 745770,
            "book_valuer_per_share": 14.84,
            "book_valuer_per_share_4q_avg": 14.14,
            "equity": 1106977,
            "current_ratio": 150.42,
            "debt_ratio": 55.8,
            "inventory_turnover_ratio": 0.72,
            "account_receivable_turnover_ratio": null,
            "reinvestment_rate": null,
            "research_to_sale_ratio": null,
            "price_fair": 82.43,
            "eps_avg_yearly": 2.36,
            "eps_latest_yearly": 4.88,
            "eps_growth_yearly": 523.94
        },
        "20042": {
            "year_quarter": 20042,
            "year": 2004,
            "quarter": 2,
            "eps": 0.51,
            "eps_growth_year": -55.65,
            "eps_4q": 1.73,
            "eps_4q_growth_year": -25.74,
            "roe": 3.44,
            "roe_4q": 11.84,
            "gross_profit": 81374,
            "gross_margin": 15.72,
            "gross_margin_4q_avg": 14.13,
            "net_income": 37555,
            "net_income_4q": null,
            "revenue": 517581,
            "revenue_4q": null,
            "common_shares": 745770,
            "book_valuer_per_share": 14.39,
            "book_valuer_per_share_4q_avg": 14.51,
            "equity": 1073493,
            "current_ratio": 121.56,
            "debt_ratio": 61.67,
            "inventory_turnover_ratio": 1.31,
            "account_receivable_turnover_ratio": null,
            "reinvestment_rate": null,
            "research_to_sale_ratio": null,
            "price_fair": 82.43,
            "eps_avg_yearly": 2.36,
            "eps_latest_yearly": 4.88,
            "eps_growth_yearly": 523.94
        },
        "20043": {
            "year_quarter": 20043,
            "year": 2004,
            "quarter": 3,
            "eps": 0.36,
            "eps_growth_year": 227.27,
            "eps_4q": 1.93,
            "eps_4q_growth_year": -2.19,
            "roe": 2.56,
            "roe_4q": 13.61,
            "gross_profit": 45770,
            "gross_margin": 12.89,
            "gross_margin_4q_avg": 14.46,
            "net_income": 27461,
            "net_income_4q": null,
            "revenue": 355127,
            "revenue_4q": null,
            "common_shares": 782427,
            "book_valuer_per_share": 13.68,
            "book_valuer_per_share_4q_avg": 14.39,
            "equity": 1070485,
            "current_ratio": 116.65,
            "debt_ratio": 62.69,
            "inventory_turnover_ratio": 0.72,
            "account_receivable_turnover_ratio": null,
            "reinvestment_rate": null,
            "research_to_sale_ratio": null,
            "price_fair": 78.87,
            "eps_avg_yearly": 2.25,
            "eps_latest_yearly": 1.44,
            "eps_growth_yearly": 452.65
        },
        "20044": {
            "year_quarter": 20044,
            "year": 2004,
            "quarter": 4,
            "eps": 1.18,
            "eps_growth_year": -3.28,
            "eps_4q": 2.02,
            "eps_4q_growth_year": -30.13,
            "roe": 8.15,
            "roe_4q": 14.120000000000001,
            "gross_profit": 237382,
            "gross_margin": 29.5,
            "gross_margin_4q_avg": 18.22,
            "net_income": 90725,
            "net_income_4q": null,
            "revenue": 804768,
            "revenue_4q": null,
            "common_shares": 782427,
            "book_valuer_per_share": 14.71,
            "book_valuer_per_share_4q_avg": 14.41,
            "equity": 1156260,
            "current_ratio": 120.63,
            "debt_ratio": 61.19,
            "inventory_turnover_ratio": 0.99,
            "account_receivable_turnover_ratio": null,
            "reinvestment_rate": 177.93,
            "research_to_sale_ratio": null,
            "price_fair": 87.5,
            "eps_avg_yearly": 2.5,
            "eps_latest_yearly": 4.72,
            "eps_growth_yearly": 498.5
        },
        "20051": {
            "year_quarter": 20051,
            "year": 2005,
            "quarter": 1,
            "eps": 2.09,
            "eps_growth_year": null,
            "eps_4q": 4.16,
            "eps_4q_growth_year": 91.86,
            "roe": 12.72,
            "roe_4q": 26.87,
            "gross_profit": 252616,
            "gross_margin": 23.75,
            "gross_margin_4q_avg": 20.47,
            "net_income": 157425,
            "net_income_4q": null,
            "revenue": 1063498,
            "revenue_4q": null,
            "common_shares": 783114,
            "book_valuer_per_share": 16.85,
            "book_valuer_per_share_4q_avg": 14.91,
            "equity": 1319409,
            "current_ratio": 95.29,
            "debt_ratio": 54.81,
            "inventory_turnover_ratio": 1.83,
            "account_receivable_turnover_ratio": null,
            "reinvestment_rate": 125.36,
            "research_to_sale_ratio": null,
            "price_fair": 106.15,
            "eps_avg_yearly": 3.03,
            "eps_latest_yearly": 8.36,
            "eps_growth_yearly": 481.22
        },
        "20052": {
            "year_quarter": 20052,
            "year": 2005,
            "quarter": 2,
            "eps": 1.95,
            "eps_growth_year": 282.35,
            "eps_4q": 5.55,
            "eps_4q_growth_year": 220.57,
            "roe": 10.67,
            "roe_4q": 34.1,
            "gross_profit": 243160,
            "gross_margin": 21.72,
            "gross_margin_4q_avg": 21.97,
            "net_income": 149496,
            "net_income_4q": null,
            "revenue": 1119340,
            "revenue_4q": null,
            "common_shares": 790427,
            "book_valuer_per_share": 18.77,
            "book_valuer_per_share_4q_avg": 16,
            "equity": 1483685,
            "current_ratio": 123.6,
            "debt_ratio": 55.78,
            "inventory_turnover_ratio": 2.44,
            "account_receivable_turnover_ratio": null,
            "reinvestment_rate": 110.64,
            "research_to_sale_ratio": null,
            "price_fair": 120.05,
            "eps_avg_yearly": 3.43,
            "eps_latest_yearly": 7.8,
            "eps_growth_yearly": 438.89
        },
        "20053": {
            "year_quarter": 20053,
            "year": 2005,
            "quarter": 3,
            "eps": -0.04,
            "eps_growth_year": -111.11,
            "eps_4q": 3.76,
            "eps_4q_growth_year": 94.62,
            "roe": -0.18,
            "roe_4q": 31.36,
            "gross_profit": 19949,
            "gross_margin": 4.91,
            "gross_margin_4q_avg": 19.97,
            "net_income": -3506,
            "net_income_4q": null,
            "revenue": 406312,
            "revenue_4q": null,
            "common_shares": 1048017,
            "book_valuer_per_share": 22.03,
            "book_valuer_per_share_4q_avg": 18.09,
            "equity": 2308915,
            "current_ratio": 198,
            "debt_ratio": 40.84,
            "inventory_turnover_ratio": 1.03,
            "account_receivable_turnover_ratio": null,
            "reinvestment_rate": 122.69,
            "research_to_sale_ratio": null,
            "price_fair": 120.05,
            "eps_avg_yearly": 3.43,
            "eps_latest_yearly": 7.8,
            "eps_growth_yearly": 438.89
        },
        "20054": {
            "year_quarter": 20054,
            "year": 2005,
            "quarter": 4,
            "eps": 2.4,
            "eps_growth_year": 103.39,
            "eps_4q": 5.77,
            "eps_4q_growth_year": 185.35,
            "roe": 8.86,
            "roe_4q": 32.07,
            "gross_profit": 332413,
            "gross_margin": 29.14,
            "gross_margin_4q_avg": 19.88,
            "net_income": 216349,
            "net_income_4q": null,
            "revenue": 1140673,
            "revenue_4q": null,
            "common_shares": 1064575,
            "book_valuer_per_share": 24.19,
            "book_valuer_per_share_4q_avg": 20.46,
            "equity": 2575017,
            "current_ratio": 222.37,
            "debt_ratio": 37.68,
            "inventory_turnover_ratio": 2.1,
            "account_receivable_turnover_ratio": null,
            "reinvestment_rate": 115.23,
            "research_to_sale_ratio": null,
            "price_fair": 120.05,
            "eps_avg_yearly": 3.43,
            "eps_latest_yearly": 7.8,
            "eps_growth_yearly": 438.89
        },
        "20061": {
            "year_quarter": 20061,
            "year": 2006,
            "quarter": 1,
            "eps": 1.37,
            "eps_growth_year": -34.45,
            "eps_4q": 4.77,
            "eps_4q_growth_year": 14.69,
            "roe": 5.5,
            "roe_4q": 24.85,
            "gross_profit": 246116,
            "gross_margin": 26.14,
            "gross_margin_4q_avg": 20.48,
            "net_income": 146070,
            "net_income_4q": null,
            "revenue": 941552,
            "revenue_4q": null,
            "common_shares": 1067562,
            "book_valuer_per_share": 25.59,
            "book_valuer_per_share_4q_avg": 22.65,
            "equity": 2731759,
            "current_ratio": 229.38,
            "debt_ratio": 36.41,
            "inventory_turnover_ratio": 1.58,
            "account_receivable_turnover_ratio": null,
            "reinvestment_rate": 88.59,
            "research_to_sale_ratio": null,
            "price_fair": 130.78,
            "eps_avg_yearly": 3.74,
            "eps_latest_yearly": 5.48,
            "eps_growth_yearly": 426.67
        },
        "20062": {
            "year_quarter": 20062,
            "year": 2006,
            "quarter": 2,
            "eps": 1.55,
            "eps_growth_year": -20.51,
            "eps_4q": 4.92,
            "eps_4q_growth_year": -11.24,
            "roe": 6.18,
            "roe_4q": 20.36,
            "gross_profit": 264340,
            "gross_margin": 27.54,
            "gross_margin_4q_avg": 21.93,
            "net_income": 165002,
            "net_income_4q": null,
            "revenue": 959972,
            "revenue_4q": null,
            "common_shares": 1067562,
            "book_valuer_per_share": 24.47,
            "book_valuer_per_share_4q_avg": 24.07,
            "equity": 2612025,
            "current_ratio": 178.52,
            "debt_ratio": 41.9,
            "inventory_turnover_ratio": 1.41,
            "account_receivable_turnover_ratio": null,
            "reinvestment_rate": 82.89,
            "research_to_sale_ratio": null,
            "price_fair": 143.85,
            "eps_avg_yearly": 4.11,
            "eps_latest_yearly": 6.2,
            "eps_growth_yearly": 432.53
        },
        "20063": {
            "year_quarter": 20063,
            "year": 2006,
            "quarter": 3,
            "eps": 1.31,
            "eps_growth_year": null,
            "eps_4q": 5.68,
            "eps_4q_growth_year": 51.09,
            "roe": 5.17,
            "roe_4q": 25.71,
            "gross_profit": 217488,
            "gross_margin": 23.12,
            "gross_margin_4q_avg": 26.49,
            "net_income": 158029,
            "net_income_4q": null,
            "revenue": 940637,
            "revenue_4q": null,
            "common_shares": 1386439,
            "book_valuer_per_share": 25.23,
            "book_valuer_per_share_4q_avg": 24.87,
            "equity": 3497854,
            "current_ratio": 228.52,
            "debt_ratio": 34.91,
            "inventory_turnover_ratio": 1.35,
            "account_receivable_turnover_ratio": null,
            "reinvestment_rate": 84.44,
            "research_to_sale_ratio": null,
            "price_fair": 155.05,
            "eps_avg_yearly": 4.43,
            "eps_latest_yearly": 5.24,
            "eps_growth_yearly": 433.57
        },
        "20064": {
            "year_quarter": 20064,
            "year": 2006,
            "quarter": 4,
            "eps": 0.74,
            "eps_growth_year": -69.17,
            "eps_4q": 4.48,
            "eps_4q_growth_year": -22.27,
            "roe": 2.63,
            "roe_4q": 19.48,
            "gross_profit": 99026,
            "gross_margin": 12.35,
            "gross_margin_4q_avg": 22.29,
            "net_income": 92773,
            "net_income_4q": null,
            "revenue": 801872,
            "revenue_4q": null,
            "common_shares": 1386438,
            "book_valuer_per_share": 25.71,
            "book_valuer_per_share_4q_avg": 25.25,
            "equity": 3565054,
            "current_ratio": 275.04,
            "debt_ratio": 33.22,
            "inventory_turnover_ratio": 1.18,
            "account_receivable_turnover_ratio": null,
            "reinvestment_rate": 109.28,
            "research_to_sale_ratio": null,
            "price_fair": 159.37,
            "eps_avg_yearly": 4.55,
            "eps_latest_yearly": 2.96,
            "eps_growth_yearly": 417.16
        },
        "20071": {
            "year_quarter": 20071,
            "year": 2007,
            "quarter": 1,
            "eps": 0.69,
            "eps_growth_year": -49.64,
            "eps_4q": 3.74,
            "eps_4q_growth_year": -21.47,
            "roe": 2.6,
            "roe_4q": 16.58,
            "gross_profit": 161358,
            "gross_margin": 18,
            "gross_margin_4q_avg": 20.25,
            "net_income": 93928,
            "net_income_4q": null,
            "revenue": 896217,
            "revenue_4q": null,
            "common_shares": 1386438,
            "book_valuer_per_share": 26.49,
            "book_valuer_per_share_4q_avg": 25.48,
            "equity": 3672035,
            "current_ratio": 240.68,
            "debt_ratio": 29.89,
            "inventory_turnover_ratio": 1.08,
            "account_receivable_turnover_ratio": null,
            "reinvestment_rate": 79.48,
            "research_to_sale_ratio": null,
            "price_fair": 160.07,
            "eps_avg_yearly": 4.57,
            "eps_latest_yearly": 2.76,
            "eps_growth_yearly": 391.48
        },
        "20072": {
            "year_quarter": 20072,
            "year": 2007,
            "quarter": 2,
            "eps": 1.46,
            "eps_growth_year": -5.81,
            "eps_4q": 3.98,
            "eps_4q_growth_year": -19.11,
            "roe": 5.55,
            "roe_4q": 15.950000000000001,
            "gross_profit": 294210,
            "gross_margin": 21.41,
            "gross_margin_4q_avg": 18.72,
            "net_income": 199641,
            "net_income_4q": null,
            "revenue": 1374047,
            "revenue_4q": null,
            "common_shares": 1386438,
            "book_valuer_per_share": 25.41,
            "book_valuer_per_share_4q_avg": 25.71,
            "equity": 3522616,
            "current_ratio": 180.62,
            "debt_ratio": 39.34,
            "inventory_turnover_ratio": 1.11,
            "account_receivable_turnover_ratio": null,
            "reinvestment_rate": 71.16,
            "research_to_sale_ratio": null,
            "price_fair": 163.68,
            "eps_avg_yearly": 4.68,
            "eps_latest_yearly": 5.84,
            "eps_growth_yearly": 401.17
        },
        "20073": {
            "year_quarter": 20073,
            "year": 2007,
            "quarter": 3,
            "eps": 1.47,
            "eps_growth_year": 12.21,
            "eps_4q": 4.14,
            "eps_4q_growth_year": -27.15,
            "roe": 5.8,
            "roe_4q": 16.58,
            "gross_profit": 268321,
            "gross_margin": 23.25,
            "gross_margin_4q_avg": 18.75,
            "net_income": 212760,
            "net_income_4q": null,
            "revenue": 1153951,
            "revenue_4q": null,
            "common_shares": 1466760,
            "book_valuer_per_share": 26.04,
            "book_valuer_per_share_4q_avg": 25.91,
            "equity": 3819109,
            "current_ratio": 252.16,
            "debt_ratio": 46.06,
            "inventory_turnover_ratio": 0.74,
            "account_receivable_turnover_ratio": null,
            "reinvestment_rate": 53.53,
            "research_to_sale_ratio": null,
            "price_fair": 179.55,
            "eps_avg_yearly": 5.13,
            "eps_latest_yearly": 5.88,
            "eps_growth_yearly": 431.54
        },
        "20074": {
            "year_quarter": 20074,
            "year": 2007,
            "quarter": 4,
            "eps": 1.15,
            "eps_growth_year": 55.41,
            "eps_4q": 4.68,
            "eps_4q_growth_year": 4.33,
            "roe": 4.01,
            "roe_4q": 17.96,
            "gross_profit": 159989,
            "gross_margin": 13.31,
            "gross_margin_4q_avg": 18.99,
            "net_income": 165153,
            "net_income_4q": null,
            "revenue": 1202194,
            "revenue_4q": null,
            "common_shares": 1467202,
            "book_valuer_per_share": 26.34,
            "book_valuer_per_share_4q_avg": 26.07,
            "equity": 4417154,
            "current_ratio": 318.8,
            "debt_ratio": 45.24,
            "inventory_turnover_ratio": 0.82,
            "account_receivable_turnover_ratio": null,
            "reinvestment_rate": 82.7,
            "research_to_sale_ratio": null,
            "price_fair": 178.73,
            "eps_avg_yearly": 5.11,
            "eps_latest_yearly": 4.6,
            "eps_growth_yearly": 87.92
        },
        "20081": {
            "year_quarter": 20081,
            "year": 2008,
            "quarter": 1,
            "eps": 0.76,
            "eps_growth_year": 10.14,
            "eps_4q": 4.9,
            "eps_4q_growth_year": 30.95,
            "roe": 2.39,
            "roe_4q": 17.75,
            "gross_profit": 280701,
            "gross_margin": 22.31,
            "gross_margin_4q_avg": 20.07,
            "net_income": 106128,
            "net_income_4q": null,
            "revenue": 1258180,
            "revenue_4q": null,
            "common_shares": 1467202,
            "book_valuer_per_share": 26.59,
            "book_valuer_per_share_4q_avg": 26.1,
            "equity": 4457625,
            "current_ratio": 331.59,
            "debt_ratio": 45.03,
            "inventory_turnover_ratio": 0.72,
            "account_receivable_turnover_ratio": null,
            "reinvestment_rate": 93.29,
            "research_to_sale_ratio": null,
            "price_fair": 173.17,
            "eps_avg_yearly": 4.95,
            "eps_latest_yearly": 3.04,
            "eps_growth_yearly": 70.72
        },
        "20082": {
            "year_quarter": 20082,
            "year": 2008,
            "quarter": 2,
            "eps": 0.66,
            "eps_growth_year": -54.79,
            "eps_4q": 4.23,
            "eps_4q_growth_year": 6.21,
            "roe": 2.11,
            "roe_4q": 14.309999999999999,
            "gross_profit": 309189,
            "gross_margin": 19.72,
            "gross_margin_4q_avg": 19.65,
            "net_income": 90413,
            "net_income_4q": null,
            "revenue": 1568268,
            "revenue_4q": null,
            "common_shares": 1467202,
            "book_valuer_per_share": 24.31,
            "book_valuer_per_share_4q_avg": 25.82,
            "equity": 4116568,
            "current_ratio": 175.72,
            "debt_ratio": 56.26,
            "inventory_turnover_ratio": 0.79,
            "account_receivable_turnover_ratio": null,
            "reinvestment_rate": 125.35,
            "research_to_sale_ratio": null,
            "price_fair": 167.4,
            "eps_avg_yearly": 4.78,
            "eps_latest_yearly": 2.64,
            "eps_growth_yearly": 61.91
        },
        "20083": {
            "year_quarter": 20083,
            "year": 2008,
            "quarter": 3,
            "eps": 2.03,
            "eps_growth_year": 38.1,
            "eps_4q": 4.21,
            "eps_4q_growth_year": 1.63,
            "roe": 7.51,
            "roe_4q": 16.02,
            "gross_profit": 389202,
            "gross_margin": 19.77,
            "gross_margin_4q_avg": 18.78,
            "net_income": 324633,
            "net_income_4q": null,
            "revenue": 1968739,
            "revenue_4q": null,
            "common_shares": 1554162,
            "book_valuer_per_share": 25.52,
            "book_valuer_per_share_4q_avg": 25.69,
            "equity": 4524289,
            "current_ratio": 96.9,
            "debt_ratio": 61.23,
            "inventory_turnover_ratio": 0.85,
            "account_receivable_turnover_ratio": null,
            "reinvestment_rate": 133.38,
            "research_to_sale_ratio": null,
            "price_fair": 184.1,
            "eps_avg_yearly": 5.26,
            "eps_latest_yearly": 8.12,
            "eps_growth_yearly": 129.62
        },
        "20084": {
            "year_quarter": 20084,
            "year": 2008,
            "quarter": 4,
            "eps": 1.51,
            "eps_growth_year": 31.3,
            "eps_4q": 4.12,
            "eps_4q_growth_year": -11.92,
            "roe": 5.68,
            "roe_4q": 17.689999999999998,
            "gross_profit": 382873,
            "gross_margin": 20.89,
            "gross_margin_4q_avg": 20.67,
            "net_income": 269433,
            "net_income_4q": null,
            "revenue": 1832752,
            "revenue_4q": null,
            "common_shares": 1554162,
            "book_valuer_per_share": 28.05,
            "book_valuer_per_share_4q_avg": 26.12,
            "equity": 4959956,
            "current_ratio": 111.63,
            "debt_ratio": 60,
            "inventory_turnover_ratio": 0.77,
            "account_receivable_turnover_ratio": 2.33,
            "reinvestment_rate": 129.61,
            "research_to_sale_ratio": null,
            "price_fair": 187.4,
            "eps_avg_yearly": 5.35,
            "eps_latest_yearly": 6.04,
            "eps_growth_yearly": 57.23
        },
        "20091": {
            "year_quarter": 20091,
            "year": 2009,
            "quarter": 1,
            "eps": 0.23,
            "eps_growth_year": -69.74,
            "eps_4q": 6.13,
            "eps_4q_growth_year": 25.01,
            "roe": 0.5,
            "roe_4q": 15.799999999999999,
            "gross_profit": 42971,
            "gross_margin": 4.63,
            "gross_margin_4q_avg": 16.25,
            "net_income": 24877,
            "net_income_4q": null,
            "revenue": 928323,
            "revenue_4q": null,
            "common_shares": 1554162,
            "book_valuer_per_share": 28.6,
            "book_valuer_per_share_4q_avg": 26.62,
            "equity": 5035653,
            "current_ratio": 105.21,
            "debt_ratio": 57.33,
            "inventory_turnover_ratio": 0.52,
            "account_receivable_turnover_ratio": 0.72,
            "reinvestment_rate": 136.17,
            "research_to_sale_ratio": null,
            "price_fair": 101.15,
            "eps_avg_yearly": 4.82,
            "eps_latest_yearly": 0.92,
            "eps_growth_yearly": 10.97
        },
        "20092": {
            "year_quarter": 20092,
            "year": 2009,
            "quarter": 2,
            "eps": -0.15,
            "eps_growth_year": -122.73,
            "eps_4q": 3.17,
            "eps_4q_growth_year": -24.95,
            "roe": -1.23,
            "roe_4q": 12.459999999999999,
            "gross_profit": 125370,
            "gross_margin": 9.97,
            "gross_margin_4q_avg": 13.82,
            "net_income": -60401,
            "net_income_4q": null,
            "revenue": 1257282,
            "revenue_4q": null,
            "common_shares": 1712753,
            "book_valuer_per_share": 24.79,
            "book_valuer_per_share_4q_avg": 26.74,
            "equity": 4799100,
            "current_ratio": 116.95,
            "debt_ratio": 59.9,
            "inventory_turnover_ratio": 0.77,
            "account_receivable_turnover_ratio": 1.32,
            "reinvestment_rate": 145.77,
            "research_to_sale_ratio": null,
            "price_fair": 109.69,
            "eps_avg_yearly": 4.59,
            "eps_latest_yearly": 0.92,
            "eps_growth_yearly": 13.88
        },
        "20093": {
            "year_quarter": 20093,
            "year": 2009,
            "quarter": 3,
            "eps": -0.43,
            "eps_growth_year": -121.18,
            "eps_4q": 0.96,
            "eps_4q_growth_year": -77.17,
            "roe": -1.45,
            "roe_4q": 3.5,
            "gross_profit": 236522,
            "gross_margin": 18.09,
            "gross_margin_4q_avg": 13.4,
            "net_income": -69116,
            "net_income_4q": null,
            "revenue": 1307253,
            "revenue_4q": null,
            "common_shares": 1726537,
            "book_valuer_per_share": 24.34,
            "book_valuer_per_share_4q_avg": 26.45,
            "equity": 4757839,
            "current_ratio": 114.93,
            "debt_ratio": 60.83,
            "inventory_turnover_ratio": 0.79,
            "account_receivable_turnover_ratio": 1.17,
            "reinvestment_rate": 155.89,
            "research_to_sale_ratio": null,
            "price_fair": 109.69,
            "eps_avg_yearly": 4.59,
            "eps_latest_yearly": 0.92,
            "eps_growth_yearly": 13.88
        },
        "20094": {
            "year_quarter": 20094,
            "year": 2009,
            "quarter": 4,
            "eps": 0.47,
            "eps_growth_year": -68.87,
            "eps_4q": 0.11,
            "eps_4q_growth_year": -97.44,
            "roe": 1.94,
            "roe_4q": -0.24,
            "gross_profit": 397502,
            "gross_margin": 24.93,
            "gross_margin_4q_avg": 14.41,
            "net_income": 93998,
            "net_income_4q": null,
            "revenue": 1594695,
            "revenue_4q": null,
            "common_shares": 1753332,
            "book_valuer_per_share": 25.48,
            "book_valuer_per_share_4q_avg": 25.8,
            "equity": 4932553,
            "current_ratio": 109.33,
            "debt_ratio": 59.06,
            "inventory_turnover_ratio": 1.5,
            "account_receivable_turnover_ratio": 2.56,
            "reinvestment_rate": 342.71,
            "research_to_sale_ratio": null,
            "price_fair": 109.69,
            "eps_avg_yearly": 4.59,
            "eps_latest_yearly": 0.92,
            "eps_growth_yearly": 13.88
        },
        "20101": {
            "year_quarter": 20101,
            "year": 2010,
            "quarter": 1,
            "eps": 0.14,
            "eps_growth_year": -39.13,
            "eps_4q": 0.05,
            "eps_4q_growth_year": -99.21,
            "roe": 0.8,
            "roe_4q": 0.060000000000000275,
            "gross_profit": 220768,
            "gross_margin": 16.68,
            "gross_margin_4q_avg": 17.42,
            "net_income": 43884,
            "net_income_4q": null,
            "revenue": 1323313,
            "revenue_4q": null,
            "common_shares": 2121826,
            "book_valuer_per_share": 26.29,
            "book_valuer_per_share_4q_avg": 25.23,
            "equity": 6069768,
            "current_ratio": 134.49,
            "debt_ratio": 55.13,
            "inventory_turnover_ratio": 2.56,
            "account_receivable_turnover_ratio": 1.07,
            "reinvestment_rate": 440.16,
            "research_to_sale_ratio": 2.66,
            "price_fair": 65.25,
            "eps_avg_yearly": 4.22,
            "eps_latest_yearly": 0.56,
            "eps_growth_yearly": 5.48
        },
        "20102": {
            "year_quarter": 20102,
            "year": 2010,
            "quarter": 2,
            "eps": 0.57,
            "eps_growth_year": null,
            "eps_4q": 0.73,
            "eps_4q_growth_year": -76.93,
            "roe": 2.81,
            "roe_4q": 4.1000000000000005,
            "gross_profit": 403514,
            "gross_margin": 18.97,
            "gross_margin_4q_avg": 19.67,
            "net_income": 172175,
            "net_income_4q": null,
            "revenue": 2127213,
            "revenue_4q": null,
            "common_shares": 2121826,
            "book_valuer_per_share": 26.63,
            "book_valuer_per_share_4q_avg": 25.69,
            "equity": 6191369,
            "current_ratio": 105.47,
            "debt_ratio": 57.67,
            "inventory_turnover_ratio": 2.97,
            "account_receivable_turnover_ratio": 1.5,
            "reinvestment_rate": 467.79,
            "research_to_sale_ratio": 1.72,
            "price_fair": 136.98,
            "eps_avg_yearly": 3.91,
            "eps_latest_yearly": 2.28,
            "eps_growth_yearly": 95.94
        },
        "20103": {
            "year_quarter": 20103,
            "year": 2010,
            "quarter": 3,
            "eps": 0.18,
            "eps_growth_year": null,
            "eps_4q": 1.24,
            "eps_4q_growth_year": 29.31,
            "roe": 1.59,
            "roe_4q": 7.140000000000001,
            "gross_profit": 425432,
            "gross_margin": 18.88,
            "gross_margin_4q_avg": 19.87,
            "net_income": 100350,
            "net_income_4q": null,
            "revenue": 2253748,
            "revenue_4q": null,
            "common_shares": 2228052,
            "book_valuer_per_share": 25.45,
            "book_valuer_per_share_4q_avg": 25.96,
            "equity": 6436650,
            "current_ratio": 102.57,
            "debt_ratio": 56.95,
            "inventory_turnover_ratio": 2.83,
            "account_receivable_turnover_ratio": 1.3,
            "reinvestment_rate": 584.94,
            "research_to_sale_ratio": 2.12,
            "price_fair": 124.82,
            "eps_avg_yearly": 3.57,
            "eps_latest_yearly": 0.72,
            "eps_growth_yearly": 79.65
        },
        "20104": {
            "year_quarter": 20104,
            "year": 2010,
            "quarter": 4,
            "eps": 0.19,
            "eps_growth_year": -60,
            "eps_4q": 1.07,
            "eps_4q_growth_year": 911.18,
            "roe": 1.13,
            "roe_4q": 6.329999999999999,
            "gross_profit": 430134,
            "gross_margin": 15.86,
            "gross_margin_4q_avg": 17.6,
            "net_income": 76959,
            "net_income_4q": null,
            "revenue": 2711370,
            "revenue_4q": null,
            "common_shares": 2180052,
            "book_valuer_per_share": 25.72,
            "book_valuer_per_share_4q_avg": 26.02,
            "equity": 7188676,
            "current_ratio": 132.69,
            "debt_ratio": 54.32,
            "inventory_turnover_ratio": 3.27,
            "account_receivable_turnover_ratio": 1.49,
            "reinvestment_rate": 576.14,
            "research_to_sale_ratio": 2.02,
            "price_fair": 118.89,
            "eps_avg_yearly": 3.4,
            "eps_latest_yearly": 0.76,
            "eps_growth_yearly": 94.75
        },
        "20111": {
            "year_quarter": 20111,
            "year": 2011,
            "quarter": 1,
            "eps": 0.82,
            "eps_growth_year": 485.71,
            "eps_4q": 1.75,
            "eps_4q_growth_year": 3522.79,
            "roe": 2.72,
            "roe_4q": 8.25,
            "gross_profit": 331935,
            "gross_margin": 11.92,
            "gross_margin_4q_avg": 16.41,
            "net_income": 203062,
            "net_income_4q": null,
            "revenue": 2785122,
            "revenue_4q": null,
            "common_shares": 2200600,
            "book_valuer_per_share": 26.65,
            "book_valuer_per_share_4q_avg": 26.11,
            "equity": 7752762,
            "current_ratio": 126.6,
            "debt_ratio": 52.62,
            "inventory_turnover_ratio": 2.77,
            "account_receivable_turnover_ratio": 1.59,
            "reinvestment_rate": 591.05,
            "research_to_sale_ratio": 1.32,
            "price_fair": 120.29,
            "eps_avg_yearly": 3.44,
            "eps_latest_yearly": 3.28,
            "eps_growth_yearly": 198.85
        },
        "20112": {
            "year_quarter": 20112,
            "year": 2011,
            "quarter": 2,
            "eps": -0.44,
            "eps_growth_year": -177.46,
            "eps_4q": 0.58,
            "eps_4q_growth_year": -20.78,
            "roe": -2.6,
            "roe_4q": 2.84,
            "gross_profit": 42698,
            "gross_margin": 2.08,
            "gross_margin_4q_avg": 12.19,
            "net_income": -203042,
            "net_income_4q": null,
            "revenue": 2053161,
            "revenue_4q": null,
            "common_shares": 2435349,
            "book_valuer_per_share": 25.01,
            "book_valuer_per_share_4q_avg": 25.71,
            "equity": 7858075,
            "current_ratio": 110.16,
            "debt_ratio": 52.74,
            "inventory_turnover_ratio": 2.25,
            "account_receivable_turnover_ratio": 1.34,
            "reinvestment_rate": 742.52,
            "research_to_sale_ratio": 1.62,
            "price_fair": 113.28,
            "eps_avg_yearly": 3.24,
            "eps_latest_yearly": 3.28,
            "eps_growth_yearly": 178.23
        },
        "20113": {
            "year_quarter": 20113,
            "year": 2011,
            "quarter": 3,
            "eps": -0.26,
            "eps_growth_year": -241.17,
            "eps_4q": 0.17,
            "eps_4q_growth_year": -86.21,
            "roe": -1.56,
            "roe_4q": -0.31000000000000005,
            "gross_profit": 31153,
            "gross_margin": 1.64,
            "gross_margin_4q_avg": 7.88,
            "net_income": -124876,
            "net_income_4q": null,
            "revenue": 1904231,
            "revenue_4q": null,
            "common_shares": 2546112,
            "book_valuer_per_share": 24.27,
            "book_valuer_per_share_4q_avg": 25.41,
            "equity": 8163810,
            "current_ratio": 106.58,
            "debt_ratio": 50.06,
            "inventory_turnover_ratio": 2.8,
            "account_receivable_turnover_ratio": 1.3,
            "reinvestment_rate": 965.92,
            "research_to_sale_ratio": 1.87,
            "price_fair": 104.87,
            "eps_avg_yearly": 3,
            "eps_latest_yearly": 3.28,
            "eps_growth_yearly": 194.18
        },
        "20114": {
            "year_quarter": 20114,
            "year": 2011,
            "quarter": 4,
            "eps": -1.07,
            "eps_growth_year": -667.45,
            "eps_4q": -1.06,
            "eps_4q_growth_year": -199.4,
            "roe": -5.71,
            "roe_4q": -7.149999999999999,
            "gross_profit": -17932,
            "gross_margin": -1.15,
            "gross_margin_4q_avg": 3.62,
            "net_income": -452455,
            "net_income_4q": null,
            "revenue": 1559123,
            "revenue_4q": null,
            "common_shares": 2546112,
            "book_valuer_per_share": 23.26,
            "book_valuer_per_share_4q_avg": 24.8,
            "equity": 7691535,
            "current_ratio": 87.65,
            "debt_ratio": 51,
            "inventory_turnover_ratio": 3.18,
            "account_receivable_turnover_ratio": 1.06,
            "reinvestment_rate": 1312.51,
            "research_to_sale_ratio": 3.32,
            "price_fair": 99.26,
            "eps_avg_yearly": 2.84,
            "eps_latest_yearly": 3.28,
            "eps_growth_yearly": 222.31
        },
        "20121": {
            "year_quarter": 20121,
            "year": 2012,
            "quarter": 1,
            "eps": -0.27,
            "eps_growth_year": -132.93,
            "eps_4q": -2.05,
            "eps_4q_growth_year": -217.32,
            "roe": -1.62,
            "roe_4q": -11.49,
            "gross_profit": 96634,
            "gross_margin": 5.33,
            "gross_margin_4q_avg": 1.98,
            "net_income": -124361,
            "net_income_4q": null,
            "revenue": 1812197,
            "revenue_4q": null,
            "common_shares": 2546112,
            "book_valuer_per_share": 23.08,
            "book_valuer_per_share_4q_avg": 23.91,
            "equity": 7631136,
            "current_ratio": 82.7,
            "debt_ratio": 53.3,
            "inventory_turnover_ratio": 3.41,
            "account_receivable_turnover_ratio": 1.3,
            "reinvestment_rate": 1741.63,
            "research_to_sale_ratio": 2.36,
            "price_fair": 98.47,
            "eps_avg_yearly": 2.81,
            "eps_latest_yearly": 3.28,
            "eps_growth_yearly": 262.08
        },
        "20122": {
            "year_quarter": 20122,
            "year": 2012,
            "quarter": 2,
            "eps": -0.47,
            "eps_growth_year": null,
            "eps_4q": -2.08,
            "eps_4q_growth_year": -459.5,
            "roe": -2.17,
            "roe_4q": -11.06,
            "gross_profit": 27597,
            "gross_margin": 1.39,
            "gross_margin_4q_avg": 1.8,
            "net_income": -162740,
            "net_income_4q": null,
            "revenue": 1980498,
            "revenue_4q": null,
            "common_shares": 2546112,
            "book_valuer_per_share": 22.48,
            "book_valuer_per_share_4q_avg": 23.27,
            "equity": 7353525,
            "current_ratio": 81.19,
            "debt_ratio": 55.46,
            "inventory_turnover_ratio": 3.16,
            "account_receivable_turnover_ratio": 1.4,
            "reinvestment_rate": 2416.6,
            "research_to_sale_ratio": 2.12,
            "price_fair": 99.23,
            "eps_avg_yearly": 2.84,
            "eps_latest_yearly": 3.28,
            "eps_growth_yearly": 301.42
        },
        "20123": {
            "year_quarter": 20123,
            "year": 2012,
            "quarter": 3,
            "eps": -0.1,
            "eps_growth_year": null,
            "eps_4q": -1.92,
            "eps_4q_growth_year": -1223.58,
            "roe": -0.82,
            "roe_4q": -10.32,
            "gross_profit": 191888,
            "gross_margin": 9.91,
            "gross_margin_4q_avg": 3.87,
            "net_income": -59879,
            "net_income_4q": null,
            "revenue": 1936969,
            "revenue_4q": null,
            "common_shares": 2520112,
            "book_valuer_per_share": 22.22,
            "book_valuer_per_share_4q_avg": 22.76,
            "equity": 7246031,
            "current_ratio": 84.34,
            "debt_ratio": 54.32,
            "inventory_turnover_ratio": 2.28,
            "account_receivable_turnover_ratio": 1.22,
            "reinvestment_rate": 17554.47,
            "research_to_sale_ratio": 1.79,
            "price_fair": 72.8,
            "eps_avg_yearly": 2.08,
            "eps_latest_yearly": 3.28,
            "eps_growth_yearly": 225.86
        },
        "20124": {
            "year_quarter": 20124,
            "year": 2012,
            "quarter": 4,
            "eps": -2.53,
            "eps_growth_year": null,
            "eps_4q": -3.38,
            "eps_4q_growth_year": null,
            "roe": -16.24,
            "roe_4q": -20.849999999999998,
            "gross_profit": -758219,
            "gross_margin": -37.29,
            "gross_margin_4q_avg": -5.17,
            "net_income": -1086512,
            "net_income_4q": null,
            "revenue": 2033483,
            "revenue_4q": null,
            "common_shares": 2520112,
            "book_valuer_per_share": 19.58,
            "book_valuer_per_share_4q_avg": 21.84,
            "equity": 6134595,
            "current_ratio": 89.16,
            "debt_ratio": 58.33,
            "inventory_turnover_ratio": 4.1,
            "account_receivable_turnover_ratio": 1.18,
            "reinvestment_rate": null,
            "research_to_sale_ratio": 1.83,
            "price_fair": 49.7,
            "eps_avg_yearly": 1.42,
            "eps_latest_yearly": 3.28,
            "eps_growth_yearly": 280.58
        },
        "20131": {
            "year_quarter": 20131,
            "year": 2013,
            "quarter": 1,
            "eps": -0.46,
            "eps_growth_year": null,
            "eps_4q": -3.57,
            "eps_4q_growth_year": null,
            "roe": -2.48,
            "roe_4q": -21.71,
            "gross_profit": -32291,
            "gross_margin": -1.97,
            "gross_margin_4q_avg": -6.99,
            "net_income": -152906,
            "net_income_4q": null,
            "revenue": 1643248,
            "revenue_4q": null,
            "common_shares": 2520112,
            "book_valuer_per_share": 19.54,
            "book_valuer_per_share_4q_avg": 20.96,
            "equity": 6205090,
            "current_ratio": 101.14,
            "debt_ratio": 58.35,
            "inventory_turnover_ratio": 2.61,
            "account_receivable_turnover_ratio": 1.23,
            "reinvestment_rate": null,
            "research_to_sale_ratio": 2.23,
            "price_fair": 53.2,
            "eps_avg_yearly": 1.52,
            "eps_latest_yearly": 3.28,
            "eps_growth_yearly": 404.51
        },
        "20132": {
            "year_quarter": 20132,
            "year": 2013,
            "quarter": 2,
            "eps": 0.37,
            "eps_growth_year": null,
            "eps_4q": -2.73,
            "eps_4q_growth_year": null,
            "roe": 2.45,
            "roe_4q": -17.09,
            "gross_profit": 319333,
            "gross_margin": 14.09,
            "gross_margin_4q_avg": -3.82,
            "net_income": 154898,
            "net_income_4q": null,
            "revenue": 2266090,
            "revenue_4q": null,
            "common_shares": 2520112,
            "book_valuer_per_share": 20.05,
            "book_valuer_per_share_4q_avg": 20.35,
            "equity": 6429519,
            "current_ratio": 111.48,
            "debt_ratio": 57.85,
            "inventory_turnover_ratio": 2.33,
            "account_receivable_turnover_ratio": 2.2,
            "reinvestment_rate": null,
            "research_to_sale_ratio": 1.73,
            "price_fair": 53.2,
            "eps_avg_yearly": 1.52,
            "eps_latest_yearly": 3.28,
            "eps_growth_yearly": 404.51
        },
        "20133": {
            "year_quarter": 20133,
            "year": 2013,
            "quarter": 3,
            "eps": -0.17,
            "eps_growth_year": null,
            "eps_4q": -2.8,
            "eps_4q_growth_year": null,
            "roe": -0.23,
            "roe_4q": -16.5,
            "gross_profit": 165914,
            "gross_margin": 8.65,
            "gross_margin_4q_avg": -4.13,
            "net_income": -14471,
            "net_income_4q": null,
            "revenue": 1918659,
            "revenue_4q": null,
            "common_shares": 2520112,
            "book_valuer_per_share": 19.74,
            "book_valuer_per_share_4q_avg": 19.73,
            "equity": 6384503,
            "current_ratio": 103.18,
            "debt_ratio": 56.75,
            "inventory_turnover_ratio": 2.31,
            "account_receivable_turnover_ratio": 1.92,
            "reinvestment_rate": null,
            "research_to_sale_ratio": 2.1,
            "price_fair": 53.2,
            "eps_avg_yearly": 1.52,
            "eps_latest_yearly": 3.28,
            "eps_growth_yearly": 404.51
        },
        "20134": {
            "year_quarter": 20134,
            "year": 2013,
            "quarter": 4,
            "eps": -1.57,
            "eps_growth_year": null,
            "eps_4q": -1.83,
            "eps_4q_growth_year": null,
            "roe": -5.95,
            "roe_4q": -6.210000000000001,
            "gross_profit": -181,
            "gross_margin": -0.01,
            "gross_margin_4q_avg": 5.19,
            "net_income": -382125,
            "net_income_4q": null,
            "revenue": 2121210,
            "revenue_4q": null,
            "common_shares": 2520112,
            "book_valuer_per_share": 18.87,
            "book_valuer_per_share_4q_avg": 19.55,
            "equity": 6465809,
            "current_ratio": 106.34,
            "debt_ratio": 55.97,
            "inventory_turnover_ratio": 3.21,
            "account_receivable_turnover_ratio": 2.4,
            "reinvestment_rate": null,
            "research_to_sale_ratio": 2.13,
            "price_fair": 53.2,
            "eps_avg_yearly": 1.52,
            "eps_latest_yearly": 3.28,
            "eps_growth_yearly": 404.51
        },
        "20141": {
            "year_quarter": 20141,
            "year": 2014,
            "quarter": 1,
            "eps": 0.53,
            "eps_growth_year": null,
            "eps_4q": -0.83,
            "eps_4q_growth_year": null,
            "roe": 2.72,
            "roe_4q": -1.0099999999999998,
            "gross_profit": 302201,
            "gross_margin": 13.3,
            "gross_margin_4q_avg": 9.01,
            "net_income": 179222,
            "net_income_4q": null,
            "revenue": 2272533,
            "revenue_4q": null,
            "common_shares": 2520112,
            "book_valuer_per_share": 19.57,
            "book_valuer_per_share_4q_avg": 19.56,
            "equity": 6701777,
            "current_ratio": 110.07,
            "debt_ratio": 54.44,
            "inventory_turnover_ratio": 2.24,
            "account_receivable_turnover_ratio": 2.69,
            "reinvestment_rate": null,
            "research_to_sale_ratio": 1.73,
            "price_fair": 61.6,
            "eps_avg_yearly": 1.76,
            "eps_latest_yearly": 3.28,
            "eps_growth_yearly": 575.86
        },
        "20142": {
            "year_quarter": 20142,
            "year": 2014,
            "quarter": 2,
            "eps": 0.16,
            "eps_growth_year": -56.76,
            "eps_4q": -1.04,
            "eps_4q_growth_year": null,
            "roe": 1.12,
            "roe_4q": -2.34,
            "gross_profit": 351464,
            "gross_margin": 11.99,
            "gross_margin_4q_avg": 8.48,
            "net_income": 80496,
            "net_income_4q": null,
            "revenue": 2932418,
            "revenue_4q": null,
            "common_shares": 2520112,
            "book_valuer_per_share": 19.96,
            "book_valuer_per_share_4q_avg": 19.54,
            "equity": 7726179,
            "current_ratio": 134.25,
            "debt_ratio": 48.32,
            "inventory_turnover_ratio": 2.87,
            "account_receivable_turnover_ratio": 2.62,
            "reinvestment_rate": null,
            "research_to_sale_ratio": 1.42,
            "price_fair": 47.25,
            "eps_avg_yearly": 1.35,
            "eps_latest_yearly": 0.64,
            "eps_growth_yearly": 198.9
        },
        "20143": {
            "year_quarter": 20143,
            "year": 2014,
            "quarter": 3,
            "eps": 0.09,
            "eps_growth_year": null,
            "eps_4q": -0.79,
            "eps_4q_growth_year": null,
            "roe": 0.15,
            "roe_4q": -1.96,
            "gross_profit": 198252,
            "gross_margin": 8.92,
            "gross_margin_4q_avg": 8.55,
            "net_income": 11527,
            "net_income_4q": null,
            "revenue": 2223342,
            "revenue_4q": null,
            "common_shares": 2520112,
            "book_valuer_per_share": 20.39,
            "book_valuer_per_share_4q_avg": 19.7,
            "equity": 7892718,
            "current_ratio": 119.49,
            "debt_ratio": 49.96,
            "inventory_turnover_ratio": 2.6,
            "account_receivable_turnover_ratio": 1.46,
            "reinvestment_rate": null,
            "research_to_sale_ratio": 1.85,
            "price_fair": 44.1,
            "eps_avg_yearly": 1.26,
            "eps_latest_yearly": 0.36,
            "eps_growth_yearly": 223.57
        },
        "20144": {
            "year_quarter": 20144,
            "year": 2014,
            "quarter": 4,
            "eps": -0.04,
            "eps_growth_year": null,
            "eps_4q": 0.74,
            "eps_4q_growth_year": null,
            "roe": -0.08,
            "roe_4q": 3.91,
            "gross_profit": 212112,
            "gross_margin": 7.47,
            "gross_margin_4q_avg": 10.42,
            "net_income": -6098,
            "net_income_4q": null,
            "revenue": 2837890,
            "revenue_4q": null,
            "common_shares": 2470112,
            "book_valuer_per_share": 20.73,
            "book_valuer_per_share_4q_avg": 20.16,
            "equity": 7992160,
            "current_ratio": 129.13,
            "debt_ratio": 47.91,
            "inventory_turnover_ratio": 3.28,
            "account_receivable_turnover_ratio": 2.04,
            "reinvestment_rate": null,
            "research_to_sale_ratio": 1.49,
            "price_fair": 49.93,
            "eps_avg_yearly": 1.43,
            "eps_latest_yearly": 0.36,
            "eps_growth_yearly": 290.69
        },
        "20151": {
            "year_quarter": 20151,
            "year": 2015,
            "quarter": 1,
            "eps": 0.01,
            "eps_growth_year": -98.11,
            "eps_4q": 0.21,
            "eps_4q_growth_year": null,
            "roe": 0.18,
            "roe_4q": 1.37,
            "gross_profit": 185305,
            "gross_margin": 7.61,
            "gross_margin_4q_avg": 9,
            "net_income": 14652,
            "net_income_4q": null,
            "revenue": 2435282,
            "revenue_4q": null,
            "common_shares": 2540112,
            "book_valuer_per_share": 20.37,
            "book_valuer_per_share_4q_avg": 20.36,
            "equity": 8049552,
            "current_ratio": 125.84,
            "debt_ratio": 48.17,
            "inventory_turnover_ratio": 2.56,
            "account_receivable_turnover_ratio": 2.16,
            "reinvestment_rate": null,
            "research_to_sale_ratio": 1.72,
            "price_fair": 1.5,
            "eps_avg_yearly": 0.5,
            "eps_latest_yearly": 0.36,
            "eps_growth_yearly": -227.12
        },
        "20152": {
            "year_quarter": 20152,
            "year": 2015,
            "quarter": 2,
            "eps": 0.07,
            "eps_growth_year": -56.25,
            "eps_4q": 0.12,
            "eps_4q_growth_year": null,
            "roe": -0.06,
            "roe_4q": 0.19,
            "gross_profit": 120901,
            "gross_margin": 5.35,
            "gross_margin_4q_avg": 7.34,
            "net_income": -5179,
            "net_income_4q": null,
            "revenue": 2261367,
            "revenue_4q": null,
            "common_shares": 2540112,
            "book_valuer_per_share": 19.75,
            "book_valuer_per_share_4q_avg": 20.31,
            "equity": 8431131,
            "current_ratio": 139.11,
            "debt_ratio": 45.19,
            "inventory_turnover_ratio": 2.28,
            "account_receivable_turnover_ratio": 2.21,
            "reinvestment_rate": null,
            "research_to_sale_ratio": 1.71,
            "price_fair": 14.93,
            "eps_avg_yearly": 0.43,
            "eps_latest_yearly": 0.28,
            "eps_growth_yearly": 648.58
        },
        "20153": {
            "year_quarter": 20153,
            "year": 2015,
            "quarter": 3,
            "eps": 0.07,
            "eps_growth_year": -22.22,
            "eps_4q": 0.11,
            "eps_4q_growth_year": null,
            "roe": 1.13,
            "roe_4q": 1.1699999999999997,
            "gross_profit": 232949,
            "gross_margin": 8.61,
            "gross_margin_4q_avg": 7.26,
            "net_income": 96046,
            "net_income_4q": null,
            "revenue": 2704484,
            "revenue_4q": null,
            "common_shares": 2540112,
            "book_valuer_per_share": 20.14,
            "book_valuer_per_share_4q_avg": 20.25,
            "equity": 8547839,
            "current_ratio": 139.85,
            "debt_ratio": 45.08,
            "inventory_turnover_ratio": 2.82,
            "account_receivable_turnover_ratio": 2.45,
            "reinvestment_rate": null,
            "research_to_sale_ratio": 1.63,
            "price_fair": 13.65,
            "eps_avg_yearly": 0.39,
            "eps_latest_yearly": 0.28,
            "eps_growth_yearly": 486.44
        },
        "20154": {
            "year_quarter": 20154,
            "year": 2015,
            "quarter": 4,
            "eps": 0.15,
            "eps_growth_year": null,
            "eps_4q": 0.3,
            "eps_4q_growth_year": -59.73,
            "roe": 2.01,
            "roe_4q": 3.26,
            "gross_profit": 488892,
            "gross_margin": 13.83,
            "gross_margin_4q_avg": 8.85,
            "net_income": 171975,
            "net_income_4q": null,
            "revenue": 3533973,
            "revenue_4q": null,
            "common_shares": 2540112,
            "book_valuer_per_share": 19.8,
            "book_valuer_per_share_4q_avg": 20.02,
            "equity": 8555109,
            "current_ratio": 143.96,
            "debt_ratio": 45.17,
            "inventory_turnover_ratio": 3.74,
            "account_receivable_turnover_ratio": 2.51,
            "reinvestment_rate": null,
            "research_to_sale_ratio": 1.66,
            "price_fair": 15.12,
            "eps_avg_yearly": 0.43,
            "eps_latest_yearly": 0.6,
            "eps_growth_yearly": 480.58
        },
        "20161": {
            "year_quarter": 20161,
            "year": 2016,
            "quarter": 1,
            "eps": 0.11,
            "eps_growth_year": 1000,
            "eps_4q": 0.4,
            "eps_4q_growth_year": 89.48,
            "roe": 1.72,
            "roe_4q": 4.8,
            "gross_profit": 379220,
            "gross_margin": 13.48,
            "gross_margin_4q_avg": 10.32,
            "net_income": 148608,
            "net_income_4q": null,
            "revenue": 2813740,
            "revenue_4q": null,
            "common_shares": 2540112,
            "book_valuer_per_share": 19.98,
            "book_valuer_per_share_4q_avg": 19.92,
            "equity": 8693942,
            "current_ratio": 148.62,
            "debt_ratio": 43.16,
            "inventory_turnover_ratio": 2.84,
            "account_receivable_turnover_ratio": 1.94,
            "reinvestment_rate": null,
            "research_to_sale_ratio": 1.84,
            "price_fair": 15.17,
            "eps_avg_yearly": 0.43,
            "eps_latest_yearly": 0.44,
            "eps_growth_yearly": 382.71
        },
        "20162": {
            "year_quarter": 20162,
            "year": 2016,
            "quarter": 2,
            "eps": 0.38,
            "eps_growth_year": 442.86,
            "eps_4q": 0.71,
            "eps_4q_growth_year": 478.38,
            "roe": 2.15,
            "roe_4q": 7.01,
            "gross_profit": 43821,
            "gross_margin": 2.08,
            "gross_margin_4q_avg": 9.5,
            "net_income": 147080,
            "net_income_4q": null,
            "revenue": 2106830,
            "revenue_4q": null,
            "common_shares": 2540112,
            "book_valuer_per_share": 19.24,
            "book_valuer_per_share_4q_avg": 19.79,
            "equity": 4968049,
            "current_ratio": 133.42,
            "debt_ratio": 45.69,
            "inventory_turnover_ratio": 3.68,
            "account_receivable_turnover_ratio": 2.26,
            "reinvestment_rate": null,
            "research_to_sale_ratio": 2.16,
            "price_fair": 20.6,
            "eps_avg_yearly": 0.59,
            "eps_latest_yearly": 1.52,
            "eps_growth_yearly": 468.29
        },
        "20163": {
            "year_quarter": 20163,
            "year": 2016,
            "quarter": 3,
            "eps": -0.76,
            "eps_growth_year": -1185.71,
            "eps_4q": -0.12,
            "eps_4q_growth_year": -212.38,
            "roe": -4.18,
            "roe_4q": 1.7,
            "gross_profit": 35403,
            "gross_margin": 5.51,
            "gross_margin_4q_avg": 8.73,
            "net_income": -201837,
            "net_income_4q": null,
            "revenue": 642291,
            "revenue_4q": null,
            "common_shares": 2540112,
            "book_valuer_per_share": 18.21,
            "book_valuer_per_share_4q_avg": 19.31,
            "equity": 4695953,
            "current_ratio": 130.03,
            "debt_ratio": 45.57,
            "inventory_turnover_ratio": 3.95,
            "account_receivable_turnover_ratio": 1.66,
            "reinvestment_rate": null,
            "research_to_sale_ratio": 4.7,
            "price_fair": 20.6,
            "eps_avg_yearly": 0.59,
            "eps_latest_yearly": 1.52,
            "eps_growth_yearly": 468.29
        },
        "20164": {
            "year_quarter": 20164,
            "year": 2016,
            "quarter": 4,
            "eps": -1.02,
            "eps_growth_year": -767.53,
            "eps_4q": -1.29,
            "eps_4q_growth_year": -531.83,
            "roe": -6.15,
            "roe_4q": -6.46,
            "gross_profit": 33506,
            "gross_margin": 5.28,
            "gross_margin_4q_avg": 6.59,
            "net_income": -278196,
            "net_income_4q": null,
            "revenue": 634642,
            "revenue_4q": null,
            "common_shares": 2540112,
            "book_valuer_per_share": 16.96,
            "book_valuer_per_share_4q_avg": 18.6,
            "equity": 4352419,
            "current_ratio": 149.46,
            "debt_ratio": 48.03,
            "inventory_turnover_ratio": 4.14,
            "account_receivable_turnover_ratio": 1.74,
            "reinvestment_rate": null,
            "research_to_sale_ratio": 6.03,
            "price_fair": 20.6,
            "eps_avg_yearly": 0.59,
            "eps_latest_yearly": 1.52,
            "eps_growth_yearly": 468.29
        },
        "20171": {
            "year_quarter": 20171,
            "year": 2017,
            "quarter": 1,
            "eps": -0.79,
            "eps_growth_year": -818.18,
            "eps_4q": -2.19,
            "eps_4q_growth_year": -645.79,
            "roe": -4.83,
            "roe_4q": -13.01,
            "gross_profit": 38702,
            "gross_margin": 7.42,
            "gross_margin_4q_avg": 5.07,
            "net_income": -203468,
            "net_income_4q": null,
            "revenue": 521635,
            "revenue_4q": null,
            "common_shares": 2540112,
            "book_valuer_per_share": 15.88,
            "book_valuer_per_share_4q_avg": 17.57,
            "equity": 4073122,
            "current_ratio": 133.12,
            "debt_ratio": 50.54,
            "inventory_turnover_ratio": 3.44,
            "account_receivable_turnover_ratio": 1.11,
            "reinvestment_rate": null,
            "research_to_sale_ratio": 4.77,
            "price_fair": 20.6,
            "eps_avg_yearly": 0.59,
            "eps_latest_yearly": 1.52,
            "eps_growth_yearly": 468.29
        },
        "20172": {
            "year_quarter": 20172,
            "year": 2017,
            "quarter": 2,
            "eps": -0.41,
            "eps_growth_year": -207.89,
            "eps_4q": -2.98,
            "eps_4q_growth_year": -519.26,
            "roe": -2.75,
            "roe_4q": -17.91,
            "gross_profit": 157787,
            "gross_margin": 22.84,
            "gross_margin_4q_avg": 10.26,
            "net_income": -109656,
            "net_income_4q": null,
            "revenue": 690805,
            "revenue_4q": null,
            "common_shares": 2540112,
            "book_valuer_per_share": 15.17,
            "book_valuer_per_share_4q_avg": 16.56,
            "equity": 3889394,
            "current_ratio": 125.97,
            "debt_ratio": 51.47,
            "inventory_turnover_ratio": 3.56,
            "account_receivable_turnover_ratio": 1.62,
            "reinvestment_rate": null,
            "research_to_sale_ratio": 4.41,
            "price_fair": 20.6,
            "eps_avg_yearly": 0.59,
            "eps_latest_yearly": 1.52,
            "eps_growth_yearly": 468.29
        },
        "20173": {
            "year_quarter": 20173,
            "year": 2017,
            "quarter": 3,
            "eps": 0.54,
            "eps_growth_year": null,
            "eps_4q": -1.68,
            "eps_4q_growth_year": null,
            "roe": 3.35,
            "roe_4q": -10.38,
            "gross_profit": 182373,
            "gross_margin": 23.3,
            "gross_margin_4q_avg": 14.71,
            "net_income": 132420,
            "net_income_4q": null,
            "revenue": 782709,
            "revenue_4q": null,
            "common_shares": 2540112,
            "book_valuer_per_share": 15.67,
            "book_valuer_per_share_4q_avg": 15.92,
            "equity": 4015211,
            "current_ratio": 122.59,
            "debt_ratio": 51.58,
            "inventory_turnover_ratio": 3.44,
            "account_receivable_turnover_ratio": 1.89,
            "reinvestment_rate": null,
            "research_to_sale_ratio": 3.69,
            "price_fair": 20.6,
            "eps_avg_yearly": 0.59,
            "eps_latest_yearly": 1.52,
            "eps_growth_yearly": 468.29
        },
        "20174": {
            "year_quarter": 20174,
            "year": 2017,
            "quarter": 4,
            "eps": -0.23,
            "eps_growth_year": null,
            "eps_4q": -0.89,
            "eps_4q_growth_year": null,
            "roe": -13.29,
            "roe_4q": -17.52,
            "gross_profit": -17847,
            "gross_margin": -0.26,
            "gross_margin_4q_avg": 13.33,
            "net_income": -720097,
            "net_income_4q": null,
            "revenue": 6767278,
            "revenue_4q": null,
            "common_shares": 2540112,
            "book_valuer_per_share": 14.73,
            "book_valuer_per_share_4q_avg": 15.36,
            "equity": 6819830,
            "current_ratio": 136.83,
            "debt_ratio": 52.48,
            "inventory_turnover_ratio": 20.39,
            "account_receivable_turnover_ratio": 6.41,
            "reinvestment_rate": null,
            "research_to_sale_ratio": 1.4,
            "price_fair": 20.6,
            "eps_avg_yearly": 0.59,
            "eps_latest_yearly": 1.52,
            "eps_growth_yearly": 468.29
        },
        "20181": {
            "year_quarter": 20181,
            "year": 2018,
            "quarter": 1,
            "eps": 0.13,
            "eps_growth_year": null,
            "eps_4q": 0.03,
            "eps_4q_growth_year": null,
            "roe": -2.06,
            "roe_4q": -14.75,
            "gross_profit": -89785,
            "gross_margin": -5.96,
            "gross_margin_4q_avg": 9.98,
            "net_income": -139727,
            "net_income_4q": null,
            "revenue": 1505849,
            "revenue_4q": null,
            "common_shares": 2540112,
            "book_valuer_per_share": 14.91,
            "book_valuer_per_share_4q_avg": 15.12,
            "equity": 6724359,
            "current_ratio": 140.8,
            "debt_ratio": 52.75,
            "inventory_turnover_ratio": 1.09,
            "account_receivable_turnover_ratio": 1.07,
            "reinvestment_rate": null,
            "research_to_sale_ratio": 2.64,
            "price_fair": 20.6,
            "eps_avg_yearly": 0.59,
            "eps_latest_yearly": 1.52,
            "eps_growth_yearly": 468.29
        },
        "20182": {
            "year_quarter": 20182,
            "year": 2018,
            "quarter": 2,
            "eps": -0.5,
            "eps_growth_year": null,
            "eps_4q": -0.06,
            "eps_4q_growth_year": null,
            "roe": -6.84,
            "roe_4q": -18.839999999999996,
            "gross_profit": -97097,
            "gross_margin": -6.03,
            "gross_margin_4q_avg": 2.76,
            "net_income": -442655,
            "net_income_4q": null,
            "revenue": 1610835,
            "revenue_4q": null,
            "common_shares": 2540112,
            "book_valuer_per_share": 14.1,
            "book_valuer_per_share_4q_avg": 14.85,
            "equity": 6219719,
            "current_ratio": 142.42,
            "debt_ratio": 53.9,
            "inventory_turnover_ratio": 0.73,
            "account_receivable_turnover_ratio": 1.54,
            "reinvestment_rate": null,
            "research_to_sale_ratio": 2.4,
            "price_fair": 20.3,
            "eps_avg_yearly": 0.58,
            "eps_latest_yearly": 1.52,
            "eps_growth_yearly": 592.88
        },
        "20183": {
            "year_quarter": 20183,
            "year": 2018,
            "quarter": 3,
            "eps": 0.45,
            "eps_growth_year": -16.67,
            "eps_4q": -0.15,
            "eps_4q_growth_year": null,
            "roe": -4.6,
            "roe_4q": -26.79,
            "gross_profit": -67597,
            "gross_margin": -5.58,
            "gross_margin_4q_avg": -4.46,
            "net_income": -277892,
            "net_income_4q": null,
            "revenue": 1212168,
            "revenue_4q": null,
            "common_shares": 2540112,
            "book_valuer_per_share": 14.32,
            "book_valuer_per_share_4q_avg": 14.52,
            "equity": 5850216,
            "current_ratio": 147.86,
            "debt_ratio": 53.45,
            "inventory_turnover_ratio": 0.57,
            "account_receivable_turnover_ratio": 1.25,
            "reinvestment_rate": null,
            "research_to_sale_ratio": 2.5,
            "price_fair": 21.84,
            "eps_avg_yearly": 0.62,
            "eps_latest_yearly": 1.52,
            "eps_growth_yearly": 746.46
        },
        "20184": {
            "year_quarter": 20184,
            "year": 2018,
            "quarter": 4,
            "eps": -0.77,
            "eps_growth_year": null,
            "eps_4q": -0.69,
            "eps_4q_growth_year": null,
            "roe": -12.62,
            "roe_4q": -26.119999999999997,
            "gross_profit": 58435,
            "gross_margin": 4.79,
            "gross_margin_4q_avg": -3.2,
            "net_income": -688997,
            "net_income_4q": null,
            "revenue": 1218814,
            "revenue_4q": null,
            "common_shares": 2490112,
            "book_valuer_per_share": 13.52,
            "book_valuer_per_share_4q_avg": 14.21,
            "equity": 5070810,
            "current_ratio": 150.96,
            "debt_ratio": 55.12,
            "inventory_turnover_ratio": 0.53,
            "account_receivable_turnover_ratio": 1.26,
            "reinvestment_rate": null,
            "research_to_sale_ratio": 2.89,
            "price_fair": 21.84,
            "eps_avg_yearly": 0.62,
            "eps_latest_yearly": 1.52,
            "eps_growth_yearly": 746.46
        },
        "20191": {
            "year_quarter": 20191,
            "year": 2019,
            "quarter": 1,
            "eps": -0.15,
            "eps_growth_year": -215.38,
            "eps_4q": -0.97,
            "eps_4q_growth_year": -3827.76,
            "roe": -1.59,
            "roe_4q": -25.65,
            "gross_profit": 52810,
            "gross_margin": 5.67,
            "gross_margin_4q_avg": -0.29,
            "net_income": -80287,
            "net_income_4q": null,
            "revenue": 931816,
            "revenue_4q": null,
            "common_shares": 2490112,
            "book_valuer_per_share": 13.52,
            "book_valuer_per_share_4q_avg": 13.87,
            "equity": 5055955,
            "current_ratio": 166.14,
            "debt_ratio": 55.66,
            "inventory_turnover_ratio": 0.76,
            "account_receivable_turnover_ratio": 0.98,
            "reinvestment_rate": null,
            "research_to_sale_ratio": 2.66,
            "price_fair": 21.84,
            "eps_avg_yearly": 0.62,
            "eps_latest_yearly": 1.52,
            "eps_growth_yearly": 746.46
        },
        "20192": {
            "year_quarter": 20192,
            "year": 2019,
            "quarter": 2,
            "eps": 6.92,
            "eps_growth_year": null,
            "eps_4q": 6.49,
            "eps_4q_growth_year": null,
            "roe": 28.95,
            "roe_4q": 10.14,
            "gross_profit": 189787,
            "gross_margin": 14.7,
            "gross_margin_4q_avg": 4.9,
            "net_income": 1679945,
            "net_income_4q": null,
            "revenue": 1290868,
            "revenue_4q": null,
            "common_shares": 2490112,
            "book_valuer_per_share": 19.94,
            "book_valuer_per_share_4q_avg": 15.33,
            "equity": 6550722,
            "current_ratio": 176.26,
            "debt_ratio": 43.47,
            "inventory_turnover_ratio": 6.29,
            "account_receivable_turnover_ratio": 1.37,
            "reinvestment_rate": -274.62,
            "research_to_sale_ratio": 2.21,
            "price_fair": 24.85,
            "eps_avg_yearly": 0.71,
            "eps_latest_yearly": 1.52,
            "eps_growth_yearly": 333.07
        },
        "20193": {
            "year_quarter": 20193,
            "year": 2019,
            "quarter": 3,
            "eps": -0.23,
            "eps_growth_year": -151.11,
            "eps_4q": 5.7,
            "eps_4q_growth_year": null,
            "roe": -0.85,
            "roe_4q": 13.889999999999999,
            "gross_profit": 104047,
            "gross_margin": 9.44,
            "gross_margin_4q_avg": 8.65,
            "net_income": -55363,
            "net_income_4q": null,
            "revenue": 1102673,
            "revenue_4q": null,
            "common_shares": 2490112,
            "book_valuer_per_share": 19.42,
            "book_valuer_per_share_4q_avg": 16.6,
            "equity": 6463001,
            "current_ratio": 191.95,
            "debt_ratio": 40.96,
            "inventory_turnover_ratio": 5.43,
            "account_receivable_turnover_ratio": 1.38,
            "reinvestment_rate": -313.23,
            "research_to_sale_ratio": 2.37,
            "price_fair": 29.87,
            "eps_avg_yearly": 0.85,
            "eps_latest_yearly": 1.52,
            "eps_growth_yearly": 444.1
        },
        "20194": {
            "year_quarter": 20194,
            "year": 2019,
            "quarter": 4,
            "eps": -1.04,
            "eps_growth_year": null,
            "eps_4q": 5.45,
            "eps_4q_growth_year": null,
            "roe": -8.91,
            "roe_4q": 17.599999999999998,
            "gross_profit": -25437,
            "gross_margin": -2.45,
            "gross_margin_4q_avg": 6.84,
            "net_income": -549199,
            "net_income_4q": null,
            "revenue": 1038416,
            "revenue_4q": null,
            "common_shares": 2490112,
            "book_valuer_per_share": 18.38,
            "book_valuer_per_share_4q_avg": 17.82,
            "equity": 5858156,
            "current_ratio": 174.38,
            "debt_ratio": 42.8,
            "inventory_turnover_ratio": 1.01,
            "account_receivable_turnover_ratio": 1.42,
            "reinvestment_rate": -486.56,
            "research_to_sale_ratio": 2.16,
            "price_fair": 34.3,
            "eps_avg_yearly": 0.98,
            "eps_latest_yearly": 1.52,
            "eps_growth_yearly": 437.58
        },
        "20201": {
            "year_quarter": 20201,
            "year": 2020,
            "quarter": 1,
            "eps": -0.25,
            "eps_growth_year": null,
            "eps_4q": 5.35,
            "eps_4q_growth_year": null,
            "roe": -1.17,
            "roe_4q": 18.02,
            "gross_profit": 109678,
            "gross_margin": 12.59,
            "gross_margin_4q_avg": 8.57,
            "net_income": -68121,
            "net_income_4q": null,
            "revenue": 870986,
            "revenue_4q": null,
            "common_shares": 2490112,
            "book_valuer_per_share": 18.07,
            "book_valuer_per_share_4q_avg": 18.95,
            "equity": 5759450,
            "current_ratio": 169.85,
            "debt_ratio": 44.56,
            "inventory_turnover_ratio": 0.39,
            "account_receivable_turnover_ratio": 1.44,
            "reinvestment_rate": -598.4,
            "research_to_sale_ratio": 3.08,
            "price_fair": 53.2,
            "eps_avg_yearly": 1.52,
            "eps_latest_yearly": 1.52,
            "eps_growth_yearly": 981.82
        },
        "20202": {
            "year_quarter": 20202,
            "year": 2020,
            "quarter": 2,
            "eps": 0,
            "eps_growth_year": -100,
            "eps_4q": -1.54,
            "eps_4q_growth_year": -123.74,
            "roe": 0.77,
            "roe_4q": -10.16,
            "gross_profit": 249342,
            "gross_margin": 24.59,
            "gross_margin_4q_avg": 11.04,
            "net_income": 42599,
            "net_income_4q": null,
            "revenue": 1014032,
            "revenue_4q": null,
            "common_shares": 2490112,
            "book_valuer_per_share": 16,
            "book_valuer_per_share_4q_avg": 17.97,
            "equity": 5267677,
            "current_ratio": 157.84,
            "debt_ratio": 47.17,
            "inventory_turnover_ratio": 0.4,
            "account_receivable_turnover_ratio": 2.3,
            "reinvestment_rate": -457.65,
            "research_to_sale_ratio": 2.73,
            "price_fair": 0,
            "eps_avg_yearly": 0,
            "eps_latest_yearly": 0,
            "eps_growth_yearly": 0
        },
        "20203": {
            "year_quarter": 20203,
            "year": 2020,
            "quarter": 3,
            "eps": -0.28,
            "eps_growth_year": null,
            "eps_4q": -1.57,
            "eps_4q_growth_year": -127.51,
            "roe": -1.62,
            "roe_4q": -10.93,
            "gross_profit": 86683,
            "gross_margin": 8.83,
            "gross_margin_4q_avg": 10.89,
            "net_income": -85365,
            "net_income_4q": null,
            "revenue": 981894,
            "revenue_4q": null,
            "common_shares": 2490112,
            "book_valuer_per_share": 15.84,
            "book_valuer_per_share_4q_avg": 17.07,
            "equity": 5261361,
            "current_ratio": 160.97,
            "debt_ratio": 47.52,
            "inventory_turnover_ratio": 0.46,
            "account_receivable_turnover_ratio": 2.05,
            "reinvestment_rate": -302.38,
            "research_to_sale_ratio": 2.81,
            "price_fair": 0,
            "eps_avg_yearly": 0,
            "eps_latest_yearly": 0,
            "eps_growth_yearly": 0
        },
        "20204": {
            "year_quarter": 20204,
            "year": 2020,
            "quarter": 4,
            "eps": 0.14,
            "eps_growth_year": null,
            "eps_4q": -0.39,
            "eps_4q_growth_year": -107.16,
            "roe": 0.21,
            "roe_4q": -1.81,
            "gross_profit": 91284,
            "gross_margin": 6.38,
            "gross_margin_4q_avg": 13.1,
            "net_income": 11262,
            "net_income_4q": null,
            "revenue": 1431378,
            "revenue_4q": null,
            "common_shares": 2490112,
            "book_valuer_per_share": 16.05,
            "book_valuer_per_share_4q_avg": 16.49,
            "equity": 5302119,
            "current_ratio": 151.68,
            "debt_ratio": 48.28,
            "inventory_turnover_ratio": 0.71,
            "account_receivable_turnover_ratio": 2.73,
            "reinvestment_rate": -119.48,
            "research_to_sale_ratio": 1.78,
            "price_fair": 0,
            "eps_avg_yearly": 0,
            "eps_latest_yearly": 0,
            "eps_growth_yearly": 0
        },
        "20211": {
            "year_quarter": 20211,
            "year": 2021,
            "quarter": 1,
            "eps": -0.3,
            "eps_growth_year": null,
            "eps_4q": -0.44,
            "eps_4q_growth_year": -108.25,
            "roe": -3.03,
            "roe_4q": -3.6699999999999995,
            "gross_profit": 43187,
            "gross_margin": 4.1,
            "gross_margin_4q_avg": 10.98,
            "net_income": -157580,
            "net_income_4q": null,
            "revenue": 1052922,
            "revenue_4q": null,
            "common_shares": 2490112,
            "book_valuer_per_share": 15.66,
            "book_valuer_per_share_4q_avg": 15.89,
            "equity": 5089146,
            "current_ratio": 157,
            "debt_ratio": 50.7,
            "inventory_turnover_ratio": 0.57,
            "account_receivable_turnover_ratio": 2.29,
            "reinvestment_rate": -42.23,
            "research_to_sale_ratio": 2.69,
            "price_fair": 0,
            "eps_avg_yearly": 0,
            "eps_latest_yearly": 0,
            "eps_growth_yearly": 0
        },
        "20212": {
            "year_quarter": 20212,
            "year": 2021,
            "quarter": 2,
            "eps": -0.35,
            "eps_growth_year": null,
            "eps_4q": -0.78,
            "eps_4q_growth_year": null,
            "roe": -4.34,
            "roe_4q": -8.78,
            "gross_profit": -7195,
            "gross_margin": -0.7,
            "gross_margin_4q_avg": 4.65,
            "net_income": -219867,
            "net_income_4q": null,
            "revenue": 1031973,
            "revenue_4q": null,
            "common_shares": 2490112,
            "book_valuer_per_share": 15.34,
            "book_valuer_per_share_4q_avg": 15.72,
            "equity": 5046386,
            "current_ratio": 172.61,
            "debt_ratio": 50.88,
            "inventory_turnover_ratio": 0.62,
            "account_receivable_turnover_ratio": 2.26,
            "reinvestment_rate": -50.13,
            "research_to_sale_ratio": 5.31,
            "price_fair": 0,
            "eps_avg_yearly": 0,
            "eps_latest_yearly": 0,
            "eps_growth_yearly": 0
        },
        "20213": {
            "year_quarter": 20213,
            "year": 2021,
            "quarter": 3,
            "eps": -0.19,
            "eps_growth_year": null,
            "eps_4q": -0.7,
            "eps_4q_growth_year": null,
            "roe": -3.19,
            "roe_4q": -10.349999999999998,
            "gross_profit": 18113,
            "gross_margin": 2.09,
            "gross_margin_4q_avg": 2.97,
            "net_income": -157587,
            "net_income_4q": null,
            "revenue": 866480,
            "revenue_4q": null,
            "common_shares": 2490112,
            "book_valuer_per_share": 13.74,
            "book_valuer_per_share_4q_avg": 15.2,
            "equity": 4836746,
            "current_ratio": 135.59,
            "debt_ratio": 55.41,
            "inventory_turnover_ratio": 0.63,
            "account_receivable_turnover_ratio": 1.29,
            "reinvestment_rate": -82.22,
            "research_to_sale_ratio": 3.31,
            "price_fair": 0,
            "eps_avg_yearly": 0,
            "eps_latest_yearly": 0,
            "eps_growth_yearly": 0
        },
        "20214": {
            "year_quarter": 20214,
            "year": 2021,
            "quarter": 4,
            "eps": -0.3,
            "eps_growth_year": -313.02,
            "eps_4q": -1.15,
            "eps_4q_growth_year": null,
            "roe": -8.76,
            "roe_4q": -19.32,
            "gross_profit": 117540,
            "gross_margin": 10.81,
            "gross_margin_4q_avg": 4.08,
            "net_income": -419798,
            "net_income_4q": null,
            "revenue": 1087530,
            "revenue_4q": null,
            "common_shares": 2490112,
            "book_valuer_per_share": 13.72,
            "book_valuer_per_share_4q_avg": 14.62,
            "equity": 4750564,
            "current_ratio": 128.23,
            "debt_ratio": 54.83,
            "inventory_turnover_ratio": 0.93,
            "account_receivable_turnover_ratio": 1.58,
            "reinvestment_rate": -386.31,
            "research_to_sale_ratio": 3.08,
            "price_fair": 0,
            "eps_avg_yearly": 0,
            "eps_latest_yearly": 0,
            "eps_growth_yearly": 0
        },
        "20221": {
            "year_quarter": 20221,
            "year": 2022,
            "quarter": 1,
            "eps": 0.5,
            "eps_growth_year": null,
            "eps_4q": -0.35,
            "eps_4q_growth_year": null,
            "roe": 1.28,
            "roe_4q": -15.01,
            "gross_profit": 228885,
            "gross_margin": 19.27,
            "gross_margin_4q_avg": 7.87,
            "net_income": 61173,
            "net_income_4q": null,
            "revenue": 1187564,
            "revenue_4q": null,
            "common_shares": 2490112,
            "book_valuer_per_share": 14.3,
            "book_valuer_per_share_4q_avg": 14.28,
            "equity": 4824366,
            "current_ratio": 126.72,
            "debt_ratio": 54.85,
            "inventory_turnover_ratio": 0.95,
            "account_receivable_turnover_ratio": 1.92,
            "reinvestment_rate": -327.4,
            "research_to_sale_ratio": 3.56,
            "price_fair": 0,
            "eps_avg_yearly": 0,
            "eps_latest_yearly": 0,
            "eps_growth_yearly": 0
        },
        "20222": {
            "year_quarter": 20222,
            "year": 2022,
            "quarter": 2,
            "eps": 0.63,
            "eps_growth_year": null,
            "eps_4q": 0.63,
            "eps_4q_growth_year": null,
            "roe": 2.67,
            "roe_4q": -8,
            "gross_profit": 231725,
            "gross_margin": 17.15,
            "gross_margin_4q_avg": 12.33,
            "net_income": 124710,
            "net_income_4q": null,
            "revenue": 1350986,
            "revenue_4q": null,
            "common_shares": 2490112,
            "book_valuer_per_share": 13.24,
            "book_valuer_per_share_4q_avg": 13.75,
            "equity": 4520173,
            "current_ratio": 118.12,
            "debt_ratio": 61.08,
            "inventory_turnover_ratio": 1.11,
            "account_receivable_turnover_ratio": 2.17,
            "reinvestment_rate": -170.5,
            "research_to_sale_ratio": 4.41,
            "price_fair": 88.2,
            "eps_avg_yearly": 2.52,
            "eps_latest_yearly": 2.52,
            "eps_growth_yearly": 104
        },
        "20223": {
            "year_quarter": 20223,
            "year": 2022,
            "quarter": 3,
            "eps": 0.38,
            "eps_growth_year": null,
            "eps_4q": 1.2,
            "eps_4q_growth_year": null,
            "roe": 1.85,
            "roe_4q": -2.96,
            "gross_profit": 283162,
            "gross_margin": 19.11,
            "gross_margin_4q_avg": 16.59,
            "net_income": 91601,
            "net_income_4q": null,
            "revenue": 1481434,
            "revenue_4q": null,
            "common_shares": 2490112,
            "book_valuer_per_share": 14.15,
            "book_valuer_per_share_4q_avg": 13.85,
            "equity": 5363605,
            "current_ratio": 140.87,
            "debt_ratio": 54.97,
            "inventory_turnover_ratio": 1.18,
            "account_receivable_turnover_ratio": 2.83,
            "reinvestment_rate": -173.32,
            "research_to_sale_ratio": 4.23,
            "price_fair": 6.06,
            "eps_avg_yearly": 2.02,
            "eps_latest_yearly": 1.52,
            "eps_growth_yearly": -27.37
        },
        "20224": {
            "year_quarter": 20224,
            "year": 2022,
            "quarter": 4,
            "eps": 0.39,
            "eps_growth_year": null,
            "eps_4q": 1.89,
            "eps_4q_growth_year": null,
            "roe": 3.06,
            "roe_4q": 8.86,
            "gross_profit": 254311,
            "gross_margin": 18.99,
            "gross_margin_4q_avg": 18.63,
            "net_income": 166266,
            "net_income_4q": null,
            "revenue": 1339224,
            "revenue_4q": null,
            "common_shares": 2490112,
            "book_valuer_per_share": 14.54,
            "book_valuer_per_share_4q_avg": 14.06,
            "equity": 5514892,
            "current_ratio": 140.27,
            "debt_ratio": 50.29,
            "inventory_turnover_ratio": 1.08,
            "account_receivable_turnover_ratio": 2.79,
            "reinvestment_rate": -100.9,
            "research_to_sale_ratio": 6.75,
            "price_fair": 5.6,
            "eps_avg_yearly": 1.87,
            "eps_latest_yearly": 1.56,
            "eps_growth_yearly": -14.73
        },
        "20231": {
            "year_quarter": 20231,
            "year": 2023,
            "quarter": 1,
            "eps": 0.29,
            "eps_growth_year": -42,
            "eps_4q": 1.69,
            "eps_4q_growth_year": null,
            "roe": 1.49,
            "roe_4q": 9.07,
            "gross_profit": 272390,
            "gross_margin": 20.34,
            "gross_margin_4q_avg": 18.9,
            "net_income": 79825,
            "net_income_4q": null,
            "revenue": 1338989,
            "revenue_4q": null,
            "common_shares": 2490112,
            "book_valuer_per_share": 13.22,
            "book_valuer_per_share_4q_avg": 13.79,
            "equity": 5196066,
            "current_ratio": 133.1,
            "debt_ratio": 51.36,
            "inventory_turnover_ratio": 1.14,
            "account_receivable_turnover_ratio": 3.62,
            "reinvestment_rate": -15.56,
            "research_to_sale_ratio": 5.31,
            "price_fair": 5.07,
            "eps_avg_yearly": 1.69,
            "eps_latest_yearly": 1.16,
            "eps_growth_yearly": -36.69
        },
        "20232": {
            "year_quarter": 20232,
            "year": 2023,
            "quarter": 2,
            "eps": 0.8,
            "eps_growth_year": 26.98,
            "eps_4q": 1.86,
            "eps_4q_growth_year": 193.57,
            "roe": 4.13,
            "roe_4q": 10.53,
            "gross_profit": 436115,
            "gross_margin": 25.49,
            "gross_margin_4q_avg": 20.98,
            "net_income": 218562,
            "net_income_4q": null,
            "revenue": 1711004,
            "revenue_4q": null,
            "common_shares": 2490112,
            "book_valuer_per_share": 13.98,
            "book_valuer_per_share_4q_avg": 13.97,
            "equity": 5388716,
            "current_ratio": 122.89,
            "debt_ratio": 49.73,
            "inventory_turnover_ratio": 1.61,
            "account_receivable_turnover_ratio": 5.8,
            "reinvestment_rate": -635.76,
            "research_to_sale_ratio": 4.66,
            "price_fair": 69.72,
            "eps_avg_yearly": 1.99,
            "eps_latest_yearly": 3.2,
            "eps_growth_yearly": 111.34
        }
    },
    "months": {
        "2002-01": {
            "month": "2002-01",
            "price": "26.24",
            "revenue": 97803
        },
        "2002-02": {
            "month": "2002-02",
            "price": "41.93",
            "revenue": 74977
        },
        "2002-03": {
            "month": "2002-03",
            "price": "50.09",
            "revenue": 38513
        },
        "2002-04": {
            "month": "2002-04",
            "price": "52.75",
            "revenue": 3848
        },
        "2002-05": {
            "month": "2002-05",
            "price": "52.54",
            "revenue": 71433
        },
        "2002-06": {
            "month": "2002-06",
            "price": "44.42",
            "revenue": 58610
        },
        "2002-07": {
            "month": "2002-07",
            "price": "36.40",
            "revenue": 85141
        },
        "2002-08": {
            "month": "2002-08",
            "price": "37.71",
            "revenue": 86288
        },
        "2002-09": {
            "month": "2002-09",
            "price": "34.46",
            "revenue": 52941
        },
        "2002-10": {
            "month": "2002-10",
            "price": "24.61",
            "revenue": 110916
        },
        "2002-11": {
            "month": "2002-11",
            "price": "23.42",
            "revenue": 105246
        },
        "2002-12": {
            "month": "2002-12",
            "price": "23.32",
            "revenue": 178397
        },
        "2003-01": {
            "month": "2003-01",
            "price": "31.08",
            "revenue": 131519
        },
        "2003-02": {
            "month": "2003-02",
            "price": "27.34",
            "revenue": 95098
        },
        "2003-03": {
            "month": "2003-03",
            "price": "27.32",
            "revenue": 146335
        },
        "2003-04": {
            "month": "2003-04",
            "price": "26.83",
            "revenue": 125689
        },
        "2003-05": {
            "month": "2003-05",
            "price": "25.59",
            "revenue": 149475
        },
        "2003-06": {
            "month": "2003-06",
            "price": "26.48",
            "revenue": 259185
        },
        "2003-07": {
            "month": "2003-07",
            "price": "34.25",
            "revenue": 108136
        },
        "2003-08": {
            "month": "2003-08",
            "price": "39.06",
            "revenue": 108249
        },
        "2003-09": {
            "month": "2003-09",
            "price": "35.81",
            "revenue": 166254
        },
        "2003-10": {
            "month": "2003-10",
            "price": "35.11",
            "revenue": 228897
        },
        "2003-11": {
            "month": "2003-11",
            "price": "34.76",
            "revenue": 393189
        },
        "2003-12": {
            "month": "2003-12",
            "price": "38.26",
            "revenue": 434514
        },
        "2004-01": {
            "month": "2004-01",
            "price": "38.36",
            "revenue": 151242
        },
        "2004-02": {
            "month": "2004-02",
            "price": "37.86",
            "revenue": 133441
        },
        "2004-03": {
            "month": "2004-03",
            "price": "34.02",
            "revenue": 124375
        },
        "2004-04": {
            "month": "2004-04",
            "price": "31.12",
            "revenue": 99074
        },
        "2004-05": {
            "month": "2004-05",
            "price": "25.89",
            "revenue": 130310
        },
        "2004-06": {
            "month": "2004-06",
            "price": "25.53",
            "revenue": 288197
        },
        "2004-07": {
            "month": "2004-07",
            "price": "22.04",
            "revenue": 144590
        },
        "2004-08": {
            "month": "2004-08",
            "price": "20.08",
            "revenue": 69057
        },
        "2004-09": {
            "month": "2004-09",
            "price": "20.88",
            "revenue": 141481
        },
        "2004-10": {
            "month": "2004-10",
            "price": "21.64",
            "revenue": 242964
        },
        "2004-11": {
            "month": "2004-11",
            "price": "21.26",
            "revenue": 139581
        },
        "2004-12": {
            "month": "2004-12",
            "price": "20.00",
            "revenue": 427704
        },
        "2005-01": {
            "month": "2005-01",
            "price": "20.00",
            "revenue": 166744
        },
        "2005-02": {
            "month": "2005-02",
            "price": "25.49",
            "revenue": 168039
        },
        "2005-03": {
            "month": "2005-03",
            "price": "28.98",
            "revenue": 723272
        },
        "2005-04": {
            "month": "2005-04",
            "price": "33.54",
            "revenue": 262593
        },
        "2005-05": {
            "month": "2005-05",
            "price": "35.53",
            "revenue": 465880
        },
        "2005-06": {
            "month": "2005-06",
            "price": "37.39",
            "revenue": 390807
        },
        "2005-07": {
            "month": "2005-07",
            "price": "41.80",
            "revenue": 214167
        },
        "2005-08": {
            "month": "2005-08",
            "price": "43.55",
            "revenue": 92849
        },
        "2005-09": {
            "month": "2005-09",
            "price": "42.09",
            "revenue": 99295
        },
        "2005-10": {
            "month": "2005-10",
            "price": "33.94",
            "revenue": 621253
        },
        "2005-11": {
            "month": "2005-11",
            "price": "34.23",
            "revenue": 335711
        },
        "2005-12": {
            "month": "2005-12",
            "price": "41.55",
            "revenue": 183710
        },
        "2006-01": {
            "month": "2006-01",
            "price": "43.41",
            "revenue": 273473
        },
        "2006-02": {
            "month": "2006-02",
            "price": "42.66",
            "revenue": 216639
        },
        "2006-03": {
            "month": "2006-03",
            "price": "46.41",
            "revenue": 451441
        },
        "2006-04": {
            "month": "2006-04",
            "price": "48.47",
            "revenue": 330690
        },
        "2006-05": {
            "month": "2006-05",
            "price": "47.05",
            "revenue": 345476
        },
        "2006-06": {
            "month": "2006-06",
            "price": "39.20",
            "revenue": 283805
        },
        "2006-07": {
            "month": "2006-07",
            "price": "37.57",
            "revenue": 451504
        },
        "2006-08": {
            "month": "2006-08",
            "price": "38.96",
            "revenue": 215036
        },
        "2006-09": {
            "month": "2006-09",
            "price": "37.52",
            "revenue": 274098
        },
        "2006-10": {
            "month": "2006-10",
            "price": "36.09",
            "revenue": 320730
        },
        "2006-11": {
            "month": "2006-11",
            "price": "37.02",
            "revenue": 233179
        },
        "2006-12": {
            "month": "2006-12",
            "price": "40.34",
            "revenue": 247962
        },
        "2007-01": {
            "month": "2007-01",
            "price": "41.25",
            "revenue": 250197
        },
        "2007-02": {
            "month": "2007-02",
            "price": "42.64",
            "revenue": 191029
        },
        "2007-03": {
            "month": "2007-03",
            "price": "40.74",
            "revenue": 454991
        },
        "2007-04": {
            "month": "2007-04",
            "price": "43.50",
            "revenue": 420728
        },
        "2007-05": {
            "month": "2007-05",
            "price": "41.04",
            "revenue": 459783
        },
        "2007-06": {
            "month": "2007-06",
            "price": "43.33",
            "revenue": 493536
        },
        "2007-07": {
            "month": "2007-07",
            "price": "54.37",
            "revenue": 457699
        },
        "2007-08": {
            "month": "2007-08",
            "price": "54.43",
            "revenue": 362784
        },
        "2007-09": {
            "month": "2007-09",
            "price": "53.03",
            "revenue": 333468
        },
        "2007-10": {
            "month": "2007-10",
            "price": "49.43",
            "revenue": 459461
        },
        "2007-11": {
            "month": "2007-11",
            "price": "43.35",
            "revenue": 410482
        },
        "2007-12": {
            "month": "2007-12",
            "price": "40.24",
            "revenue": 332251
        },
        "2008-01": {
            "month": "2008-01",
            "price": "37.65",
            "revenue": 359952
        },
        "2008-02": {
            "month": "2008-02",
            "price": "38.32",
            "revenue": 304192
        },
        "2008-03": {
            "month": "2008-03",
            "price": "41.07",
            "revenue": 455298
        },
        "2008-04": {
            "month": "2008-04",
            "price": "44.94",
            "revenue": 458265
        },
        "2008-05": {
            "month": "2008-05",
            "price": "48.13",
            "revenue": 433341
        },
        "2008-06": {
            "month": "2008-06",
            "price": "42.96",
            "revenue": 550213
        },
        "2008-07": {
            "month": "2008-07",
            "price": "39.81",
            "revenue": 580484
        },
        "2008-08": {
            "month": "2008-08",
            "price": "38.70",
            "revenue": 477527
        },
        "2008-09": {
            "month": "2008-09",
            "price": "32.84",
            "revenue": 502790
        },
        "2008-10": {
            "month": "2008-10",
            "price": "24.16",
            "revenue": 460264
        },
        "2008-11": {
            "month": "2008-11",
            "price": "24.22",
            "revenue": 360283
        },
        "2008-12": {
            "month": "2008-12",
            "price": "22.45",
            "revenue": 340849
        },
        "2009-01": {
            "month": "2009-01",
            "price": "22.26",
            "revenue": 167267
        },
        "2009-02": {
            "month": "2009-02",
            "price": "22.27",
            "revenue": 129246
        },
        "2009-03": {
            "month": "2009-03",
            "price": "25.07",
            "revenue": 413289
        },
        "2009-04": {
            "month": "2009-04",
            "price": "28.55",
            "revenue": 268969
        },
        "2009-05": {
            "month": "2009-05",
            "price": "31.16",
            "revenue": 272651
        },
        "2009-06": {
            "month": "2009-06",
            "price": "30.61",
            "revenue": 355622
        },
        "2009-07": {
            "month": "2009-07",
            "price": "28.14",
            "revenue": 274816
        },
        "2009-08": {
            "month": "2009-08",
            "price": "26.40",
            "revenue": 263087
        },
        "2009-09": {
            "month": "2009-09",
            "price": "26.26",
            "revenue": 217525
        },
        "2009-10": {
            "month": "2009-10",
            "price": "28.82",
            "revenue": 186575
        },
        "2009-11": {
            "month": "2009-11",
            "price": "26.81",
            "revenue": 258216
        },
        "2009-12": {
            "month": "2009-12",
            "price": "28.82",
            "revenue": 410513
        },
        "2010-01": {
            "month": "2010-01",
            "price": "31.57",
            "revenue": 412350
        },
        "2010-02": {
            "month": "2010-02",
            "price": "26.72",
            "revenue": 234829
        },
        "2010-03": {
            "month": "2010-03",
            "price": "28.11",
            "revenue": 400001
        },
        "2010-04": {
            "month": "2010-04",
            "price": "28.81",
            "revenue": 401054
        },
        "2010-05": {
            "month": "2010-05",
            "price": "24.55",
            "revenue": 438256
        },
        "2010-06": {
            "month": "2010-06",
            "price": "24.23",
            "revenue": 426562
        },
        "2010-07": {
            "month": "2010-07",
            "price": "24.99",
            "revenue": 300247
        },
        "2010-08": {
            "month": "2010-08",
            "price": "26.16",
            "revenue": 193423
        },
        "2010-09": {
            "month": "2010-09",
            "price": "25.74",
            "revenue": 164139
        },
        "2010-10": {
            "month": "2010-10",
            "price": "25.43",
            "revenue": 140004
        },
        "2010-11": {
            "month": "2010-11",
            "price": "24.45",
            "revenue": 150453
        },
        "2010-12": {
            "month": "2010-12",
            "price": "24.65",
            "revenue": 100517
        },
        "2011-01": {
            "month": "2011-01",
            "price": "23.79",
            "revenue": 821128
        },
        "2011-02": {
            "month": "2011-02",
            "price": "24.41",
            "revenue": 909415
        },
        "2011-03": {
            "month": "2011-03",
            "price": "26.47",
            "revenue": 1072184
        },
        "2011-04": {
            "month": "2011-04",
            "price": "28.12",
            "revenue": 726132
        },
        "2011-05": {
            "month": "2011-05",
            "price": "25.88",
            "revenue": 665310
        },
        "2011-06": {
            "month": "2011-06",
            "price": "23.82",
            "revenue": 642616
        },
        "2011-07": {
            "month": "2011-07",
            "price": "22.98",
            "revenue": 675534
        },
        "2011-08": {
            "month": "2011-08",
            "price": "20.00",
            "revenue": 562277
        },
        "2011-09": {
            "month": "2011-09",
            "price": "15.39",
            "revenue": 660336
        },
        "2011-10": {
            "month": "2011-10",
            "price": "15.56",
            "revenue": 541130
        },
        "2011-11": {
            "month": "2011-11",
            "price": "13.08",
            "revenue": 200043
        },
        "2011-12": {
            "month": "2011-12",
            "price": "11.27",
            "revenue": 517545
        },
        "2012-01": {
            "month": "2012-01",
            "price": "12.06",
            "revenue": 556804
        },
        "2012-02": {
            "month": "2012-02",
            "price": "15.24",
            "revenue": 597161
        },
        "2012-03": {
            "month": "2012-03",
            "price": "13.87",
            "revenue": 653452
        },
        "2012-04": {
            "month": "2012-04",
            "price": "11.11",
            "revenue": 644557
        },
        "2012-05": {
            "month": "2012-05",
            "price": "10.66",
            "revenue": 159758
        },
        "2012-06": {
            "month": "2012-06",
            "price": "10.30",
            "revenue": 637240
        },
        "2012-07": {
            "month": "2012-07",
            "price": "10.26",
            "revenue": 650358
        },
        "2012-08": {
            "month": "2012-08",
            "price": "9.90",
            "revenue": 679597
        },
        "2012-09": {
            "month": "2012-09",
            "price": "10.62",
            "revenue": 578194
        },
        "2012-10": {
            "month": "2012-10",
            "price": "9.79",
            "revenue": 576955
        },
        "2012-11": {
            "month": "2012-11",
            "price": "8.67",
            "revenue": 764106
        },
        "2012-12": {
            "month": "2012-12",
            "price": "9.61",
            "revenue": 816253
        },
        "2013-01": {
            "month": "2013-01",
            "price": "10.74",
            "revenue": 471572
        },
        "2013-02": {
            "month": "2013-02",
            "price": "10.38",
            "revenue": 463483
        },
        "2013-03": {
            "month": "2013-03",
            "price": "10.85",
            "revenue": 708016
        },
        "2013-04": {
            "month": "2013-04",
            "price": "10.85",
            "revenue": 689391
        },
        "2013-05": {
            "month": "2013-05",
            "price": "11.23",
            "revenue": 762115
        },
        "2013-06": {
            "month": "2013-06",
            "price": "10.75",
            "revenue": 813065
        },
        "2013-07": {
            "month": "2013-07",
            "price": "10.14",
            "revenue": 707703
        },
        "2013-08": {
            "month": "2013-08",
            "price": "10.60",
            "revenue": 597579
        },
        "2013-09": {
            "month": "2013-09",
            "price": "11.14",
            "revenue": 635843
        },
        "2013-10": {
            "month": "2013-10",
            "price": "13.24",
            "revenue": 698988
        },
        "2013-11": {
            "month": "2013-11",
            "price": "14.01",
            "revenue": 702599
        },
        "2013-12": {
            "month": "2013-12",
            "price": "13.74",
            "revenue": 725692
        },
        "2014-01": {
            "month": "2014-01",
            "price": "14.14",
            "revenue": 675475
        },
        "2014-02": {
            "month": "2014-02",
            "price": "14.74",
            "revenue": 735693
        },
        "2014-03": {
            "month": "2014-03",
            "price": "16.01",
            "revenue": 858597
        },
        "2014-04": {
            "month": "2014-04",
            "price": "15.07",
            "revenue": 1025928
        },
        "2014-05": {
            "month": "2014-05",
            "price": "15.10",
            "revenue": 967874
        },
        "2014-06": {
            "month": "2014-06",
            "price": "16.42",
            "revenue": 941787
        },
        "2014-07": {
            "month": "2014-07",
            "price": "16.07",
            "revenue": 663052
        },
        "2014-08": {
            "month": "2014-08",
            "price": "14.58",
            "revenue": 758912
        },
        "2014-09": {
            "month": "2014-09",
            "price": "15.39",
            "revenue": 802590
        },
        "2014-10": {
            "month": "2014-10",
            "price": "14.02",
            "revenue": 824111
        },
        "2014-11": {
            "month": "2014-11",
            "price": "13.20",
            "revenue": 885310
        },
        "2014-12": {
            "month": "2014-12",
            "price": "13.66",
            "revenue": 1123846
        },
        "2015-01": {
            "month": "2015-01",
            "price": "14.93",
            "revenue": 888446
        },
        "2015-02": {
            "month": "2015-02",
            "price": "15.03",
            "revenue": 778640
        },
        "2015-03": {
            "month": "2015-03",
            "price": "15.10",
            "revenue": 782388
        },
        "2015-04": {
            "month": "2015-04",
            "price": "14.80",
            "revenue": 836254
        },
        "2015-05": {
            "month": "2015-05",
            "price": "12.81",
            "revenue": 701589
        },
        "2015-06": {
            "month": "2015-06",
            "price": "12.26",
            "revenue": 735962
        },
        "2015-07": {
            "month": "2015-07",
            "price": "11.80",
            "revenue": 737361
        },
        "2015-08": {
            "month": "2015-08",
            "price": "10.31",
            "revenue": 877994
        },
        "2015-09": {
            "month": "2015-09",
            "price": "11.45",
            "revenue": 1070121
        },
        "2015-10": {
            "month": "2015-10",
            "price": "12.58",
            "revenue": 912074
        },
        "2015-11": {
            "month": "2015-11",
            "price": "12.37",
            "revenue": 953491
        },
        "2015-12": {
            "month": "2015-12",
            "price": "12.43",
            "revenue": 1668584
        },
        "2016-01": {
            "month": "2016-01",
            "price": "12.31",
            "revenue": 1053238
        },
        "2016-02": {
            "month": "2016-02",
            "price": "12.70",
            "revenue": 819444
        },
        "2016-03": {
            "month": "2016-03",
            "price": "13.03",
            "revenue": 940766
        },
        "2016-04": {
            "month": "2016-04",
            "price": "12.10",
            "revenue": 914768
        },
        "2016-05": {
            "month": "2016-05",
            "price": "11.72",
            "revenue": 1116310
        },
        "2016-06": {
            "month": "2016-06",
            "price": "12.07",
            "revenue": 77676
        },
        "2016-07": {
            "month": "2016-07",
            "price": "12.29",
            "revenue": 224583
        },
        "2016-08": {
            "month": "2016-08",
            "price": "11.88",
            "revenue": 246318
        },
        "2016-09": {
            "month": "2016-09",
            "price": "11.96",
            "revenue": 169379
        },
        "2016-10": {
            "month": "2016-10",
            "price": "11.79",
            "revenue": 197321
        },
        "2016-11": {
            "month": "2016-11",
            "price": "10.93",
            "revenue": 203447
        },
        "2016-12": {
            "month": "2016-12",
            "price": "10.65",
            "revenue": 238255
        },
        "2017-01": {
            "month": "2017-01",
            "price": "10.66",
            "revenue": 228809
        },
        "2017-02": {
            "month": "2017-02",
            "price": "10.77",
            "revenue": 146189
        },
        "2017-03": {
            "month": "2017-03",
            "price": "10.79",
            "revenue": 146085
        },
        "2017-04": {
            "month": "2017-04",
            "price": "10.27",
            "revenue": 214472
        },
        "2017-05": {
            "month": "2017-05",
            "price": "9.77",
            "revenue": 222569
        },
        "2017-06": {
            "month": "2017-06",
            "price": "9.69",
            "revenue": 254004
        },
        "2017-07": {
            "month": "2017-07",
            "price": "9.84",
            "revenue": 247902
        },
        "2017-08": {
            "month": "2017-08",
            "price": "9.58",
            "revenue": 226414
        },
        "2017-09": {
            "month": "2017-09",
            "price": "10.46",
            "revenue": 295525
        },
        "2017-10": {
            "month": "2017-10",
            "price": "10.47",
            "revenue": 293847
        },
        "2017-11": {
            "month": "2017-11",
            "price": "10.88",
            "revenue": 965500
        },
        "2017-12": {
            "month": "2017-12",
            "price": "12.03",
            "revenue": 897274
        },
        "2018-01": {
            "month": "2018-01",
            "price": "12.32",
            "revenue": 561526
        },
        "2018-02": {
            "month": "2018-02",
            "price": "11.01",
            "revenue": 376499
        },
        "2018-03": {
            "month": "2018-03",
            "price": "10.94",
            "revenue": 568084
        },
        "2018-04": {
            "month": "2018-04",
            "price": "10.96",
            "revenue": 664859
        },
        "2018-05": {
            "month": "2018-05",
            "price": "10.68",
            "revenue": 416959
        },
        "2018-06": {
            "month": "2018-06",
            "price": "11.14",
            "revenue": 525220
        },
        "2018-07": {
            "month": "2018-07",
            "price": "10.74",
            "revenue": 515331
        },
        "2018-08": {
            "month": "2018-08",
            "price": "10.41",
            "revenue": 423771
        },
        "2018-09": {
            "month": "2018-09",
            "price": "9.71",
            "revenue": 276140
        },
        "2018-10": {
            "month": "2018-10",
            "price": "9.17",
            "revenue": 415727
        },
        "2018-11": {
            "month": "2018-11",
            "price": "9.67",
            "revenue": 412816
        },
        "2018-12": {
            "month": "2018-12",
            "price": "9.23",
            "revenue": 390789
        },
        "2019-01": {
            "month": "2019-01",
            "price": "9.40",
            "revenue": 280297
        },
        "2019-02": {
            "month": "2019-02",
            "price": "9.63",
            "revenue": 285570
        },
        "2019-03": {
            "month": "2019-03",
            "price": "10.30",
            "revenue": 365102
        },
        "2019-04": {
            "month": "2019-04",
            "price": "13.78",
            "revenue": 399347
        },
        "2019-05": {
            "month": "2019-05",
            "price": "13.81",
            "revenue": 435897
        },
        "2019-06": {
            "month": "2019-06",
            "price": "14.47",
            "revenue": 457216
        },
        "2019-07": {
            "month": "2019-07",
            "price": "14.87",
            "revenue": 395362
        },
        "2019-08": {
            "month": "2019-08",
            "price": "14.69",
            "revenue": 339389
        },
        "2019-09": {
            "month": "2019-09",
            "price": "15.54",
            "revenue": 373760
        },
        "2019-10": {
            "month": "2019-10",
            "price": "15.30",
            "revenue": 291995
        },
        "2019-11": {
            "month": "2019-11",
            "price": "15.23",
            "revenue": 316664
        },
        "2019-12": {
            "month": "2019-12",
            "price": "14.93",
            "revenue": 435879
        },
        "2020-01": {
            "month": "2020-01",
            "price": "16.26",
            "revenue": 273645
        },
        "2020-02": {
            "month": "2020-02",
            "price": "16.32",
            "revenue": 307974
        },
        "2020-03": {
            "month": "2020-03",
            "price": "14.84",
            "revenue": 281797
        },
        "2020-04": {
            "month": "2020-04",
            "price": "14.71",
            "revenue": 319772
        },
        "2020-05": {
            "month": "2020-05",
            "price": "16.89",
            "revenue": 338933
        },
        "2020-06": {
            "month": "2020-06",
            "price": "17.35",
            "revenue": 343462
        },
        "2020-07": {
            "month": "2020-07",
            "price": "17.13",
            "revenue": 318410
        },
        "2020-08": {
            "month": "2020-08",
            "price": "23.41",
            "revenue": 319752
        },
        "2020-09": {
            "month": "2020-09",
            "price": "27.71",
            "revenue": 338184
        },
        "2020-10": {
            "month": "2020-10",
            "price": "33.36",
            "revenue": 422017
        },
        "2020-11": {
            "month": "2020-11",
            "price": "33.86",
            "revenue": 420957
        },
        "2020-12": {
            "month": "2020-12",
            "price": "29.37",
            "revenue": 619129
        },
        "2021-01": {
            "month": "2021-01",
            "price": "26.01",
            "revenue": 375640
        },
        "2021-02": {
            "month": "2021-02",
            "price": "24.61",
            "revenue": 335796
        },
        "2021-03": {
            "month": "2021-03",
            "price": "27.29",
            "revenue": 342696
        },
        "2021-04": {
            "month": "2021-04",
            "price": "27.59",
            "revenue": 379467
        },
        "2021-05": {
            "month": "2021-05",
            "price": "22.92",
            "revenue": 312566
        },
        "2021-06": {
            "month": "2021-06",
            "price": "22.75",
            "revenue": 338027
        },
        "2021-07": {
            "month": "2021-07",
            "price": "23.56",
            "revenue": 296622
        },
        "2021-08": {
            "month": "2021-08",
            "price": "25.18",
            "revenue": 312431
        },
        "2021-09": {
            "month": "2021-09",
            "price": "26.79",
            "revenue": 263981
        },
        "2021-10": {
            "month": "2021-10",
            "price": "26.48",
            "revenue": 307019
        },
        "2021-11": {
            "month": "2021-11",
            "price": "27.07",
            "revenue": 378354
        },
        "2021-12": {
            "month": "2021-12",
            "price": "26.60",
            "revenue": 433279
        },
        "2022-01": {
            "month": "2022-01",
            "price": "27.71",
            "revenue": 385898
        },
        "2022-02": {
            "month": "2022-02",
            "price": "26.40",
            "revenue": 400594
        },
        "2022-03": {
            "month": "2022-03",
            "price": "25.79",
            "revenue": 395099
        },
        "2022-04": {
            "month": "2022-04",
            "price": "24.38",
            "revenue": 410475
        },
        "2022-05": {
            "month": "2022-05",
            "price": "24.23",
            "revenue": 457242
        },
        "2022-06": {
            "month": "2022-06",
            "price": "28.07",
            "revenue": 509230
        },
        "2022-07": {
            "month": "2022-07",
            "price": "28.52",
            "revenue": 511009
        },
        "2022-08": {
            "month": "2022-08",
            "price": "30.32",
            "revenue": 509131
        },
        "2022-09": {
            "month": "2022-09",
            "price": "31.15",
            "revenue": 427154
        },
        "2022-10": {
            "month": "2022-10",
            "price": "25.43",
            "revenue": 434932
        },
        "2022-11": {
            "month": "2022-11",
            "price": "25.28",
            "revenue": 456666
        },
        "2022-12": {
            "month": "2022-12",
            "price": "26.11",
            "revenue": 456485
        },
        "2023-01": {
            "month": "2023-01",
            "price": "25.59",
            "revenue": 361416
        },
        "2023-02": {
            "month": "2023-02",
            "price": "26.90",
            "revenue": 451565
        },
        "2023-03": {
            "month": "2023-03",
            "price": "28.62",
            "revenue": 525847
        },
        "2023-04": {
            "month": "2023-04",
            "price": "30.97",
            "revenue": 511524
        },
        "2023-05": {
            "month": "2023-05",
            "price": "30.83",
            "revenue": 597965
        },
        "2023-06": {
            "month": "2023-06",
            "price": "50.19",
            "revenue": 600407
        },
        "2023-07": {
            "month": "2023-07",
            "price": "83.81",
            "revenue": 597054
        },
        "2023-08": {
            "month": "2023-08",
            "price": "74.75",
            "revenue": 502649
        },
        "2023-09": {
            "month": "2023-09",
            "price": "66.88",
            "revenue": 435794
        }
    }
}
