{
    "summary": {
        "stock_name": "信音",
        "stock_id": "6126",
        "category": "電子零組件",
        "main_business": "各種電子電腦及週邊設備之零件製造裝配及買賣。<br>各種鋼模及金屬沖品之製造及買賣。<br>塑膠玩具、電池玩具(電動玩具除外)之製造裝配及買賣。",
        "website_url": "http://www.singatron.com.tw",
        "ceo": "彭朋煌",
        "pe_ratio": 14,
        "report_year_from": 2001,
        "report_year_to": 2023,
        "age": 22,
        "eps_negative_percentage": 9,
        "eps_growth_avg": {
            "last_all": 0.17,
            "last_2y": 18.05,
            "last_4y": 17.38,
            "last_8y": 3.11,
            "last_12y": -13.58,
            "last_16y": -5.65,
            "last_20y": 0.17,
            "at_2006_last_3y": 38.38,
            "at_2007_last_3y": 19.01,
            "at_2008_last_3y": 8.2,
            "at_2009_last_3y": 16.16,
            "at_2010_last_3y": -0.55,
            "at_2011_last_3y": -3.5,
            "at_2012_last_3y": 6.92,
            "at_2013_last_3y": -42.8,
            "at_2014_last_3y": -62.13,
            "at_2015_last_3y": -73.8,
            "at_2016_last_3y": -99.44,
            "at_2017_last_3y": -32.56,
            "at_2018_last_3y": -16.18,
            "at_2019_last_3y": 22.55,
            "at_2020_last_3y": 32.84,
            "at_2021_last_3y": 23.38,
            "at_2022_last_3y": 38.54,
            "at_2023_last_3y": 38.54,
            "at_2006_last_all": 26.43,
            "at_2007_last_all": 19.47,
            "at_2008_last_all": 7.52,
            "at_2009_last_all": 19.08,
            "at_2010_last_all": 14.44,
            "at_2011_last_all": 10.28,
            "at_2012_last_all": 7.3,
            "at_2013_last_all": -1.55,
            "at_2014_last_all": -9.12,
            "at_2015_last_all": -9.12,
            "at_2016_last_all": -9.12,
            "at_2017_last_all": -5.98,
            "at_2018_last_all": -10.06,
            "at_2019_last_all": -3.18,
            "at_2020_last_all": 0.75,
            "at_2021_last_all": 0.54,
            "at_2022_last_all": 0.17,
            "at_2023_last_all": 0.17
        },
        "latest_eps": 1.81,
        "latest_price": 24.85,
        "latest_roe": 13.77,
        "latest_gross_margin": 28.83,
        "latest_equity": 2121596,
        "latest_revenue": 822053,
        "latest_gross_profit": 236963,
        "latest_net_income": 62198,
        "latest_debt_ratio": 49.84,
        "latest_current_ratio": 210.58,
        "latest_account_receivable_turnover_ratio": 0.69,
        "latest_inventory_turnover_ratio": 1.45,
        "latest_reinvestment_rate": -9.18,
        "latest_research_to_sale_ratio": 3.33
    },
    "eps_dividends": {
        "2000": {
            "cash": 0,
            "stock": 4,
            "eps": 0
        },
        "2001": {
            "cash": 0,
            "stock": 2.5,
            "eps": 1.31
        },
        "2002": {
            "cash": 0.3,
            "stock": 1,
            "eps": 1.03
        },
        "2003": {
            "cash": 0.3,
            "stock": 0.65,
            "eps": 1.67
        },
        "2004": {
            "cash": 0.3,
            "stock": 1,
            "eps": 1.32
        },
        "2005": {
            "cash": 0.3,
            "stock": 0.51,
            "eps": 2.22
        },
        "2006": {
            "cash": 0.6,
            "stock": 1.2,
            "eps": 3.2
        },
        "2007": {
            "cash": 0.98,
            "stock": 1.57,
            "eps": 2.71
        },
        "2008": {
            "cash": 0.7,
            "stock": 1.31,
            "eps": 0.97
        },
        "2009": {
            "cash": 0.2,
            "stock": 0.6,
            "eps": 4.1
        },
        "2010": {
            "cash": 1.5,
            "stock": 2,
            "eps": 3.17
        },
        "2011": {
            "cash": 1.5,
            "stock": 1,
            "eps": 2.31
        },
        "2012": {
            "cash": 1.5,
            "stock": 1,
            "eps": 1.79
        },
        "2013": {
            "cash": 1.5,
            "stock": 0,
            "eps": 0.02
        },
        "2014": {
            "cash": 0.5,
            "stock": 0,
            "eps": -0.29
        },
        "2015": {
            "cash": 0,
            "stock": 0,
            "eps": -3.36
        },
        "2016": {
            "cash": 0,
            "stock": 0,
            "eps": 0.86
        },
        "2017": {
            "cash": 0,
            "stock": 0,
            "eps": 1.16
        },
        "2018": {
            "cash": 0.35,
            "stock": 0.35,
            "eps": 0.38
        },
        "2019": {
            "cash": 0.3,
            "stock": 0,
            "eps": 1.24
        },
        "2020": {
            "cash": 0.7,
            "stock": 0,
            "eps": 2.03
        },
        "2021": {
            "cash": 1.4,
            "stock": 0,
            "eps": 1.97
        },
        "2022": {
            "cash": 1.3,
            "stock": 0,
            "eps": 1.84
        },
        "2023": {
            "cash": 1.2,
            "stock": 0,
            "eps": 0.4
        }
    },
    "dividends": {
        "2000-05-27": {
            "cash": 0,
            "stock": 4
        },
        "2001-05-12": {
            "cash": 0,
            "stock": 2.5
        },
        "2002-05-20": {
            "cash": 0.3,
            "stock": 1
        },
        "2003-05-17": {
            "cash": 0.3,
            "stock": 0.65
        },
        "2004-02-24": {
            "cash": 0.3,
            "stock": 1
        },
        "2005-03-04": {
            "cash": 0.3,
            "stock": 0.51
        },
        "2006-03-10": {
            "cash": 0.6,
            "stock": 1.2
        },
        "2007-04-10": {
            "cash": 0.98,
            "stock": 1.57
        },
        "2008-04-14": {
            "cash": 0.7,
            "stock": 1.31
        },
        "2009-04-24": {
            "cash": 0.2,
            "stock": 0.6
        },
        "2010-03-26": {
            "cash": 1.5,
            "stock": 2
        },
        "2011-04-28": {
            "cash": 1.5,
            "stock": 1
        },
        "2012-06-13": {
            "cash": 1.5,
            "stock": 1
        },
        "2013-06-20": {
            "cash": 1.5,
            "stock": 0
        },
        "2014-08-08": {
            "cash": 0.5,
            "stock": 0
        },
        "2018-09-20": {
            "cash": 0.35,
            "stock": 0.35
        },
        "2019-08-27": {
            "cash": 0.3,
            "stock": 0
        },
        "2020-07-31": {
            "cash": 0.7,
            "stock": 0
        },
        "2021-08-06": {
            "cash": 1.4,
            "stock": 0
        },
        "2022-08-23": {
            "cash": 1.3,
            "stock": 0
        },
        "2023-04-26": {
            "cash": 1.2,
            "stock": 0
        }
    },
    "prices": {
        "200101": "無",
        "200102": "無",
        "200103": "無",
        "200104": "無",
        "200105": "無",
        "200106": "無",
        "200107": "無",
        "200108": "無",
        "200109": "無",
        "200110": "無",
        "200111": "無",
        "200112": "無",
        "200201": "29.25",
        "200202": "34.92",
        "200203": "43.88",
        "200204": "56.23",
        "200205": "44.55",
        "200206": "37.32",
        "200207": "28.84",
        "200208": "22.10",
        "200209": "17.36",
        "200210": "14.98",
        "200211": "16.08",
        "200212": "17.75",
        "200301": "17.16",
        "200302": "15.62",
        "200303": "15.06",
        "200304": "14.96",
        "200305": "15.06",
        "200306": "17.69",
        "200307": "18.97",
        "200308": "21.40",
        "200309": "20.50",
        "200310": "23.93",
        "200311": "25.76",
        "200312": "25.89",
        "200401": "27.75",
        "200402": "26.47",
        "200403": "26.86",
        "200404": "29.60",
        "200405": "22.46",
        "200406": "18.90",
        "200407": "16.74",
        "200408": "14.56",
        "200409": "13.14",
        "200410": "13.00",
        "200411": "13.25",
        "200412": "13.90",
        "200501": "12.51",
        "200502": "12.54",
        "200503": "12.78",
        "200504": "11.72",
        "200505": "11.85",
        "200506": "13.93",
        "200507": "15.72",
        "200508": "15.78",
        "200509": "16.21",
        "200510": "16.07",
        "200511": "16.20",
        "200512": "19.52",
        "200601": "20.14",
        "200602": "19.55",
        "200603": "23.12",
        "200604": "37.70",
        "200605": "36.50",
        "200606": "28.55",
        "200607": "27.70",
        "200608": "32.23",
        "200609": "40.86",
        "200610": "47.36",
        "200611": "54.61",
        "200612": "81.99",
        "200701": "79.00",
        "200702": "75.22",
        "200703": "69.18",
        "200704": "60.57",
        "200705": "49.96",
        "200706": "55.35",
        "200707": "55.61",
        "200708": "50.14",
        "200709": "43.67",
        "200710": "42.86",
        "200711": "38.49",
        "200712": "37.42",
        "200801": "29.24",
        "200802": "25.92",
        "200803": "26.17",
        "200804": "29.34",
        "200805": "29.30",
        "200806": "24.55",
        "200807": "17.97",
        "200808": "19.00",
        "200809": "13.72",
        "200810": "13.82",
        "200811": "11.63",
        "200812": "9.50",
        "200901": "9.55",
        "200902": "10.14",
        "200903": "12.69",
        "200904": "17.23",
        "200905": "21.40",
        "200906": "17.80",
        "200907": "19.66",
        "200908": "25.21",
        "200909": "33.78",
        "200910": "37.90",
        "200911": "37.11",
        "200912": "43.18",
        "201001": "45.26",
        "201002": "41.59",
        "201003": "44.38",
        "201004": "46.39",
        "201005": "42.43",
        "201006": "38.63",
        "201007": "40.45",
        "201008": "32.80",
        "201009": "29.70",
        "201010": "30.23",
        "201011": "30.18",
        "201012": "37.62",
        "201101": "36.68",
        "201102": "32.66",
        "201103": "31.41",
        "201104": "30.24",
        "201105": "32.32",
        "201106": "32.74",
        "201107": "29.92",
        "201108": "23.28",
        "201109": "20.95",
        "201110": "19.98",
        "201111": "21.60",
        "201112": "21.48",
        "201201": "21.19",
        "201202": "26.52",
        "201203": "30.97",
        "201204": "27.98",
        "201205": "25.57",
        "201206": "24.28",
        "201207": "25.50",
        "201208": "22.62",
        "201209": "24.78",
        "201210": "23.83",
        "201211": "22.26",
        "201212": "22.06",
        "201301": "21.15",
        "201302": "21.30",
        "201303": "21.07",
        "201304": "19.56",
        "201305": "19.34",
        "201306": "18.61",
        "201307": "17.87",
        "201308": "16.08",
        "201309": "15.94",
        "201310": "15.57",
        "201311": "14.09",
        "201312": "13.68",
        "201401": "14.76",
        "201402": "15.64",
        "201403": "17.46",
        "201404": "16.62",
        "201405": "16.05",
        "201406": "16.36",
        "201407": "15.84",
        "201408": "14.15",
        "201409": "13.79",
        "201410": "12.31",
        "201411": "11.67",
        "201412": "12.31",
        "201501": "13.99",
        "201502": "13.51",
        "201503": "13.04",
        "201504": "11.74",
        "201505": "11.18",
        "201506": "11.46",
        "201507": "10.82",
        "201508": "8.35",
        "201509": "7.80",
        "201510": "7.94",
        "201511": "7.68",
        "201512": "7.81",
        "201601": "7.61",
        "201602": "7.63",
        "201603": "8.28",
        "201604": "8.05",
        "201605": "7.00",
        "201606": "7.34",
        "201607": "8.49",
        "201608": "9.26",
        "201609": "11.74",
        "201610": "10.82",
        "201611": "11.05",
        "201612": "11.70",
        "201701": "12.73",
        "201702": "12.31",
        "201703": "12.31",
        "201704": "12.01",
        "201705": "12.76",
        "201706": "13.52",
        "201707": "13.14",
        "201708": "13.26",
        "201709": "14.93",
        "201710": "14.60",
        "201711": "14.74",
        "201712": "13.93",
        "201801": "14.10",
        "201802": "12.98",
        "201803": "13.52",
        "201804": "13.07",
        "201805": "11.78",
        "201806": "12.45",
        "201807": "13.10",
        "201808": "13.22",
        "201809": "12.87",
        "201810": "10.64",
        "201811": "10.35",
        "201812": "10.48",
        "201901": "10.43",
        "201902": "10.71",
        "201903": "10.60",
        "201904": "10.70",
        "201905": "10.70",
        "201906": "10.41",
        "201907": "11.62",
        "201908": "11.37",
        "201909": "11.82",
        "201910": "12.02",
        "201911": "13.07",
        "201912": "13.62",
        "202001": "13.84",
        "202002": "12.63",
        "202003": "12.19",
        "202004": "13.26",
        "202005": "15.68",
        "202006": "16.18",
        "202007": "16.95",
        "202008": "20.23",
        "202009": "24.38",
        "202010": "24.44",
        "202011": "22.52",
        "202012": "24.43",
        "202101": "24.32",
        "202102": "27.45",
        "202103": "29.24",
        "202104": "30.99",
        "202105": "25.20",
        "202106": "24.19",
        "202107": "23.76",
        "202108": "23.81",
        "202109": "26.44",
        "202110": "26.13",
        "202111": "27.54",
        "202112": "28.82",
        "202201": "28.87",
        "202202": "26.93",
        "202203": "25.57",
        "202204": "24.36",
        "202205": "23.40",
        "202206": "22.31",
        "202207": "19.97",
        "202208": "23.43",
        "202209": "23.70",
        "202210": "21.19",
        "202211": "20.65",
        "202212": "20.56",
        "202301": "20.09",
        "202302": "20.83",
        "202303": "22.01",
        "202304": "22.99",
        "202305": "24.18"
    },
    "quarters": {
        "20011": {
            "year_quarter": 20011,
            "year": 2001,
            "quarter": 1,
            "eps": 0.28,
            "eps_growth_year": null,
            "eps_4q": null,
            "eps_4q_growth_year": null,
            "roe": 1.6,
            "roe_4q": 1.6,
            "gross_profit": 29582,
            "gross_margin": 34.73,
            "gross_margin_4q_avg": 34.73,
            "net_income": 8424,
            "revenue": 85185,
            "common_shares": 300000,
            "book_valuer_per_share": 17.72,
            "book_valuer_per_share_4q_avg": 17.72,
            "equity": 531484,
            "current_ratio": 377.68,
            "debt_ratio": 28.81,
            "inventory_turnover_ratio": 0.76,
            "account_receivable_turnover_ratio": null,
            "reinvestment_rate": null,
            "research_to_sale_ratio": null,
            "price_fair": 0,
            "eps_avg_yearly": 0,
            "eps_latest_yearly": 0,
            "eps_growth_yearly": 0
        },
        "20012": {
            "year_quarter": 20012,
            "year": 2001,
            "quarter": 2,
            "eps": 0.59,
            "eps_growth_year": null,
            "eps_4q": null,
            "eps_4q_growth_year": null,
            "roe": 4.06,
            "roe_4q": 5.66,
            "gross_profit": 35944,
            "gross_margin": 35.53,
            "gross_margin_4q_avg": 35.13,
            "net_income": 21960,
            "revenue": 101162,
            "common_shares": 377500,
            "book_valuer_per_share": 14.57,
            "book_valuer_per_share_4q_avg": 16.15,
            "equity": 550097,
            "current_ratio": 358.98,
            "debt_ratio": 28.19,
            "inventory_turnover_ratio": 1.1,
            "account_receivable_turnover_ratio": null,
            "reinvestment_rate": null,
            "research_to_sale_ratio": null,
            "price_fair": 0,
            "eps_avg_yearly": 0,
            "eps_latest_yearly": 0,
            "eps_growth_yearly": 0
        },
        "20013": {
            "year_quarter": 20013,
            "year": 2001,
            "quarter": 3,
            "eps": 0.31,
            "eps_growth_year": null,
            "eps_4q": null,
            "eps_4q_growth_year": null,
            "roe": 2.1,
            "roe_4q": 7.76,
            "gross_profit": 26980,
            "gross_margin": 36.86,
            "gross_margin_4q_avg": 35.71,
            "net_income": 11691,
            "revenue": 73199,
            "common_shares": 377500,
            "book_valuer_per_share": 14.88,
            "book_valuer_per_share_4q_avg": 15.72,
            "equity": 561788,
            "current_ratio": 313.46,
            "debt_ratio": 29.09,
            "inventory_turnover_ratio": 0.84,
            "account_receivable_turnover_ratio": null,
            "reinvestment_rate": null,
            "research_to_sale_ratio": null,
            "price_fair": 0,
            "eps_avg_yearly": 0,
            "eps_latest_yearly": 0,
            "eps_growth_yearly": 0
        },
        "20014": {
            "year_quarter": 20014,
            "year": 2001,
            "quarter": 4,
            "eps": 0.13,
            "eps_growth_year": null,
            "eps_4q": 1.22,
            "eps_4q_growth_year": null,
            "roe": 0.89,
            "roe_4q": 8.65,
            "gross_profit": 37682,
            "gross_margin": 39.31,
            "gross_margin_4q_avg": 36.61,
            "net_income": 5014,
            "revenue": 95849,
            "common_shares": 377500,
            "book_valuer_per_share": 15.13,
            "book_valuer_per_share_4q_avg": 15.58,
            "equity": 571173,
            "current_ratio": 170.39,
            "debt_ratio": 30.33,
            "inventory_turnover_ratio": 0.87,
            "account_receivable_turnover_ratio": null,
            "reinvestment_rate": null,
            "research_to_sale_ratio": null,
            "price_fair": 0,
            "eps_avg_yearly": 0,
            "eps_latest_yearly": 0,
            "eps_growth_yearly": 0
        },
        "20021": {
            "year_quarter": 20021,
            "year": 2002,
            "quarter": 1,
            "eps": 0.25,
            "eps_growth_year": -10.71,
            "eps_4q": 1.28,
            "eps_4q_growth_year": null,
            "roe": 1.63,
            "roe_4q": 8.68,
            "gross_profit": 48173,
            "gross_margin": 40.59,
            "gross_margin_4q_avg": 38.07,
            "net_income": 9378,
            "revenue": 118679,
            "common_shares": 377500,
            "book_valuer_per_share": 15.38,
            "book_valuer_per_share_4q_avg": 14.99,
            "equity": 580551,
            "current_ratio": 147.18,
            "debt_ratio": 33.1,
            "inventory_turnover_ratio": 0.89,
            "account_receivable_turnover_ratio": null,
            "reinvestment_rate": null,
            "research_to_sale_ratio": null,
            "price_fair": 35,
            "eps_avg_yearly": 1,
            "eps_latest_yearly": 1,
            "eps_growth_yearly": 369.23
        },
        "20022": {
            "year_quarter": 20022,
            "year": 2002,
            "quarter": 2,
            "eps": 0.21,
            "eps_growth_year": -64.41,
            "eps_4q": 0.91,
            "eps_4q_growth_year": null,
            "roe": 1.36,
            "roe_4q": 5.98,
            "gross_profit": 45351,
            "gross_margin": 37.44,
            "gross_margin_4q_avg": 38.55,
            "net_income": 7826,
            "revenue": 121131,
            "common_shares": 377500,
            "book_valuer_per_share": 15.11,
            "book_valuer_per_share_4q_avg": 15.13,
            "equity": 570484,
            "current_ratio": 94.84,
            "debt_ratio": 39.1,
            "inventory_turnover_ratio": 0.94,
            "account_receivable_turnover_ratio": null,
            "reinvestment_rate": null,
            "research_to_sale_ratio": null,
            "price_fair": 32.2,
            "eps_avg_yearly": 0.92,
            "eps_latest_yearly": 0.84,
            "eps_growth_yearly": 152.62
        },
        "20023": {
            "year_quarter": 20023,
            "year": 2002,
            "quarter": 3,
            "eps": 0.21,
            "eps_growth_year": -32.26,
            "eps_4q": 0.74,
            "eps_4q_growth_year": null,
            "roe": 1.51,
            "roe_4q": 5.39,
            "gross_profit": 33982,
            "gross_margin": 35.66,
            "gross_margin_4q_avg": 38.25,
            "net_income": 8733,
            "revenue": 95294,
            "common_shares": 420000,
            "book_valuer_per_share": 13.91,
            "book_valuer_per_share_4q_avg": 14.88,
            "equity": 584103,
            "current_ratio": 113.01,
            "debt_ratio": 37.5,
            "inventory_turnover_ratio": 0.77,
            "account_receivable_turnover_ratio": null,
            "reinvestment_rate": null,
            "research_to_sale_ratio": null,
            "price_fair": 31.27,
            "eps_avg_yearly": 0.89,
            "eps_latest_yearly": 0.84,
            "eps_growth_yearly": 101.74
        },
        "20024": {
            "year_quarter": 20024,
            "year": 2002,
            "quarter": 4,
            "eps": 0.36,
            "eps_growth_year": 176.92,
            "eps_4q": 0.98,
            "eps_4q_growth_year": -19.77,
            "roe": 2.6,
            "roe_4q": 7.1000000000000005,
            "gross_profit": 40637,
            "gross_margin": 33.91,
            "gross_margin_4q_avg": 36.9,
            "net_income": 15073,
            "revenue": 119821,
            "common_shares": 420000,
            "book_valuer_per_share": 13.7,
            "book_valuer_per_share_4q_avg": 14.53,
            "equity": 575397,
            "current_ratio": 117.57,
            "debt_ratio": 37.95,
            "inventory_turnover_ratio": 0.91,
            "account_receivable_turnover_ratio": null,
            "reinvestment_rate": null,
            "research_to_sale_ratio": null,
            "price_fair": 36.05,
            "eps_avg_yearly": 1.03,
            "eps_latest_yearly": 1.44,
            "eps_growth_yearly": 147.74
        },
        "20031": {
            "year_quarter": 20031,
            "year": 2003,
            "quarter": 1,
            "eps": 0.27,
            "eps_growth_year": 8,
            "eps_4q": 1.04,
            "eps_4q_growth_year": -18.53,
            "roe": 1.91,
            "roe_4q": 7.38,
            "gross_profit": 44867,
            "gross_margin": 38.12,
            "gross_margin_4q_avg": 36.28,
            "net_income": 11042,
            "revenue": 117702,
            "common_shares": 420000,
            "book_valuer_per_share": 13.76,
            "book_valuer_per_share_4q_avg": 14.12,
            "equity": 578069,
            "current_ratio": 112.95,
            "debt_ratio": 36,
            "inventory_turnover_ratio": 0.83,
            "account_receivable_turnover_ratio": null,
            "reinvestment_rate": null,
            "research_to_sale_ratio": null,
            "price_fair": 36.4,
            "eps_avg_yearly": 1.04,
            "eps_latest_yearly": 1.08,
            "eps_growth_yearly": 98.19
        },
        "20032": {
            "year_quarter": 20032,
            "year": 2003,
            "quarter": 2,
            "eps": 0.44,
            "eps_growth_year": 109.52,
            "eps_4q": 1.32,
            "eps_4q_growth_year": 44.68,
            "roe": 3.02,
            "roe_4q": 9.04,
            "gross_profit": 41890,
            "gross_margin": 31.14,
            "gross_margin_4q_avg": 34.71,
            "net_income": 17495,
            "revenue": 134502,
            "common_shares": 420000,
            "book_valuer_per_share": 13.85,
            "book_valuer_per_share_4q_avg": 13.81,
            "equity": 581512,
            "current_ratio": 113.92,
            "debt_ratio": 39.03,
            "inventory_turnover_ratio": 1.15,
            "account_receivable_turnover_ratio": null,
            "reinvestment_rate": null,
            "research_to_sale_ratio": null,
            "price_fair": 40.6,
            "eps_avg_yearly": 1.16,
            "eps_latest_yearly": 1.76,
            "eps_growth_yearly": 123.8
        },
        "20033": {
            "year_quarter": 20033,
            "year": 2003,
            "quarter": 3,
            "eps": 0.56,
            "eps_growth_year": 166.67,
            "eps_4q": 1.58,
            "eps_4q_growth_year": 111.67,
            "roe": 4.06,
            "roe_4q": 11.59,
            "gross_profit": 45220,
            "gross_margin": 31.66,
            "gross_margin_4q_avg": 33.71,
            "net_income": 24052,
            "revenue": 142837,
            "common_shares": 450000,
            "book_valuer_per_share": 13.4,
            "book_valuer_per_share_4q_avg": 13.68,
            "equity": 603061,
            "current_ratio": 120.83,
            "debt_ratio": 39.48,
            "inventory_turnover_ratio": 1.16,
            "account_receivable_turnover_ratio": null,
            "reinvestment_rate": null,
            "research_to_sale_ratio": null,
            "price_fair": 46,
            "eps_avg_yearly": 1.31,
            "eps_latest_yearly": 2.24,
            "eps_growth_yearly": 121.7
        },
        "20034": {
            "year_quarter": 20034,
            "year": 2003,
            "quarter": 4,
            "eps": 0.4,
            "eps_growth_year": 11.11,
            "eps_4q": 1.63,
            "eps_4q_growth_year": 66.01,
            "roe": 2.81,
            "roe_4q": 11.799999999999999,
            "gross_profit": 44218,
            "gross_margin": 29.93,
            "gross_margin_4q_avg": 32.71,
            "net_income": 17157,
            "revenue": 147719,
            "common_shares": 450000,
            "book_valuer_per_share": 13.78,
            "book_valuer_per_share_4q_avg": 13.7,
            "equity": 619970,
            "current_ratio": 134.77,
            "debt_ratio": 40.75,
            "inventory_turnover_ratio": 1,
            "account_receivable_turnover_ratio": null,
            "reinvestment_rate": null,
            "research_to_sale_ratio": null,
            "price_fair": 47.25,
            "eps_avg_yearly": 1.35,
            "eps_latest_yearly": 1.6,
            "eps_growth_yearly": 92.2
        },
        "20041": {
            "year_quarter": 20041,
            "year": 2004,
            "quarter": 1,
            "eps": 0.56,
            "eps_growth_year": 107.41,
            "eps_4q": 1.91,
            "eps_4q_growth_year": 83.24,
            "roe": 3.87,
            "roe_4q": 13.759999999999998,
            "gross_profit": 37304,
            "gross_margin": 29.52,
            "gross_margin_4q_avg": 30.56,
            "net_income": 24314,
            "revenue": 126372,
            "common_shares": 450000,
            "book_valuer_per_share": 14.15,
            "book_valuer_per_share_4q_avg": 13.8,
            "equity": 636960,
            "current_ratio": 101,
            "debt_ratio": 41.63,
            "inventory_turnover_ratio": 0.8,
            "account_receivable_turnover_ratio": null,
            "reinvestment_rate": null,
            "research_to_sale_ratio": null,
            "price_fair": 50.71,
            "eps_avg_yearly": 1.45,
            "eps_latest_yearly": 2.24,
            "eps_growth_yearly": 99.73
        },
        "20042": {
            "year_quarter": 20042,
            "year": 2004,
            "quarter": 2,
            "eps": -0.04,
            "eps_growth_year": -109.09,
            "eps_4q": 1.42,
            "eps_4q_growth_year": 7.93,
            "roe": -0.25,
            "roe_4q": 10.489999999999998,
            "gross_profit": 39638,
            "gross_margin": 29.18,
            "gross_margin_4q_avg": 30.07,
            "net_income": -1585,
            "revenue": 135819,
            "common_shares": 450000,
            "book_valuer_per_share": 13.89,
            "book_valuer_per_share_4q_avg": 13.81,
            "equity": 625247,
            "current_ratio": 95.8,
            "debt_ratio": 41.86,
            "inventory_turnover_ratio": 0.96,
            "account_receivable_turnover_ratio": null,
            "reinvestment_rate": null,
            "research_to_sale_ratio": null,
            "price_fair": 50.71,
            "eps_avg_yearly": 1.45,
            "eps_latest_yearly": 2.24,
            "eps_growth_yearly": 99.73
        },
        "20043": {
            "year_quarter": 20043,
            "year": 2004,
            "quarter": 3,
            "eps": 0.38,
            "eps_growth_year": -32.14,
            "eps_4q": 1.21,
            "eps_4q_growth_year": -23.1,
            "roe": 2.87,
            "roe_4q": 9.3,
            "gross_profit": 46941,
            "gross_margin": 29.11,
            "gross_margin_4q_avg": 29.44,
            "net_income": 18230,
            "revenue": 161236,
            "common_shares": 500000,
            "book_valuer_per_share": 12.9,
            "book_valuer_per_share_4q_avg": 13.68,
            "equity": 645200,
            "current_ratio": 99.12,
            "debt_ratio": 42.68,
            "inventory_turnover_ratio": 1.23,
            "account_receivable_turnover_ratio": null,
            "reinvestment_rate": null,
            "research_to_sale_ratio": null,
            "price_fair": 50.71,
            "eps_avg_yearly": 1.45,
            "eps_latest_yearly": 2.24,
            "eps_growth_yearly": 99.73
        },
        "20044": {
            "year_quarter": 20044,
            "year": 2004,
            "quarter": 4,
            "eps": 0.42,
            "eps_growth_year": 5,
            "eps_4q": 1.27,
            "eps_4q_growth_year": -22,
            "roe": 3.2,
            "roe_4q": 9.690000000000001,
            "gross_profit": 53472,
            "gross_margin": 31.31,
            "gross_margin_4q_avg": 29.78,
            "net_income": 20279,
            "revenue": 170781,
            "common_shares": 500000,
            "book_valuer_per_share": 12.42,
            "book_valuer_per_share_4q_avg": 13.34,
            "equity": 620823,
            "current_ratio": 154.66,
            "debt_ratio": 44.17,
            "inventory_turnover_ratio": 1.13,
            "account_receivable_turnover_ratio": null,
            "reinvestment_rate": 18.87,
            "research_to_sale_ratio": null,
            "price_fair": 51.52,
            "eps_avg_yearly": 1.47,
            "eps_latest_yearly": 1.68,
            "eps_growth_yearly": 93.97
        },
        "20051": {
            "year_quarter": 20051,
            "year": 2005,
            "quarter": 1,
            "eps": 0.29,
            "eps_growth_year": -48.21,
            "eps_4q": 1.1,
            "eps_4q_growth_year": -42.59,
            "roe": 2.12,
            "roe_4q": 7.940000000000001,
            "gross_profit": 36165,
            "gross_margin": 23.41,
            "gross_margin_4q_avg": 28.25,
            "net_income": 13258,
            "revenue": 154460,
            "common_shares": 480000,
            "book_valuer_per_share": 13.14,
            "book_valuer_per_share_4q_avg": 13.09,
            "equity": 630636,
            "current_ratio": 110.45,
            "debt_ratio": 42.07,
            "inventory_turnover_ratio": 1.19,
            "account_receivable_turnover_ratio": null,
            "reinvestment_rate": -2.71,
            "research_to_sale_ratio": null,
            "price_fair": 50.53,
            "eps_avg_yearly": 1.44,
            "eps_latest_yearly": 1.16,
            "eps_growth_yearly": 74.17
        },
        "20052": {
            "year_quarter": 20052,
            "year": 2005,
            "quarter": 2,
            "eps": 0.53,
            "eps_growth_year": null,
            "eps_4q": 1.67,
            "eps_4q_growth_year": 17.53,
            "roe": 3.81,
            "roe_4q": 12,
            "gross_profit": 60910,
            "gross_margin": 29.35,
            "gross_margin_4q_avg": 28.3,
            "net_income": 24068,
            "revenue": 207543,
            "common_shares": 480000,
            "book_valuer_per_share": 13.19,
            "book_valuer_per_share_4q_avg": 12.91,
            "equity": 632960,
            "current_ratio": 97.86,
            "debt_ratio": 46.5,
            "inventory_turnover_ratio": 1.58,
            "account_receivable_turnover_ratio": null,
            "reinvestment_rate": -6.06,
            "research_to_sale_ratio": null,
            "price_fair": 52.5,
            "eps_avg_yearly": 1.5,
            "eps_latest_yearly": 2.12,
            "eps_growth_yearly": 95.58
        },
        "20053": {
            "year_quarter": 20053,
            "year": 2005,
            "quarter": 3,
            "eps": 0.65,
            "eps_growth_year": 71.05,
            "eps_4q": 1.83,
            "eps_4q_growth_year": 50.76,
            "roe": 4.82,
            "roe_4q": 13.95,
            "gross_profit": 69294,
            "gross_margin": 28.8,
            "gross_margin_4q_avg": 28.22,
            "net_income": 31829,
            "revenue": 240614,
            "common_shares": 507000,
            "book_valuer_per_share": 13.57,
            "book_valuer_per_share_4q_avg": 13.08,
            "equity": 688056,
            "current_ratio": 100.37,
            "debt_ratio": 45.42,
            "inventory_turnover_ratio": 1.74,
            "account_receivable_turnover_ratio": null,
            "reinvestment_rate": -5.22,
            "research_to_sale_ratio": null,
            "price_fair": 55.46,
            "eps_avg_yearly": 1.58,
            "eps_latest_yearly": 2.6,
            "eps_growth_yearly": 95.19
        },
        "20054": {
            "year_quarter": 20054,
            "year": 2005,
            "quarter": 4,
            "eps": 0.75,
            "eps_growth_year": 78.57,
            "eps_4q": 2.18,
            "eps_4q_growth_year": 71.75,
            "roe": 5.15,
            "roe_4q": 15.900000000000002,
            "gross_profit": 80883,
            "gross_margin": 29.7,
            "gross_margin_4q_avg": 27.82,
            "net_income": 36312,
            "revenue": 272352,
            "common_shares": 501000,
            "book_valuer_per_share": 14.39,
            "book_valuer_per_share_4q_avg": 13.57,
            "equity": 721139,
            "current_ratio": 140.27,
            "debt_ratio": 48.92,
            "inventory_turnover_ratio": 1.51,
            "account_receivable_turnover_ratio": null,
            "reinvestment_rate": 40.69,
            "research_to_sale_ratio": null,
            "price_fair": 59,
            "eps_avg_yearly": 1.69,
            "eps_latest_yearly": 3,
            "eps_growth_yearly": 92.79
        },
        "20061": {
            "year_quarter": 20061,
            "year": 2006,
            "quarter": 1,
            "eps": 0.81,
            "eps_growth_year": 179.31,
            "eps_4q": 2.72,
            "eps_4q_growth_year": 147.75,
            "roe": 5.29,
            "roe_4q": 19.07,
            "gross_profit": 64004,
            "gross_margin": 25.37,
            "gross_margin_4q_avg": 28.31,
            "net_income": 39116,
            "revenue": 252324,
            "common_shares": 483000,
            "book_valuer_per_share": 15.7,
            "book_valuer_per_share_4q_avg": 14.21,
            "equity": 758148,
            "current_ratio": 112.41,
            "debt_ratio": 40.88,
            "inventory_turnover_ratio": 1.59,
            "account_receivable_turnover_ratio": null,
            "reinvestment_rate": -2.42,
            "research_to_sale_ratio": null,
            "price_fair": 64.6,
            "eps_avg_yearly": 1.85,
            "eps_latest_yearly": 3.24,
            "eps_growth_yearly": 68.7
        },
        "20062": {
            "year_quarter": 20062,
            "year": 2006,
            "quarter": 2,
            "eps": 0.65,
            "eps_growth_year": 22.64,
            "eps_4q": 2.86,
            "eps_4q_growth_year": 71.09,
            "roe": 4.17,
            "roe_4q": 19.43,
            "gross_profit": 61918,
            "gross_margin": 24.94,
            "gross_margin_4q_avg": 27.2,
            "net_income": 31588,
            "revenue": 248236,
            "common_shares": 483000,
            "book_valuer_per_share": 15.67,
            "book_valuer_per_share_4q_avg": 14.83,
            "equity": 756803,
            "current_ratio": 99.62,
            "debt_ratio": 44.02,
            "inventory_turnover_ratio": 2.8,
            "account_receivable_turnover_ratio": null,
            "reinvestment_rate": -1.76,
            "research_to_sale_ratio": null,
            "price_fair": 69,
            "eps_avg_yearly": 1.97,
            "eps_latest_yearly": 2.6,
            "eps_growth_yearly": 67.63
        },
        "20063": {
            "year_quarter": 20063,
            "year": 2006,
            "quarter": 3,
            "eps": 0.83,
            "eps_growth_year": 27.69,
            "eps_4q": 2.78,
            "eps_4q_growth_year": 52.17,
            "roe": 5.78,
            "roe_4q": 20.39,
            "gross_profit": 78298,
            "gross_margin": 24.47,
            "gross_margin_4q_avg": 26.12,
            "net_income": 45567,
            "revenue": 319997,
            "common_shares": 550000,
            "book_valuer_per_share": 14.91,
            "book_valuer_per_share_4q_avg": 15.17,
            "equity": 819929,
            "current_ratio": 84.67,
            "debt_ratio": 46.33,
            "inventory_turnover_ratio": 4.04,
            "account_receivable_turnover_ratio": null,
            "reinvestment_rate": 0.65,
            "research_to_sale_ratio": null,
            "price_fair": 75.2,
            "eps_avg_yearly": 2.15,
            "eps_latest_yearly": 3.32,
            "eps_growth_yearly": 75.54
        },
        "20064": {
            "year_quarter": 20064,
            "year": 2006,
            "quarter": 4,
            "eps": 0.91,
            "eps_growth_year": 21.33,
            "eps_4q": 3.03,
            "eps_4q_growth_year": 39.12,
            "roe": 5.55,
            "roe_4q": 20.79,
            "gross_profit": 93943,
            "gross_margin": 24.94,
            "gross_margin_4q_avg": 24.93,
            "net_income": 49899,
            "revenue": 376736,
            "common_shares": 563236,
            "book_valuer_per_share": 17.38,
            "book_valuer_per_share_4q_avg": 15.92,
            "equity": 978937,
            "current_ratio": 218.68,
            "debt_ratio": 50.98,
            "inventory_turnover_ratio": 2.46,
            "account_receivable_turnover_ratio": null,
            "reinvestment_rate": 71.79,
            "research_to_sale_ratio": null,
            "price_fair": 80.7,
            "eps_avg_yearly": 2.31,
            "eps_latest_yearly": 3.64,
            "eps_growth_yearly": 57.89
        },
        "20071": {
            "year_quarter": 20071,
            "year": 2007,
            "quarter": 1,
            "eps": 0.68,
            "eps_growth_year": -16.05,
            "eps_4q": 2.87,
            "eps_4q_growth_year": 5.63,
            "roe": 3.8,
            "roe_4q": 19.299999999999997,
            "gross_profit": 71445,
            "gross_margin": 22.12,
            "gross_margin_4q_avg": 24.12,
            "net_income": 39405,
            "revenue": 322949,
            "common_shares": 580472,
            "book_valuer_per_share": 18.91,
            "book_valuer_per_share_4q_avg": 16.72,
            "equity": 1097495,
            "current_ratio": 202.07,
            "debt_ratio": 42.41,
            "inventory_turnover_ratio": 2.29,
            "account_receivable_turnover_ratio": null,
            "reinvestment_rate": 8.63,
            "research_to_sale_ratio": null,
            "price_fair": 84.8,
            "eps_avg_yearly": 2.42,
            "eps_latest_yearly": 2.72,
            "eps_growth_yearly": 57.81
        },
        "20072": {
            "year_quarter": 20072,
            "year": 2007,
            "quarter": 2,
            "eps": 0.97,
            "eps_growth_year": 49.23,
            "eps_4q": 3.28,
            "eps_4q_growth_year": 14.64,
            "roe": 5.08,
            "roe_4q": 20.21,
            "gross_profit": 79754,
            "gross_margin": 21.77,
            "gross_margin_4q_avg": 23.33,
            "net_income": 56750,
            "revenue": 366340,
            "common_shares": 592427,
            "book_valuer_per_share": 19.19,
            "book_valuer_per_share_4q_avg": 17.6,
            "equity": 1137130,
            "current_ratio": 183.07,
            "debt_ratio": 42.46,
            "inventory_turnover_ratio": 4.91,
            "account_receivable_turnover_ratio": null,
            "reinvestment_rate": 7.31,
            "research_to_sale_ratio": null,
            "price_fair": 90.1,
            "eps_avg_yearly": 2.57,
            "eps_latest_yearly": 3.88,
            "eps_growth_yearly": 52
        },
        "20073": {
            "year_quarter": 20073,
            "year": 2007,
            "quarter": 3,
            "eps": 0.98,
            "eps_growth_year": 18.07,
            "eps_4q": 3.11,
            "eps_4q_growth_year": 12.03,
            "roe": 5.71,
            "roe_4q": 20.14,
            "gross_profit": 93117,
            "gross_margin": 20.4,
            "gross_margin_4q_avg": 22.31,
            "net_income": 67080,
            "revenue": 456542,
            "common_shares": 694004,
            "book_valuer_per_share": 17.46,
            "book_valuer_per_share_4q_avg": 18.24,
            "equity": 1211495,
            "current_ratio": 169.91,
            "debt_ratio": 44.7,
            "inventory_turnover_ratio": 5.37,
            "account_receivable_turnover_ratio": null,
            "reinvestment_rate": 7.99,
            "research_to_sale_ratio": null,
            "price_fair": 94.3,
            "eps_avg_yearly": 2.69,
            "eps_latest_yearly": 3.92,
            "eps_growth_yearly": 44.51
        },
        "20074": {
            "year_quarter": 20074,
            "year": 2007,
            "quarter": 4,
            "eps": 0.08,
            "eps_growth_year": -91.21,
            "eps_4q": 2.38,
            "eps_4q_growth_year": -21.61,
            "roe": 0.48,
            "roe_4q": 15.07,
            "gross_profit": 78470,
            "gross_margin": 18.01,
            "gross_margin_4q_avg": 20.58,
            "net_income": 5689,
            "revenue": 435629,
            "common_shares": 694004,
            "book_valuer_per_share": 16.86,
            "book_valuer_per_share_4q_avg": 18.11,
            "equity": 1169873,
            "current_ratio": 125.48,
            "debt_ratio": 53.94,
            "inventory_turnover_ratio": 2.21,
            "account_receivable_turnover_ratio": null,
            "reinvestment_rate": 91.05,
            "research_to_sale_ratio": null,
            "price_fair": 91.1,
            "eps_avg_yearly": 2.6,
            "eps_latest_yearly": 0.32,
            "eps_growth_yearly": 26.43
        },
        "20081": {
            "year_quarter": 20081,
            "year": 2008,
            "quarter": 1,
            "eps": 0.04,
            "eps_growth_year": -94.12,
            "eps_4q": 2.18,
            "eps_4q_growth_year": -24.08,
            "roe": 0.21,
            "roe_4q": 11.48,
            "gross_profit": 138203,
            "gross_margin": 26.83,
            "gross_margin_4q_avg": 21.75,
            "net_income": 2420,
            "revenue": 515043,
            "common_shares": 694004,
            "book_valuer_per_share": 15.99,
            "book_valuer_per_share_4q_avg": 17.38,
            "equity": 1109559,
            "current_ratio": 113.77,
            "debt_ratio": 57.82,
            "inventory_turnover_ratio": 1.5,
            "account_receivable_turnover_ratio": null,
            "reinvestment_rate": 127.25,
            "research_to_sale_ratio": null,
            "price_fair": 24.54,
            "eps_avg_yearly": 2.45,
            "eps_latest_yearly": 0.16,
            "eps_growth_yearly": 0.72
        },
        "20082": {
            "year_quarter": 20082,
            "year": 2008,
            "quarter": 2,
            "eps": 0.03,
            "eps_growth_year": -96.91,
            "eps_4q": 1.25,
            "eps_4q_growth_year": -61.98,
            "roe": 0.17,
            "roe_4q": 6.57,
            "gross_profit": 152083,
            "gross_margin": 23.3,
            "gross_margin_4q_avg": 22.14,
            "net_income": 1856,
            "revenue": 652836,
            "common_shares": 694004,
            "book_valuer_per_share": 15.52,
            "book_valuer_per_share_4q_avg": 16.46,
            "equity": 1077434,
            "current_ratio": 102.08,
            "debt_ratio": 61.11,
            "inventory_turnover_ratio": 1.95,
            "account_receivable_turnover_ratio": null,
            "reinvestment_rate": 152.72,
            "research_to_sale_ratio": null,
            "price_fair": 6.9,
            "eps_avg_yearly": 2.3,
            "eps_latest_yearly": 0.12,
            "eps_growth_yearly": -6
        },
        "20083": {
            "year_quarter": 20083,
            "year": 2008,
            "quarter": 3,
            "eps": 0.7,
            "eps_growth_year": -28.57,
            "eps_4q": 0.83,
            "eps_4q_growth_year": -73.36,
            "roe": 4.78,
            "roe_4q": 5.640000000000001,
            "gross_profit": 220282,
            "gross_margin": 25.35,
            "gross_margin_4q_avg": 23.37,
            "net_income": 53884,
            "revenue": 868871,
            "common_shares": 797325,
            "book_valuer_per_share": 14.77,
            "book_valuer_per_share_4q_avg": 15.79,
            "equity": 1177453,
            "current_ratio": 112.31,
            "debt_ratio": 63.38,
            "inventory_turnover_ratio": 2.31,
            "account_receivable_turnover_ratio": null,
            "reinvestment_rate": 160.29,
            "research_to_sale_ratio": null,
            "price_fair": 81.55,
            "eps_avg_yearly": 2.33,
            "eps_latest_yearly": 2.8,
            "eps_growth_yearly": 552.71
        },
        "20084": {
            "year_quarter": 20084,
            "year": 2008,
            "quarter": 4,
            "eps": 0.2,
            "eps_growth_year": 150,
            "eps_4q": 0.96,
            "eps_4q_growth_year": -59.38,
            "roe": 1.29,
            "roe_4q": 6.45,
            "gross_profit": 128296,
            "gross_margin": 20.68,
            "gross_margin_4q_avg": 24.04,
            "net_income": 15207,
            "revenue": 620529,
            "common_shares": 755325,
            "book_valuer_per_share": 15.51,
            "book_valuer_per_share_4q_avg": 15.45,
            "equity": 1171276,
            "current_ratio": 127.97,
            "debt_ratio": 62.15,
            "inventory_turnover_ratio": 1.71,
            "account_receivable_turnover_ratio": 1.16,
            "reinvestment_rate": 150.71,
            "research_to_sale_ratio": null,
            "price_fair": 79.63,
            "eps_avg_yearly": 2.28,
            "eps_latest_yearly": 0.8,
            "eps_growth_yearly": 532.22
        },
        "20091": {
            "year_quarter": 20091,
            "year": 2009,
            "quarter": 1,
            "eps": 0.45,
            "eps_growth_year": 1025,
            "eps_4q": 1.43,
            "eps_4q_growth_year": -34.44,
            "roe": 2.71,
            "roe_4q": 8.950000000000001,
            "gross_profit": 146751,
            "gross_margin": 21.63,
            "gross_margin_4q_avg": 22.74,
            "net_income": 32587,
            "revenue": 678583,
            "common_shares": 755325,
            "book_valuer_per_share": 16.38,
            "book_valuer_per_share_4q_avg": 15.55,
            "equity": 1237025,
            "current_ratio": 123.34,
            "debt_ratio": 62.19,
            "inventory_turnover_ratio": 2,
            "account_receivable_turnover_ratio": 0.66,
            "reinvestment_rate": 168.31,
            "research_to_sale_ratio": null,
            "price_fair": 81.03,
            "eps_avg_yearly": 2.32,
            "eps_latest_yearly": 1.8,
            "eps_growth_yearly": 571.21
        },
        "20092": {
            "year_quarter": 20092,
            "year": 2009,
            "quarter": 2,
            "eps": 0.46,
            "eps_growth_year": 1433.33,
            "eps_4q": 1.85,
            "eps_4q_growth_year": 48.75,
            "roe": 2.74,
            "roe_4q": 11.52,
            "gross_profit": 229285,
            "gross_margin": 27.81,
            "gross_margin_4q_avg": 23.87,
            "net_income": 33590,
            "revenue": 824547,
            "common_shares": 755325,
            "book_valuer_per_share": 16.14,
            "book_valuer_per_share_4q_avg": 15.7,
            "equity": 1219091,
            "current_ratio": 125.9,
            "debt_ratio": 65.35,
            "inventory_turnover_ratio": 2.17,
            "account_receivable_turnover_ratio": 0.76,
            "reinvestment_rate": 158.45,
            "research_to_sale_ratio": null,
            "price_fair": 80.41,
            "eps_avg_yearly": 2.3,
            "eps_latest_yearly": 1.84,
            "eps_growth_yearly": 551.07
        },
        "20093": {
            "year_quarter": 20093,
            "year": 2009,
            "quarter": 3,
            "eps": 1.65,
            "eps_growth_year": 135.71,
            "eps_4q": 2.71,
            "eps_4q_growth_year": 226.79,
            "roe": 10.02,
            "roe_4q": 16.759999999999998,
            "gross_profit": 343023,
            "gross_margin": 32.13,
            "gross_margin_4q_avg": 25.56,
            "net_income": 126615,
            "revenue": 1067690,
            "common_shares": 798844,
            "book_valuer_per_share": 16.38,
            "book_valuer_per_share_4q_avg": 16.1,
            "equity": 1308883,
            "current_ratio": 125.57,
            "debt_ratio": 62.94,
            "inventory_turnover_ratio": 2.69,
            "account_receivable_turnover_ratio": 0.79,
            "reinvestment_rate": 135.39,
            "research_to_sale_ratio": null,
            "price_fair": 89.16,
            "eps_avg_yearly": 2.55,
            "eps_latest_yearly": 6.6,
            "eps_growth_yearly": 610.09
        },
        "20094": {
            "year_quarter": 20094,
            "year": 2009,
            "quarter": 4,
            "eps": 1.54,
            "eps_growth_year": 670,
            "eps_4q": 4.05,
            "eps_4q_growth_year": 319.89,
            "roe": 8.9,
            "roe_4q": 24.370000000000005,
            "gross_profit": 317627,
            "gross_margin": 34.82,
            "gross_margin_4q_avg": 29.1,
            "net_income": 125333,
            "revenue": 912095,
            "common_shares": 798844,
            "book_valuer_per_share": 18.47,
            "book_valuer_per_share_4q_avg": 16.84,
            "equity": 1509077,
            "current_ratio": 139.63,
            "debt_ratio": 59.67,
            "inventory_turnover_ratio": 2.27,
            "account_receivable_turnover_ratio": 1.26,
            "reinvestment_rate": 297.5,
            "research_to_sale_ratio": null,
            "price_fair": 96.08,
            "eps_avg_yearly": 2.75,
            "eps_latest_yearly": 6.16,
            "eps_growth_yearly": 604.58
        },
        "20101": {
            "year_quarter": 20101,
            "year": 2010,
            "quarter": 1,
            "eps": 1.04,
            "eps_growth_year": 131.11,
            "eps_4q": 4.66,
            "eps_4q_growth_year": 226.17,
            "roe": 6.18,
            "roe_4q": 27.840000000000003,
            "gross_profit": 312881,
            "gross_margin": 35.11,
            "gross_margin_4q_avg": 32.47,
            "net_income": 95953,
            "revenue": 891264,
            "common_shares": 798844,
            "book_valuer_per_share": 19.37,
            "book_valuer_per_share_4q_avg": 17.59,
            "equity": 1594110,
            "current_ratio": 148.39,
            "debt_ratio": 55.71,
            "inventory_turnover_ratio": 2.3,
            "account_receivable_turnover_ratio": 0.63,
            "reinvestment_rate": 322.43,
            "research_to_sale_ratio": 3.65,
            "price_fair": 98.09,
            "eps_avg_yearly": 2.8,
            "eps_latest_yearly": 4.16,
            "eps_growth_yearly": 594.46
        },
        "20102": {
            "year_quarter": 20102,
            "year": 2010,
            "quarter": 2,
            "eps": 0.91,
            "eps_growth_year": 97.35,
            "eps_4q": 4.43,
            "eps_4q_growth_year": 139.14,
            "roe": 6.22,
            "roe_4q": 31.319999999999997,
            "gross_profit": 322819,
            "gross_margin": 34.94,
            "gross_margin_4q_avg": 34.25,
            "net_income": 99540,
            "revenue": 923834,
            "common_shares": 798844,
            "book_valuer_per_share": 19.33,
            "book_valuer_per_share_4q_avg": 18.39,
            "equity": 1608828,
            "current_ratio": 140.24,
            "debt_ratio": 55.21,
            "inventory_turnover_ratio": 2.31,
            "account_receivable_turnover_ratio": 0.71,
            "reinvestment_rate": 308.13,
            "research_to_sale_ratio": 3.01,
            "price_fair": 100.36,
            "eps_avg_yearly": 2.87,
            "eps_latest_yearly": 3.64,
            "eps_growth_yearly": 596.27
        },
        "20103": {
            "year_quarter": 20103,
            "year": 2010,
            "quarter": 3,
            "eps": 1.07,
            "eps_growth_year": -35.04,
            "eps_4q": 4.13,
            "eps_4q_growth_year": 52.35,
            "roe": 7.02,
            "roe_4q": 28.32,
            "gross_profit": 352701,
            "gross_margin": 33.99,
            "gross_margin_4q_avg": 34.72,
            "net_income": 115786,
            "revenue": 1037623,
            "common_shares": 952613,
            "book_valuer_per_share": 16.82,
            "book_valuer_per_share_4q_avg": 18.5,
            "equity": 1689132,
            "current_ratio": 144.84,
            "debt_ratio": 53.77,
            "inventory_turnover_ratio": 2.67,
            "account_receivable_turnover_ratio": 0.78,
            "reinvestment_rate": 289.23,
            "research_to_sale_ratio": 2.6,
            "price_fair": 102.46,
            "eps_avg_yearly": 2.93,
            "eps_latest_yearly": 4.28,
            "eps_growth_yearly": 593.74
        },
        "20104": {
            "year_quarter": 20104,
            "year": 2010,
            "quarter": 4,
            "eps": 0.15,
            "eps_growth_year": -89.98,
            "eps_4q": 2.95,
            "eps_4q_growth_year": -27.3,
            "roe": 1.14,
            "roe_4q": 20.56,
            "gross_profit": 240437,
            "gross_margin": 23.85,
            "gross_margin_4q_avg": 31.97,
            "net_income": 19169,
            "revenue": 1008308,
            "common_shares": 952613,
            "book_valuer_per_share": 16.22,
            "book_valuer_per_share_4q_avg": 17.94,
            "equity": 1659696,
            "current_ratio": 141.26,
            "debt_ratio": 54.48,
            "inventory_turnover_ratio": 3.42,
            "account_receivable_turnover_ratio": 0.73,
            "reinvestment_rate": 249.36,
            "research_to_sale_ratio": -0.62,
            "price_fair": 95.81,
            "eps_avg_yearly": 2.74,
            "eps_latest_yearly": 0.6,
            "eps_growth_yearly": 569.84
        },
        "20111": {
            "year_quarter": 20111,
            "year": 2011,
            "quarter": 1,
            "eps": 0.68,
            "eps_growth_year": -34.62,
            "eps_4q": 2.77,
            "eps_4q_growth_year": -40.51,
            "roe": 4.36,
            "roe_4q": 18.74,
            "gross_profit": 252809,
            "gross_margin": 28.81,
            "gross_margin_4q_avg": 30.4,
            "net_income": 74466,
            "revenue": 877556,
            "common_shares": 939613,
            "book_valuer_per_share": 17.12,
            "book_valuer_per_share_4q_avg": 17.37,
            "equity": 1757353,
            "current_ratio": 138.11,
            "debt_ratio": 52.72,
            "inventory_turnover_ratio": 2.46,
            "account_receivable_turnover_ratio": 0.68,
            "reinvestment_rate": 282.5,
            "research_to_sale_ratio": 1.59,
            "price_fair": 95.81,
            "eps_avg_yearly": 2.74,
            "eps_latest_yearly": 2.72,
            "eps_growth_yearly": 664.49
        },
        "20112": {
            "year_quarter": 20112,
            "year": 2011,
            "quarter": 2,
            "eps": 0.52,
            "eps_growth_year": -42.59,
            "eps_4q": 2.23,
            "eps_4q_growth_year": -49.6,
            "roe": 3.88,
            "roe_4q": 16.4,
            "gross_profit": 280364,
            "gross_margin": 25.07,
            "gross_margin_4q_avg": 27.93,
            "net_income": 66070,
            "revenue": 1118182,
            "common_shares": 939613,
            "book_valuer_per_share": 16.02,
            "book_valuer_per_share_4q_avg": 16.55,
            "equity": 1645373,
            "current_ratio": 116.97,
            "debt_ratio": 58.6,
            "inventory_turnover_ratio": 2.73,
            "account_receivable_turnover_ratio": 0.87,
            "reinvestment_rate": 269.06,
            "research_to_sale_ratio": 2.97,
            "price_fair": 91.88,
            "eps_avg_yearly": 2.63,
            "eps_latest_yearly": 2.08,
            "eps_growth_yearly": 647.95
        },
        "20113": {
            "year_quarter": 20113,
            "year": 2011,
            "quarter": 3,
            "eps": 0.49,
            "eps_growth_year": -54.14,
            "eps_4q": 1.77,
            "eps_4q_growth_year": -57.2,
            "roe": 3.67,
            "roe_4q": 13.05,
            "gross_profit": 268765,
            "gross_margin": 25.54,
            "gross_margin_4q_avg": 25.82,
            "net_income": 63288,
            "revenue": 1052462,
            "common_shares": 1033574,
            "book_valuer_per_share": 15.85,
            "book_valuer_per_share_4q_avg": 16.3,
            "equity": 1800996,
            "current_ratio": 118.67,
            "debt_ratio": 57.56,
            "inventory_turnover_ratio": 2.27,
            "account_receivable_turnover_ratio": 0.73,
            "reinvestment_rate": 286.49,
            "research_to_sale_ratio": 2.7,
            "price_fair": 87.59,
            "eps_avg_yearly": 2.5,
            "eps_latest_yearly": 1.96,
            "eps_growth_yearly": 646.25
        },
        "20114": {
            "year_quarter": 20114,
            "year": 2011,
            "quarter": 4,
            "eps": 0.62,
            "eps_growth_year": 299.75,
            "eps_4q": 2.24,
            "eps_4q_growth_year": -23.81,
            "roe": 4.27,
            "roe_4q": 16.18,
            "gross_profit": 298121,
            "gross_margin": 25.6,
            "gross_margin_4q_avg": 26.26,
            "net_income": 78710,
            "revenue": 1164628,
            "common_shares": 1033574,
            "book_valuer_per_share": 16.54,
            "book_valuer_per_share_4q_avg": 16.38,
            "equity": 1888886,
            "current_ratio": 119.63,
            "debt_ratio": 57.42,
            "inventory_turnover_ratio": 2.18,
            "account_receivable_turnover_ratio": 0.74,
            "reinvestment_rate": 238.55,
            "research_to_sale_ratio": 2.91,
            "price_fair": 92.31,
            "eps_avg_yearly": 2.64,
            "eps_latest_yearly": 2.48,
            "eps_growth_yearly": 675.84
        },
        "20121": {
            "year_quarter": 20121,
            "year": 2012,
            "quarter": 1,
            "eps": 0.32,
            "eps_growth_year": -52.94,
            "eps_4q": 1.95,
            "eps_4q_growth_year": -29.76,
            "roe": 2.08,
            "roe_4q": 13.899999999999999,
            "gross_profit": 257190,
            "gross_margin": 25.45,
            "gross_margin_4q_avg": 25.42,
            "net_income": 39410,
            "revenue": 1010538,
            "common_shares": 1033574,
            "book_valuer_per_share": 16.56,
            "book_valuer_per_share_4q_avg": 16.24,
            "equity": 1892414,
            "current_ratio": 121.14,
            "debt_ratio": 57.7,
            "inventory_turnover_ratio": 1.66,
            "account_receivable_turnover_ratio": 0.67,
            "reinvestment_rate": 210.79,
            "research_to_sale_ratio": 3.78,
            "price_fair": 94.76,
            "eps_avg_yearly": 2.71,
            "eps_latest_yearly": 1.28,
            "eps_growth_yearly": 676.24
        },
        "20122": {
            "year_quarter": 20122,
            "year": 2012,
            "quarter": 2,
            "eps": 0.66,
            "eps_growth_year": 26.6,
            "eps_4q": 1.96,
            "eps_4q_growth_year": -12.33,
            "roe": 4.89,
            "roe_4q": 14.909999999999998,
            "gross_profit": 327214,
            "gross_margin": 27.55,
            "gross_margin_4q_avg": 26.04,
            "net_income": 91092,
            "revenue": 1187694,
            "common_shares": 1033574,
            "book_valuer_per_share": 15.83,
            "book_valuer_per_share_4q_avg": 16.2,
            "equity": 1834431,
            "current_ratio": 117.19,
            "debt_ratio": 58.14,
            "inventory_turnover_ratio": 1.75,
            "account_receivable_turnover_ratio": 0.81,
            "reinvestment_rate": 201.28,
            "research_to_sale_ratio": 3.37,
            "price_fair": 100.28,
            "eps_avg_yearly": 2.87,
            "eps_latest_yearly": 2.64,
            "eps_growth_yearly": 709.05
        },
        "20123": {
            "year_quarter": 20123,
            "year": 2012,
            "quarter": 3,
            "eps": 0.76,
            "eps_growth_year": 53.95,
            "eps_4q": 2.27,
            "eps_4q_growth_year": 28.27,
            "roe": 5.43,
            "roe_4q": 16.67,
            "gross_profit": 358266,
            "gross_margin": 28.06,
            "gross_margin_4q_avg": 26.67,
            "net_income": 101972,
            "revenue": 1276786,
            "common_shares": 1136932,
            "book_valuer_per_share": 15.04,
            "book_valuer_per_share_4q_avg": 15.99,
            "equity": 1921927,
            "current_ratio": 123.27,
            "debt_ratio": 54.17,
            "inventory_turnover_ratio": 1.95,
            "account_receivable_turnover_ratio": 0.82,
            "reinvestment_rate": 197.56,
            "research_to_sale_ratio": 3.05,
            "price_fair": 100.8,
            "eps_avg_yearly": 2.88,
            "eps_latest_yearly": 3.04,
            "eps_growth_yearly": 154.51
        },
        "20124": {
            "year_quarter": 20124,
            "year": 2012,
            "quarter": 4,
            "eps": 0.05,
            "eps_growth_year": -91.82,
            "eps_4q": 1.76,
            "eps_4q_growth_year": -21.73,
            "roe": 0.4,
            "roe_4q": 12.799999999999999,
            "gross_profit": 284665,
            "gross_margin": 25.02,
            "gross_margin_4q_avg": 26.52,
            "net_income": 7671,
            "revenue": 1137668,
            "common_shares": 1136932,
            "book_valuer_per_share": 15.2,
            "book_valuer_per_share_4q_avg": 15.66,
            "equity": 1942670,
            "current_ratio": 119,
            "debt_ratio": 56.65,
            "inventory_turnover_ratio": 1.97,
            "account_receivable_turnover_ratio": 0.71,
            "reinvestment_rate": 199.35,
            "research_to_sale_ratio": 4.25,
            "price_fair": 99.49,
            "eps_avg_yearly": 2.84,
            "eps_latest_yearly": 0.2,
            "eps_growth_yearly": 149.01
        },
        "20131": {
            "year_quarter": 20131,
            "year": 2013,
            "quarter": 1,
            "eps": -0.13,
            "eps_growth_year": -140.62,
            "eps_4q": 1.33,
            "eps_4q_growth_year": -31.58,
            "roe": -0.86,
            "roe_4q": 9.86,
            "gross_profit": 194407,
            "gross_margin": 22.53,
            "gross_margin_4q_avg": 25.79,
            "net_income": -16857,
            "revenue": 862728,
            "common_shares": 1136932,
            "book_valuer_per_share": 15.29,
            "book_valuer_per_share_4q_avg": 15.34,
            "equity": 1957398,
            "current_ratio": 118.16,
            "debt_ratio": 56.23,
            "inventory_turnover_ratio": 1.65,
            "account_receivable_turnover_ratio": 0.56,
            "reinvestment_rate": 44.43,
            "research_to_sale_ratio": 4.3,
            "price_fair": 101.92,
            "eps_avg_yearly": 2.91,
            "eps_latest_yearly": 0.2,
            "eps_growth_yearly": 125.61
        },
        "20132": {
            "year_quarter": 20132,
            "year": 2013,
            "quarter": 2,
            "eps": 0.57,
            "eps_growth_year": -13.62,
            "eps_4q": 1.24,
            "eps_4q_growth_year": -36.56,
            "roe": 4.12,
            "roe_4q": 9.09,
            "gross_profit": 279881,
            "gross_margin": 30.28,
            "gross_margin_4q_avg": 26.47,
            "net_income": 79511,
            "revenue": 924415,
            "common_shares": 1136932,
            "book_valuer_per_share": 14.62,
            "book_valuer_per_share_4q_avg": 15.04,
            "equity": 1901019,
            "current_ratio": 116.01,
            "debt_ratio": 55.41,
            "inventory_turnover_ratio": 1.62,
            "account_receivable_turnover_ratio": 0.7,
            "reinvestment_rate": 50.53,
            "research_to_sale_ratio": 3.92,
            "price_fair": 104.6,
            "eps_avg_yearly": 2.99,
            "eps_latest_yearly": 0.2,
            "eps_growth_yearly": 133.95
        },
        "20133": {
            "year_quarter": 20133,
            "year": 2013,
            "quarter": 3,
            "eps": 0.06,
            "eps_growth_year": -92.07,
            "eps_4q": 0.55,
            "eps_4q_growth_year": -75.9,
            "roe": 0.35,
            "roe_4q": 4.01,
            "gross_profit": 208105,
            "gross_margin": 22.6,
            "gross_margin_4q_avg": 25.11,
            "net_income": 6559,
            "revenue": 920726,
            "common_shares": 1136932,
            "book_valuer_per_share": 14.51,
            "book_valuer_per_share_4q_avg": 14.91,
            "equity": 1884999,
            "current_ratio": 116.79,
            "debt_ratio": 54.23,
            "inventory_turnover_ratio": 1.64,
            "account_receivable_turnover_ratio": 0.73,
            "reinvestment_rate": 55.14,
            "research_to_sale_ratio": 4.6,
            "price_fair": 88.7,
            "eps_avg_yearly": 2.53,
            "eps_latest_yearly": 0.24,
            "eps_growth_yearly": 34.47
        },
        "20134": {
            "year_quarter": 20134,
            "year": 2013,
            "quarter": 4,
            "eps": -0.48,
            "eps_growth_year": -1052.75,
            "eps_4q": 0.01,
            "eps_4q_growth_year": -99.16,
            "roe": -3.65,
            "roe_4q": -0.0399999999999997,
            "gross_profit": 187700,
            "gross_margin": 17.91,
            "gross_margin_4q_avg": 23.33,
            "net_income": -68475,
            "revenue": 1047998,
            "common_shares": 1136932,
            "book_valuer_per_share": 14.4,
            "book_valuer_per_share_4q_avg": 14.71,
            "equity": 1863493,
            "current_ratio": 110.85,
            "debt_ratio": 58.59,
            "inventory_turnover_ratio": 1.72,
            "account_receivable_turnover_ratio": 0.73,
            "reinvestment_rate": -141.8,
            "research_to_sale_ratio": 4.61,
            "price_fair": 78.94,
            "eps_avg_yearly": 2.26,
            "eps_latest_yearly": 0.24,
            "eps_growth_yearly": 39.17
        },
        "20141": {
            "year_quarter": 20141,
            "year": 2014,
            "quarter": 1,
            "eps": -0.13,
            "eps_growth_year": null,
            "eps_4q": 0.01,
            "eps_4q_growth_year": -98.88,
            "roe": -0.91,
            "roe_4q": -0.08999999999999986,
            "gross_profit": 163617,
            "gross_margin": 18.9,
            "gross_margin_4q_avg": 22.42,
            "net_income": -16842,
            "revenue": 865501,
            "common_shares": 1136932,
            "book_valuer_per_share": 14.18,
            "book_valuer_per_share_4q_avg": 14.43,
            "equity": 1834660,
            "current_ratio": 112.7,
            "debt_ratio": 56.28,
            "inventory_turnover_ratio": 1.37,
            "account_receivable_turnover_ratio": 0.6,
            "reinvestment_rate": -183.67,
            "research_to_sale_ratio": 4.68,
            "price_fair": 73.38,
            "eps_avg_yearly": 2.1,
            "eps_latest_yearly": 0.24,
            "eps_growth_yearly": 53.26
        },
        "20142": {
            "year_quarter": 20142,
            "year": 2014,
            "quarter": 2,
            "eps": 0,
            "eps_growth_year": -100,
            "eps_4q": -0.55,
            "eps_4q_growth_year": -144.57,
            "roe": 0.11,
            "roe_4q": -4.1000000000000005,
            "gross_profit": 198223,
            "gross_margin": 20.85,
            "gross_margin_4q_avg": 20.07,
            "net_income": 1927,
            "revenue": 950497,
            "common_shares": 1136932,
            "book_valuer_per_share": 13.46,
            "book_valuer_per_share_4q_avg": 14.14,
            "equity": 1743123,
            "current_ratio": 111.62,
            "debt_ratio": 56.4,
            "inventory_turnover_ratio": 1.61,
            "account_receivable_turnover_ratio": 0.73,
            "reinvestment_rate": -233.15,
            "research_to_sale_ratio": 4.29,
            "price_fair": 68.47,
            "eps_avg_yearly": 1.96,
            "eps_latest_yearly": 0.24,
            "eps_growth_yearly": 62.65
        },
        "20143": {
            "year_quarter": 20143,
            "year": 2014,
            "quarter": 3,
            "eps": -0.01,
            "eps_growth_year": -116.67,
            "eps_4q": -0.62,
            "eps_4q_growth_year": -213.5,
            "roe": 0.07,
            "roe_4q": -4.38,
            "gross_profit": 211736,
            "gross_margin": 22.94,
            "gross_margin_4q_avg": 20.15,
            "net_income": 1316,
            "revenue": 923149,
            "common_shares": 1136932,
            "book_valuer_per_share": 13.79,
            "book_valuer_per_share_4q_avg": 13.96,
            "equity": 1788947,
            "current_ratio": 116.55,
            "debt_ratio": 55.9,
            "inventory_turnover_ratio": 1.53,
            "account_receivable_turnover_ratio": 0.73,
            "reinvestment_rate": -304.09,
            "research_to_sale_ratio": 4.27,
            "price_fair": 60.34,
            "eps_avg_yearly": 1.72,
            "eps_latest_yearly": 0.24,
            "eps_growth_yearly": 61.88
        },
        "20144": {
            "year_quarter": 20144,
            "year": 2014,
            "quarter": 4,
            "eps": -0.15,
            "eps_growth_year": null,
            "eps_4q": -0.29,
            "eps_4q_growth_year": -2035.68,
            "roe": -1.55,
            "roe_4q": -2.28,
            "gross_profit": 130713,
            "gross_margin": 15.4,
            "gross_margin_4q_avg": 19.52,
            "net_income": -27809,
            "revenue": 848686,
            "common_shares": 1136932,
            "book_valuer_per_share": 13.85,
            "book_valuer_per_share_4q_avg": 13.82,
            "equity": 1790418,
            "current_ratio": 116.42,
            "debt_ratio": 55.61,
            "inventory_turnover_ratio": 1.65,
            "account_receivable_turnover_ratio": 0.66,
            "reinvestment_rate": -310.37,
            "research_to_sale_ratio": 5.14,
            "price_fair": 64.71,
            "eps_avg_yearly": 1.85,
            "eps_latest_yearly": 0.24,
            "eps_growth_yearly": 106.97
        },
        "20151": {
            "year_quarter": 20151,
            "year": 2015,
            "quarter": 1,
            "eps": -0.29,
            "eps_growth_year": null,
            "eps_4q": -0.45,
            "eps_4q_growth_year": -3080.49,
            "roe": -2.22,
            "roe_4q": -3.5900000000000007,
            "gross_profit": 111076,
            "gross_margin": 16.08,
            "gross_margin_4q_avg": 18.82,
            "net_income": -39176,
            "revenue": 690792,
            "common_shares": 1136932,
            "book_valuer_per_share": 13.42,
            "book_valuer_per_share_4q_avg": 13.63,
            "equity": 1734582,
            "current_ratio": 117.99,
            "debt_ratio": 54.2,
            "inventory_turnover_ratio": 1.45,
            "account_receivable_turnover_ratio": 0.59,
            "reinvestment_rate": -425.99,
            "research_to_sale_ratio": 5.06,
            "price_fair": 5.22,
            "eps_avg_yearly": 1.74,
            "eps_latest_yearly": 0.24,
            "eps_growth_yearly": -56.32
        },
        "20152": {
            "year_quarter": 20152,
            "year": 2015,
            "quarter": 2,
            "eps": -0.58,
            "eps_growth_year": null,
            "eps_4q": -1.03,
            "eps_4q_growth_year": null,
            "roe": -4.48,
            "roe_4q": -8.180000000000001,
            "gross_profit": 98020,
            "gross_margin": 14.4,
            "gross_margin_4q_avg": 17.21,
            "net_income": -75361,
            "revenue": 680832,
            "common_shares": 1136932,
            "book_valuer_per_share": 12.74,
            "book_valuer_per_share_4q_avg": 13.45,
            "equity": 1627167,
            "current_ratio": 115.12,
            "debt_ratio": 53.77,
            "inventory_turnover_ratio": 1.52,
            "account_receivable_turnover_ratio": 0.7,
            "reinvestment_rate": -656.8,
            "research_to_sale_ratio": 5.31,
            "price_fair": 5.07,
            "eps_avg_yearly": 1.69,
            "eps_latest_yearly": 0.24,
            "eps_growth_yearly": -50.93
        },
        "20153": {
            "year_quarter": 20153,
            "year": 2015,
            "quarter": 3,
            "eps": -0.09,
            "eps_growth_year": null,
            "eps_4q": -1.13,
            "eps_4q_growth_year": null,
            "roe": -0.64,
            "roe_4q": -8.89,
            "gross_profit": 127227,
            "gross_margin": 16.74,
            "gross_margin_4q_avg": 15.66,
            "net_income": -10526,
            "revenue": 760186,
            "common_shares": 1136932,
            "book_valuer_per_share": 13.16,
            "book_valuer_per_share_4q_avg": 13.29,
            "equity": 1665440,
            "current_ratio": 117.82,
            "debt_ratio": 53.73,
            "inventory_turnover_ratio": 1.67,
            "account_receivable_turnover_ratio": 0.76,
            "reinvestment_rate": -1076.76,
            "research_to_sale_ratio": 4.63,
            "price_fair": 4.94,
            "eps_avg_yearly": 1.65,
            "eps_latest_yearly": 0.24,
            "eps_growth_yearly": -55.57
        },
        "20154": {
            "year_quarter": 20154,
            "year": 2015,
            "quarter": 4,
            "eps": -2.4,
            "eps_growth_year": null,
            "eps_4q": -3.38,
            "eps_4q_growth_year": null,
            "roe": -20.61,
            "roe_4q": -27.95,
            "gross_profit": 56301,
            "gross_margin": 7.68,
            "gross_margin_4q_avg": 13.73,
            "net_income": -307880,
            "revenue": 732912,
            "common_shares": 1136932,
            "book_valuer_per_share": 10.48,
            "book_valuer_per_share_4q_avg": 12.45,
            "equity": 1321691,
            "current_ratio": 112.32,
            "debt_ratio": 60.43,
            "inventory_turnover_ratio": 1.71,
            "account_receivable_turnover_ratio": 0.7,
            "reinvestment_rate": null,
            "research_to_sale_ratio": 4.8,
            "price_fair": 4.44,
            "eps_avg_yearly": 1.48,
            "eps_latest_yearly": 0.24,
            "eps_growth_yearly": -87.9
        },
        "20161": {
            "year_quarter": 20161,
            "year": 2016,
            "quarter": 1,
            "eps": 0.02,
            "eps_growth_year": null,
            "eps_4q": -3.06,
            "eps_4q_growth_year": null,
            "roe": 0.23,
            "roe_4q": -25.5,
            "gross_profit": 133853,
            "gross_margin": 20.82,
            "gross_margin_4q_avg": 14.91,
            "net_income": 2963,
            "revenue": 642750,
            "common_shares": 1136932,
            "book_valuer_per_share": 10.35,
            "book_valuer_per_share_4q_avg": 11.68,
            "equity": 1305609,
            "current_ratio": 136.82,
            "debt_ratio": 56.23,
            "inventory_turnover_ratio": 1.41,
            "account_receivable_turnover_ratio": 0.68,
            "reinvestment_rate": null,
            "research_to_sale_ratio": 3.27,
            "price_fair": 4.59,
            "eps_avg_yearly": 1.53,
            "eps_latest_yearly": 0.24,
            "eps_growth_yearly": -61.49
        },
        "20162": {
            "year_quarter": 20162,
            "year": 2016,
            "quarter": 2,
            "eps": 0.09,
            "eps_growth_year": null,
            "eps_4q": -2.38,
            "eps_4q_growth_year": null,
            "roe": 1.06,
            "roe_4q": -19.96,
            "gross_profit": 140497,
            "gross_margin": 20.12,
            "gross_margin_4q_avg": 16.34,
            "net_income": 13776,
            "revenue": 698229,
            "common_shares": 1136932,
            "book_valuer_per_share": 10.2,
            "book_valuer_per_share_4q_avg": 11.05,
            "equity": 1288226,
            "current_ratio": 135.42,
            "debt_ratio": 57.73,
            "inventory_turnover_ratio": 1.93,
            "account_receivable_turnover_ratio": 0.79,
            "reinvestment_rate": null,
            "research_to_sale_ratio": 3.33,
            "price_fair": 33.6,
            "eps_avg_yearly": 0.96,
            "eps_latest_yearly": 0.36,
            "eps_growth_yearly": 182.26
        },
        "20163": {
            "year_quarter": 20163,
            "year": 2016,
            "quarter": 3,
            "eps": 0.37,
            "eps_growth_year": null,
            "eps_4q": -1.87,
            "eps_4q_growth_year": null,
            "roe": 4.06,
            "roe_4q": -15.26,
            "gross_profit": 224476,
            "gross_margin": 27.7,
            "gross_margin_4q_avg": 19.08,
            "net_income": 53007,
            "revenue": 810344,
            "common_shares": 1136932,
            "book_valuer_per_share": 10.22,
            "book_valuer_per_share_4q_avg": 10.31,
            "equity": 1321553,
            "current_ratio": 134.97,
            "debt_ratio": 58.89,
            "inventory_turnover_ratio": 1.93,
            "account_receivable_turnover_ratio": 0.81,
            "reinvestment_rate": null,
            "research_to_sale_ratio": 3.3,
            "price_fair": 19.95,
            "eps_avg_yearly": 0.57,
            "eps_latest_yearly": 1.48,
            "eps_growth_yearly": 478.22
        },
        "20164": {
            "year_quarter": 20164,
            "year": 2016,
            "quarter": 4,
            "eps": 0.38,
            "eps_growth_year": null,
            "eps_4q": 0.85,
            "eps_4q_growth_year": null,
            "roe": 4.06,
            "roe_4q": 9.41,
            "gross_profit": 200013,
            "gross_margin": 26.82,
            "gross_margin_4q_avg": 23.87,
            "net_income": 54430,
            "revenue": 745709,
            "common_shares": 1161740,
            "book_valuer_per_share": 10.51,
            "book_valuer_per_share_4q_avg": 10.32,
            "equity": 1362454,
            "current_ratio": 138.09,
            "debt_ratio": 58.36,
            "inventory_turnover_ratio": 1.57,
            "account_receivable_turnover_ratio": 0.68,
            "reinvestment_rate": null,
            "research_to_sale_ratio": 3.46,
            "price_fair": 31.5,
            "eps_avg_yearly": 0.9,
            "eps_latest_yearly": 1.52,
            "eps_growth_yearly": 574.34
        },
        "20171": {
            "year_quarter": 20171,
            "year": 2017,
            "quarter": 1,
            "eps": 0.3,
            "eps_growth_year": 1400,
            "eps_4q": 1.13,
            "eps_4q_growth_year": null,
            "roe": 3.01,
            "roe_4q": 12.19,
            "gross_profit": 194300,
            "gross_margin": 27.8,
            "gross_margin_4q_avg": 25.61,
            "net_income": 40639,
            "revenue": 698966,
            "common_shares": 1161740,
            "book_valuer_per_share": 10.26,
            "book_valuer_per_share_4q_avg": 10.3,
            "equity": 1334009,
            "current_ratio": 145.2,
            "debt_ratio": 56.32,
            "inventory_turnover_ratio": 1.53,
            "account_receivable_turnover_ratio": 0.66,
            "reinvestment_rate": null,
            "research_to_sale_ratio": 3.43,
            "price_fair": 33.6,
            "eps_avg_yearly": 0.96,
            "eps_latest_yearly": 1.2,
            "eps_growth_yearly": 442.63
        },
        "20172": {
            "year_quarter": 20172,
            "year": 2017,
            "quarter": 2,
            "eps": 0.31,
            "eps_growth_year": 244.44,
            "eps_4q": 1.33,
            "eps_4q_growth_year": null,
            "roe": 3.21,
            "roe_4q": 14.34,
            "gross_profit": 217408,
            "gross_margin": 28.22,
            "gross_margin_4q_avg": 27.64,
            "net_income": 44134,
            "revenue": 770306,
            "common_shares": 1163707,
            "book_valuer_per_share": 10.74,
            "book_valuer_per_share_4q_avg": 10.43,
            "equity": 1419647,
            "current_ratio": 148.24,
            "debt_ratio": 55.23,
            "inventory_turnover_ratio": 1.75,
            "account_receivable_turnover_ratio": 0.74,
            "reinvestment_rate": null,
            "research_to_sale_ratio": 3.46,
            "price_fair": 35.23,
            "eps_avg_yearly": 1.01,
            "eps_latest_yearly": 1.24,
            "eps_growth_yearly": 371.08
        },
        "20173": {
            "year_quarter": 20173,
            "year": 2017,
            "quarter": 3,
            "eps": 0.44,
            "eps_growth_year": 18.92,
            "eps_4q": 1.38,
            "eps_4q_growth_year": null,
            "roe": 4.23,
            "roe_4q": 14.509999999999998,
            "gross_profit": 239357,
            "gross_margin": 27.9,
            "gross_margin_4q_avg": 27.69,
            "net_income": 62213,
            "revenue": 858014,
            "common_shares": 1181194,
            "book_valuer_per_share": 11.29,
            "book_valuer_per_share_4q_avg": 10.7,
            "equity": 1522456,
            "current_ratio": 132.63,
            "debt_ratio": 55.46,
            "inventory_turnover_ratio": 1.82,
            "account_receivable_turnover_ratio": 0.74,
            "reinvestment_rate": null,
            "research_to_sale_ratio": 3.09,
            "price_fair": 44.1,
            "eps_avg_yearly": 1.26,
            "eps_latest_yearly": 1.76,
            "eps_growth_yearly": 458.69
        },
        "20174": {
            "year_quarter": 20174,
            "year": 2017,
            "quarter": 4,
            "eps": 0.11,
            "eps_growth_year": -70.42,
            "eps_4q": 1.13,
            "eps_4q_growth_year": 32.68,
            "roe": 1.1,
            "roe_4q": 11.549999999999999,
            "gross_profit": 180817,
            "gross_margin": 25.15,
            "gross_margin_4q_avg": 27.27,
            "net_income": 16790,
            "revenue": 718893,
            "common_shares": 1203816,
            "book_valuer_per_share": 11.38,
            "book_valuer_per_share_4q_avg": 10.92,
            "equity": 1537376,
            "current_ratio": 138.29,
            "debt_ratio": 52.56,
            "inventory_turnover_ratio": 1.39,
            "account_receivable_turnover_ratio": 0.63,
            "reinvestment_rate": null,
            "research_to_sale_ratio": 4.36,
            "price_fair": 40,
            "eps_avg_yearly": 1.14,
            "eps_latest_yearly": 0.44,
            "eps_growth_yearly": 350.3
        },
        "20181": {
            "year_quarter": 20181,
            "year": 2018,
            "quarter": 1,
            "eps": -0.35,
            "eps_growth_year": -216.67,
            "eps_4q": 0.46,
            "eps_4q_growth_year": -59.4,
            "roe": -2.87,
            "roe_4q": 5.67,
            "gross_profit": 148711,
            "gross_margin": 22.08,
            "gross_margin_4q_avg": 25.84,
            "net_income": -44738,
            "revenue": 673595,
            "common_shares": 1204035,
            "book_valuer_per_share": 11.08,
            "book_valuer_per_share_4q_avg": 11.12,
            "equity": 1582848,
            "current_ratio": 148.29,
            "debt_ratio": 50.45,
            "inventory_turnover_ratio": 1.39,
            "account_receivable_turnover_ratio": 0.65,
            "reinvestment_rate": null,
            "research_to_sale_ratio": 4.12,
            "price_fair": 40,
            "eps_avg_yearly": 1.14,
            "eps_latest_yearly": 0.44,
            "eps_growth_yearly": 350.3
        },
        "20182": {
            "year_quarter": 20182,
            "year": 2018,
            "quarter": 2,
            "eps": 0.34,
            "eps_growth_year": 9.68,
            "eps_4q": 0.5,
            "eps_4q_growth_year": -62.56,
            "roe": 3.31,
            "roe_4q": 5.7700000000000005,
            "gross_profit": 172041,
            "gross_margin": 22.06,
            "gross_margin_4q_avg": 24.3,
            "net_income": 52512,
            "revenue": 779847,
            "common_shares": 1237316,
            "book_valuer_per_share": 11.04,
            "book_valuer_per_share_4q_avg": 11.2,
            "equity": 1591810,
            "current_ratio": 148.39,
            "debt_ratio": 51.16,
            "inventory_turnover_ratio": 1.65,
            "account_receivable_turnover_ratio": 0.74,
            "reinvestment_rate": null,
            "research_to_sale_ratio": 4.23,
            "price_fair": 40,
            "eps_avg_yearly": 1.14,
            "eps_latest_yearly": 0.44,
            "eps_growth_yearly": 350.3
        },
        "20183": {
            "year_quarter": 20183,
            "year": 2018,
            "quarter": 3,
            "eps": 0.21,
            "eps_growth_year": -52.27,
            "eps_4q": 0.3,
            "eps_4q_growth_year": -78.33,
            "roe": 2.3,
            "roe_4q": 3.8399999999999994,
            "gross_profit": 221320,
            "gross_margin": 26.24,
            "gross_margin_4q_avg": 23.88,
            "net_income": 37063,
            "revenue": 843528,
            "common_shares": 1299078,
            "book_valuer_per_share": 10.45,
            "book_valuer_per_share_4q_avg": 10.99,
            "equity": 1633559,
            "current_ratio": 146.41,
            "debt_ratio": 52.98,
            "inventory_turnover_ratio": 1.51,
            "account_receivable_turnover_ratio": 0.73,
            "reinvestment_rate": null,
            "research_to_sale_ratio": 4.56,
            "price_fair": 38.68,
            "eps_avg_yearly": 1.11,
            "eps_latest_yearly": 0.84,
            "eps_growth_yearly": 287.4
        },
        "20184": {
            "year_quarter": 20184,
            "year": 2018,
            "quarter": 4,
            "eps": 0.18,
            "eps_growth_year": 62.28,
            "eps_4q": 0.38,
            "eps_4q_growth_year": -65.98,
            "roe": 1.98,
            "roe_4q": 4.72,
            "gross_profit": 209718,
            "gross_margin": 28.65,
            "gross_margin_4q_avg": 24.76,
            "net_income": 32792,
            "revenue": 731904,
            "common_shares": 1366504,
            "book_valuer_per_share": 10.65,
            "book_valuer_per_share_4q_avg": 10.81,
            "equity": 1676645,
            "current_ratio": 160.13,
            "debt_ratio": 49.01,
            "inventory_turnover_ratio": 1.2,
            "account_receivable_turnover_ratio": 0.63,
            "reinvestment_rate": null,
            "research_to_sale_ratio": 4.29,
            "price_fair": 37.18,
            "eps_avg_yearly": 1.06,
            "eps_latest_yearly": 0.72,
            "eps_growth_yearly": 249.12
        },
        "20191": {
            "year_quarter": 20191,
            "year": 2019,
            "quarter": 1,
            "eps": 0.21,
            "eps_growth_year": null,
            "eps_4q": 0.9,
            "eps_4q_growth_year": 95.22,
            "roe": 1.59,
            "roe_4q": 9.18,
            "gross_profit": 155669,
            "gross_margin": 22.46,
            "gross_margin_4q_avg": 24.85,
            "net_income": 26954,
            "revenue": 692946,
            "common_shares": 1358963,
            "book_valuer_per_share": 11.02,
            "book_valuer_per_share_4q_avg": 10.79,
            "equity": 1718157,
            "current_ratio": 158.93,
            "debt_ratio": 49.57,
            "inventory_turnover_ratio": 1.28,
            "account_receivable_turnover_ratio": 0.64,
            "reinvestment_rate": null,
            "research_to_sale_ratio": 4.95,
            "price_fair": 36.4,
            "eps_avg_yearly": 1.04,
            "eps_latest_yearly": 0.84,
            "eps_growth_yearly": 230.87
        },
        "20192": {
            "year_quarter": 20192,
            "year": 2019,
            "quarter": 2,
            "eps": 0.26,
            "eps_growth_year": -23.53,
            "eps_4q": 0.85,
            "eps_4q_growth_year": 70.56,
            "roe": 2.52,
            "roe_4q": 8.39,
            "gross_profit": 206272,
            "gross_margin": 24.63,
            "gross_margin_4q_avg": 25.5,
            "net_income": 43064,
            "revenue": 837587,
            "common_shares": 1359276,
            "book_valuer_per_share": 10.86,
            "book_valuer_per_share_4q_avg": 10.75,
            "equity": 1697176,
            "current_ratio": 168.96,
            "debt_ratio": 47.04,
            "inventory_turnover_ratio": 1.69,
            "account_receivable_turnover_ratio": 0.77,
            "reinvestment_rate": -692.18,
            "research_to_sale_ratio": 4.03,
            "price_fair": 36.4,
            "eps_avg_yearly": 1.04,
            "eps_latest_yearly": 1.04,
            "eps_growth_yearly": 218.54
        },
        "20193": {
            "year_quarter": 20193,
            "year": 2019,
            "quarter": 3,
            "eps": 0.43,
            "eps_growth_year": 104.76,
            "eps_4q": 1.07,
            "eps_4q_growth_year": 258.52,
            "roe": 4.25,
            "roe_4q": 10.34,
            "gross_profit": 263296,
            "gross_margin": 28.44,
            "gross_margin_4q_avg": 26.05,
            "net_income": 72766,
            "revenue": 925938,
            "common_shares": 1359276,
            "book_valuer_per_share": 10.99,
            "book_valuer_per_share_4q_avg": 10.88,
            "equity": 1723137,
            "current_ratio": 177.25,
            "debt_ratio": 49.25,
            "inventory_turnover_ratio": 1.85,
            "account_receivable_turnover_ratio": 0.76,
            "reinvestment_rate": -345.14,
            "research_to_sale_ratio": 3.82,
            "price_fair": 38.38,
            "eps_avg_yearly": 1.1,
            "eps_latest_yearly": 1.72,
            "eps_growth_yearly": 222.12
        },
        "20194": {
            "year_quarter": 20194,
            "year": 2019,
            "quarter": 4,
            "eps": 0.34,
            "eps_growth_year": 85.98,
            "eps_4q": 1.25,
            "eps_4q_growth_year": 227.15,
            "roe": 3.23,
            "roe_4q": 11.59,
            "gross_profit": 255966,
            "gross_margin": 29.8,
            "gross_margin_4q_avg": 26.33,
            "net_income": 55110,
            "revenue": 858823,
            "common_shares": 1359276,
            "book_valuer_per_share": 11.02,
            "book_valuer_per_share_4q_avg": 10.97,
            "equity": 1688449,
            "current_ratio": 173.73,
            "debt_ratio": 51.01,
            "inventory_turnover_ratio": 1.58,
            "account_receivable_turnover_ratio": 0.69,
            "reinvestment_rate": -45.38,
            "research_to_sale_ratio": 3.76,
            "price_fair": 39.09,
            "eps_avg_yearly": 1.12,
            "eps_latest_yearly": 1.36,
            "eps_growth_yearly": 198.6
        },
        "20201": {
            "year_quarter": 20201,
            "year": 2020,
            "quarter": 1,
            "eps": 0.22,
            "eps_growth_year": 4.76,
            "eps_4q": 1.31,
            "eps_4q_growth_year": 46.02,
            "roe": 2.12,
            "roe_4q": 12.12,
            "gross_profit": 162530,
            "gross_margin": 26.64,
            "gross_margin_4q_avg": 27.38,
            "net_income": 35400,
            "revenue": 610029,
            "common_shares": 1318396,
            "book_valuer_per_share": 11.11,
            "book_valuer_per_share_4q_avg": 11,
            "equity": 1651985,
            "current_ratio": 181.87,
            "debt_ratio": 49.82,
            "inventory_turnover_ratio": 1.13,
            "account_receivable_turnover_ratio": 0.56,
            "reinvestment_rate": -50.05,
            "research_to_sale_ratio": 4.37,
            "price_fair": 38.5,
            "eps_avg_yearly": 1.1,
            "eps_latest_yearly": 0.88,
            "eps_growth_yearly": 174.33
        },
        "20202": {
            "year_quarter": 20202,
            "year": 2020,
            "quarter": 2,
            "eps": 0.74,
            "eps_growth_year": 184.62,
            "eps_4q": 1.78,
            "eps_4q_growth_year": 109.79,
            "roe": 7.06,
            "roe_4q": 16.66,
            "gross_profit": 334092,
            "gross_margin": 31.48,
            "gross_margin_4q_avg": 29.09,
            "net_income": 115706,
            "revenue": 1061153,
            "common_shares": 1268396,
            "book_valuer_per_share": 10.93,
            "book_valuer_per_share_4q_avg": 11.01,
            "equity": 1626462,
            "current_ratio": 162.74,
            "debt_ratio": 55.47,
            "inventory_turnover_ratio": 1.72,
            "account_receivable_turnover_ratio": 0.92,
            "reinvestment_rate": -37.55,
            "research_to_sale_ratio": 3.01,
            "price_fair": 45,
            "eps_avg_yearly": 1.29,
            "eps_latest_yearly": 2.96,
            "eps_growth_yearly": 141.86
        },
        "20203": {
            "year_quarter": 20203,
            "year": 2020,
            "quarter": 3,
            "eps": 0.57,
            "eps_growth_year": 32.56,
            "eps_4q": 1.89,
            "eps_4q_growth_year": 76.45,
            "roe": 4.89,
            "roe_4q": 17.3,
            "gross_profit": 325474,
            "gross_margin": 30.51,
            "gross_margin_4q_avg": 29.61,
            "net_income": 85749,
            "revenue": 1066741,
            "common_shares": 1268396,
            "book_valuer_per_share": 11.83,
            "book_valuer_per_share_4q_avg": 11.22,
            "equity": 1883001,
            "current_ratio": 181.31,
            "debt_ratio": 51.1,
            "inventory_turnover_ratio": 1.72,
            "account_receivable_turnover_ratio": 0.76,
            "reinvestment_rate": -25.46,
            "research_to_sale_ratio": 3.54,
            "price_fair": 47,
            "eps_avg_yearly": 1.34,
            "eps_latest_yearly": 2.28,
            "eps_growth_yearly": 46.41
        },
        "20204": {
            "year_quarter": 20204,
            "year": 2020,
            "quarter": 4,
            "eps": 0.5,
            "eps_growth_year": 46.99,
            "eps_4q": 2.04,
            "eps_4q_growth_year": 62.44,
            "roe": 4.42,
            "roe_4q": 18.49,
            "gross_profit": 332864,
            "gross_margin": 31.37,
            "gross_margin_4q_avg": 30,
            "net_income": 85865,
            "revenue": 1061016,
            "common_shares": 1268396,
            "book_valuer_per_share": 12.52,
            "book_valuer_per_share_4q_avg": 11.6,
            "equity": 2002692,
            "current_ratio": 181.29,
            "debt_ratio": 51.26,
            "inventory_turnover_ratio": 1.45,
            "account_receivable_turnover_ratio": 0.71,
            "reinvestment_rate": -18.14,
            "research_to_sale_ratio": 3.5,
            "price_fair": 48.2,
            "eps_avg_yearly": 1.38,
            "eps_latest_yearly": 2,
            "eps_growth_yearly": 42.13
        },
        "20211": {
            "year_quarter": 20211,
            "year": 2021,
            "quarter": 1,
            "eps": 0.4,
            "eps_growth_year": 81.82,
            "eps_4q": 2.21,
            "eps_4q_growth_year": 68.41,
            "roe": 3.61,
            "roe_4q": 19.979999999999997,
            "gross_profit": 279595,
            "gross_margin": 26.82,
            "gross_margin_4q_avg": 30.05,
            "net_income": 70259,
            "revenue": 1042642,
            "common_shares": 1268396,
            "book_valuer_per_share": 11.46,
            "book_valuer_per_share_4q_avg": 11.69,
            "equity": 1885037,
            "current_ratio": 165.32,
            "debt_ratio": 54.82,
            "inventory_turnover_ratio": 1.22,
            "account_receivable_turnover_ratio": 0.71,
            "reinvestment_rate": -7.67,
            "research_to_sale_ratio": 3.05,
            "price_fair": 49.2,
            "eps_avg_yearly": 1.41,
            "eps_latest_yearly": 1.6,
            "eps_growth_yearly": 42.43
        },
        "20212": {
            "year_quarter": 20212,
            "year": 2021,
            "quarter": 2,
            "eps": 0.45,
            "eps_growth_year": -39.19,
            "eps_4q": 1.92,
            "eps_4q_growth_year": 7.77,
            "roe": 3.87,
            "roe_4q": 16.79,
            "gross_profit": 275959,
            "gross_margin": 26.96,
            "gross_margin_4q_avg": 28.92,
            "net_income": 73065,
            "revenue": 1023597,
            "common_shares": 1268396,
            "book_valuer_per_share": 11.8,
            "book_valuer_per_share_4q_avg": 11.9,
            "equity": 1894818,
            "current_ratio": 171.01,
            "debt_ratio": 53.53,
            "inventory_turnover_ratio": 1.21,
            "account_receivable_turnover_ratio": 0.72,
            "reinvestment_rate": -12.58,
            "research_to_sale_ratio": 2.73,
            "price_fair": 50.6,
            "eps_avg_yearly": 1.45,
            "eps_latest_yearly": 1.8,
            "eps_growth_yearly": 45.05
        },
        "20213": {
            "year_quarter": 20213,
            "year": 2021,
            "quarter": 3,
            "eps": 0.58,
            "eps_growth_year": 1.75,
            "eps_4q": 1.97,
            "eps_4q_growth_year": 4.28,
            "roe": 5.12,
            "roe_4q": 17.02,
            "gross_profit": 279000,
            "gross_margin": 26.13,
            "gross_margin_4q_avg": 27.82,
            "net_income": 97461,
            "revenue": 1067879,
            "common_shares": 1268396,
            "book_valuer_per_share": 12.08,
            "book_valuer_per_share_4q_avg": 11.97,
            "equity": 1915472,
            "current_ratio": 177.47,
            "debt_ratio": 51.42,
            "inventory_turnover_ratio": 1.37,
            "account_receivable_turnover_ratio": 0.76,
            "reinvestment_rate": -13.91,
            "research_to_sale_ratio": 2.78,
            "price_fair": 52,
            "eps_avg_yearly": 1.49,
            "eps_latest_yearly": 2.32,
            "eps_growth_yearly": 41.32
        },
        "20214": {
            "year_quarter": 20214,
            "year": 2021,
            "quarter": 4,
            "eps": 0.54,
            "eps_growth_year": 7.84,
            "eps_4q": 2.01,
            "eps_4q_growth_year": -1.37,
            "roe": 4.53,
            "roe_4q": 17.13,
            "gross_profit": 298974,
            "gross_margin": 28.47,
            "gross_margin_4q_avg": 27.1,
            "net_income": 88581,
            "revenue": 1049970,
            "common_shares": 1227626,
            "book_valuer_per_share": 12.61,
            "book_valuer_per_share_4q_avg": 11.99,
            "equity": 1995029,
            "current_ratio": 181.04,
            "debt_ratio": 50.92,
            "inventory_turnover_ratio": 1.26,
            "account_receivable_turnover_ratio": 0.74,
            "reinvestment_rate": -6.2,
            "research_to_sale_ratio": 2.95,
            "price_fair": 56.3,
            "eps_avg_yearly": 1.61,
            "eps_latest_yearly": 2.16,
            "eps_growth_yearly": 60.78
        },
        "20221": {
            "year_quarter": 20221,
            "year": 2022,
            "quarter": 1,
            "eps": 0.46,
            "eps_growth_year": 15,
            "eps_4q": 2.05,
            "eps_4q_growth_year": -6.87,
            "roe": 3.75,
            "roe_4q": 17.270000000000003,
            "gross_profit": 261160,
            "gross_margin": 26.09,
            "gross_margin_4q_avg": 26.91,
            "net_income": 74840,
            "revenue": 1001151,
            "common_shares": 1227626,
            "book_valuer_per_share": 12.3,
            "book_valuer_per_share_4q_avg": 12.2,
            "equity": 1994146,
            "current_ratio": 185.73,
            "debt_ratio": 51.48,
            "inventory_turnover_ratio": 1.22,
            "account_receivable_turnover_ratio": 0.7,
            "reinvestment_rate": -2.82,
            "research_to_sale_ratio": 3.4,
            "price_fair": 56.84,
            "eps_avg_yearly": 1.62,
            "eps_latest_yearly": 1.84,
            "eps_growth_yearly": 52.77
        },
        "20222": {
            "year_quarter": 20222,
            "year": 2022,
            "quarter": 2,
            "eps": 0.54,
            "eps_growth_year": 20,
            "eps_4q": 2.19,
            "eps_4q_growth_year": 14.28,
            "roe": 4.42,
            "roe_4q": 17.82,
            "gross_profit": 250004,
            "gross_margin": 25.86,
            "gross_margin_4q_avg": 26.64,
            "net_income": 87662,
            "revenue": 966839,
            "common_shares": 1227626,
            "book_valuer_per_share": 12.36,
            "book_valuer_per_share_4q_avg": 12.34,
            "equity": 1976728,
            "current_ratio": 187.55,
            "debt_ratio": 51.78,
            "inventory_turnover_ratio": 1.3,
            "account_receivable_turnover_ratio": 0.72,
            "reinvestment_rate": -7.41,
            "research_to_sale_ratio": 3.31,
            "price_fair": 58.01,
            "eps_avg_yearly": 1.66,
            "eps_latest_yearly": 2.16,
            "eps_growth_yearly": 53.82
        },
        "20223": {
            "year_quarter": 20223,
            "year": 2022,
            "quarter": 3,
            "eps": 0.51,
            "eps_growth_year": -12.07,
            "eps_4q": 2.12,
            "eps_4q_growth_year": 7.22,
            "roe": 4.07,
            "roe_4q": 16.77,
            "gross_profit": 260943,
            "gross_margin": 24.83,
            "gross_margin_4q_avg": 26.31,
            "net_income": 81735,
            "revenue": 1050948,
            "common_shares": 1197626,
            "book_valuer_per_share": 12.9,
            "book_valuer_per_share_4q_avg": 12.54,
            "equity": 2041406,
            "current_ratio": 181.03,
            "debt_ratio": 53.44,
            "inventory_turnover_ratio": 1.65,
            "account_receivable_turnover_ratio": 0.78,
            "reinvestment_rate": -4.24,
            "research_to_sale_ratio": 3.46,
            "price_fair": 60.64,
            "eps_avg_yearly": 1.73,
            "eps_latest_yearly": 2.04,
            "eps_growth_yearly": 61.99
        },
        "20224": {
            "year_quarter": 20224,
            "year": 2022,
            "quarter": 4,
            "eps": 0.33,
            "eps_growth_year": -37.6,
            "eps_4q": 1.9,
            "eps_4q_growth_year": -5.6,
            "roe": 2.53,
            "roe_4q": 14.77,
            "gross_profit": 242889,
            "gross_margin": 27.8,
            "gross_margin_4q_avg": 26.15,
            "net_income": 51718,
            "revenue": 873602,
            "common_shares": 1172656,
            "book_valuer_per_share": 12.97,
            "book_valuer_per_share_4q_avg": 12.63,
            "equity": 2049062,
            "current_ratio": 183.22,
            "debt_ratio": 51.82,
            "inventory_turnover_ratio": 1.47,
            "account_receivable_turnover_ratio": 0.65,
            "reinvestment_rate": -7.28,
            "research_to_sale_ratio": 4.07,
            "price_fair": 61.95,
            "eps_avg_yearly": 1.77,
            "eps_latest_yearly": 1.32,
            "eps_growth_yearly": 56.74
        },
        "20231": {
            "year_quarter": 20231,
            "year": 2023,
            "quarter": 1,
            "eps": 0.4,
            "eps_growth_year": -13.04,
            "eps_4q": 1.81,
            "eps_4q_growth_year": -11.7,
            "roe": 2.98,
            "roe_4q": 14,
            "gross_profit": 236963,
            "gross_margin": 28.83,
            "gross_margin_4q_avg": 26.83,
            "net_income": 62198,
            "revenue": 822053,
            "common_shares": 1172656,
            "book_valuer_per_share": 13.43,
            "book_valuer_per_share_4q_avg": 12.92,
            "equity": 2121596,
            "current_ratio": 210.58,
            "debt_ratio": 49.84,
            "inventory_turnover_ratio": 1.45,
            "account_receivable_turnover_ratio": 0.69,
            "reinvestment_rate": -9.18,
            "research_to_sale_ratio": 3.33,
            "price_fair": 63.61,
            "eps_avg_yearly": 1.82,
            "eps_latest_yearly": 1.6,
            "eps_growth_yearly": 57.88
        }
    },
    "months": {
        "2002-01": {
            "month": "2002-01",
            "price": "29.25",
            "revenue": 41033
        },
        "2002-02": {
            "month": "2002-02",
            "price": "34.92",
            "revenue": 30252
        },
        "2002-03": {
            "month": "2002-03",
            "price": "43.88",
            "revenue": 47395
        },
        "2002-04": {
            "month": "2002-04",
            "price": "56.23",
            "revenue": 47530
        },
        "2002-05": {
            "month": "2002-05",
            "price": "44.55",
            "revenue": 48049
        },
        "2002-06": {
            "month": "2002-06",
            "price": "37.32",
            "revenue": 42273
        },
        "2002-07": {
            "month": "2002-07",
            "price": "28.84",
            "revenue": 34392
        },
        "2002-08": {
            "month": "2002-08",
            "price": "22.10",
            "revenue": 36425
        },
        "2002-09": {
            "month": "2002-09",
            "price": "17.36",
            "revenue": 41007
        },
        "2002-10": {
            "month": "2002-10",
            "price": "14.98",
            "revenue": 47481
        },
        "2002-11": {
            "month": "2002-11",
            "price": "16.08",
            "revenue": 42806
        },
        "2002-12": {
            "month": "2002-12",
            "price": "17.75",
            "revenue": 39038
        },
        "2003-01": {
            "month": "2003-01",
            "price": "17.16",
            "revenue": 39137
        },
        "2003-02": {
            "month": "2003-02",
            "price": "15.62",
            "revenue": 33079
        },
        "2003-03": {
            "month": "2003-03",
            "price": "15.06",
            "revenue": 45486
        },
        "2003-04": {
            "month": "2003-04",
            "price": "14.96",
            "revenue": 44822
        },
        "2003-05": {
            "month": "2003-05",
            "price": "15.06",
            "revenue": 45685
        },
        "2003-06": {
            "month": "2003-06",
            "price": "17.69",
            "revenue": 35980
        },
        "2003-07": {
            "month": "2003-07",
            "price": "18.97",
            "revenue": 42095
        },
        "2003-08": {
            "month": "2003-08",
            "price": "21.40",
            "revenue": 46104
        },
        "2003-09": {
            "month": "2003-09",
            "price": "20.50",
            "revenue": 54636
        },
        "2003-10": {
            "month": "2003-10",
            "price": "23.93",
            "revenue": 53610
        },
        "2003-11": {
            "month": "2003-11",
            "price": "25.76",
            "revenue": 46464
        },
        "2003-12": {
            "month": "2003-12",
            "price": "25.89",
            "revenue": 45799
        },
        "2004-01": {
            "month": "2004-01",
            "price": "27.75",
            "revenue": 43244
        },
        "2004-02": {
            "month": "2004-02",
            "price": "26.47",
            "revenue": 41352
        },
        "2004-03": {
            "month": "2004-03",
            "price": "26.86",
            "revenue": 41547
        },
        "2004-04": {
            "month": "2004-04",
            "price": "29.60",
            "revenue": 46770
        },
        "2004-05": {
            "month": "2004-05",
            "price": "22.46",
            "revenue": 43198
        },
        "2004-06": {
            "month": "2004-06",
            "price": "18.90",
            "revenue": 45849
        },
        "2004-07": {
            "month": "2004-07",
            "price": "16.74",
            "revenue": 49181
        },
        "2004-08": {
            "month": "2004-08",
            "price": "14.56",
            "revenue": 53349
        },
        "2004-09": {
            "month": "2004-09",
            "price": "13.14",
            "revenue": 58706
        },
        "2004-10": {
            "month": "2004-10",
            "price": "13.00",
            "revenue": 60951
        },
        "2004-11": {
            "month": "2004-11",
            "price": "13.25",
            "revenue": 59303
        },
        "2004-12": {
            "month": "2004-12",
            "price": "13.90",
            "revenue": 50528
        },
        "2005-01": {
            "month": "2005-01",
            "price": "12.51",
            "revenue": 52851
        },
        "2005-02": {
            "month": "2005-02",
            "price": "12.54",
            "revenue": 40658
        },
        "2005-03": {
            "month": "2005-03",
            "price": "12.78",
            "revenue": 60951
        },
        "2005-04": {
            "month": "2005-04",
            "price": "11.72",
            "revenue": 67126
        },
        "2005-05": {
            "month": "2005-05",
            "price": "11.85",
            "revenue": 68477
        },
        "2005-06": {
            "month": "2005-06",
            "price": "13.93",
            "revenue": 71939
        },
        "2005-07": {
            "month": "2005-07",
            "price": "15.72",
            "revenue": 69899
        },
        "2005-08": {
            "month": "2005-08",
            "price": "15.78",
            "revenue": 82063
        },
        "2005-09": {
            "month": "2005-09",
            "price": "16.21",
            "revenue": 111007
        },
        "2005-10": {
            "month": "2005-10",
            "price": "16.07",
            "revenue": 115839
        },
        "2005-11": {
            "month": "2005-11",
            "price": "16.20",
            "revenue": 120097
        },
        "2005-12": {
            "month": "2005-12",
            "price": "19.52",
            "revenue": 103653
        },
        "2006-01": {
            "month": "2006-01",
            "price": "20.14",
            "revenue": 111784
        },
        "2006-02": {
            "month": "2006-02",
            "price": "19.55",
            "revenue": 95528
        },
        "2006-03": {
            "month": "2006-03",
            "price": "23.12",
            "revenue": 132014
        },
        "2006-04": {
            "month": "2006-04",
            "price": "37.70",
            "revenue": 123823
        },
        "2006-05": {
            "month": "2006-05",
            "price": "36.50",
            "revenue": 105806
        },
        "2006-06": {
            "month": "2006-06",
            "price": "28.55",
            "revenue": 105554
        },
        "2006-07": {
            "month": "2006-07",
            "price": "27.70",
            "revenue": 116014
        },
        "2006-08": {
            "month": "2006-08",
            "price": "32.23",
            "revenue": 146486
        },
        "2006-09": {
            "month": "2006-09",
            "price": "40.86",
            "revenue": 146371
        },
        "2006-10": {
            "month": "2006-10",
            "price": "47.36",
            "revenue": 150512
        },
        "2006-11": {
            "month": "2006-11",
            "price": "54.61",
            "revenue": 163337
        },
        "2006-12": {
            "month": "2006-12",
            "price": "81.99",
            "revenue": 140963
        },
        "2007-01": {
            "month": "2007-01",
            "price": "79.00",
            "revenue": 154586
        },
        "2007-02": {
            "month": "2007-02",
            "price": "75.22",
            "revenue": 108422
        },
        "2007-03": {
            "month": "2007-03",
            "price": "69.18",
            "revenue": 149975
        },
        "2007-04": {
            "month": "2007-04",
            "price": "60.57",
            "revenue": 163763
        },
        "2007-05": {
            "month": "2007-05",
            "price": "49.96",
            "revenue": 142225
        },
        "2007-06": {
            "month": "2007-06",
            "price": "55.35",
            "revenue": 149894
        },
        "2007-07": {
            "month": "2007-07",
            "price": "55.61",
            "revenue": 173638
        },
        "2007-08": {
            "month": "2007-08",
            "price": "50.14",
            "revenue": 200948
        },
        "2007-09": {
            "month": "2007-09",
            "price": "43.67",
            "revenue": 206687
        },
        "2007-10": {
            "month": "2007-10",
            "price": "42.86",
            "revenue": 216363
        },
        "2007-11": {
            "month": "2007-11",
            "price": "38.49",
            "revenue": 187324
        },
        "2007-12": {
            "month": "2007-12",
            "price": "37.42",
            "revenue": 145494
        },
        "2008-01": {
            "month": "2008-01",
            "price": "29.24",
            "revenue": 174146
        },
        "2008-02": {
            "month": "2008-02",
            "price": "25.92",
            "revenue": 132660
        },
        "2008-03": {
            "month": "2008-03",
            "price": "26.17",
            "revenue": 209830
        },
        "2008-04": {
            "month": "2008-04",
            "price": "29.34",
            "revenue": 214032
        },
        "2008-05": {
            "month": "2008-05",
            "price": "29.30",
            "revenue": 219348
        },
        "2008-06": {
            "month": "2008-06",
            "price": "24.55",
            "revenue": 223302
        },
        "2008-07": {
            "month": "2008-07",
            "price": "17.97",
            "revenue": 269474
        },
        "2008-08": {
            "month": "2008-08",
            "price": "19.00",
            "revenue": 284647
        },
        "2008-09": {
            "month": "2008-09",
            "price": "13.72",
            "revenue": 307021
        },
        "2008-10": {
            "month": "2008-10",
            "price": "13.82",
            "revenue": 277492
        },
        "2008-11": {
            "month": "2008-11",
            "price": "11.63",
            "revenue": 187691
        },
        "2008-12": {
            "month": "2008-12",
            "price": "9.50",
            "revenue": 156557
        },
        "2009-01": {
            "month": "2009-01",
            "price": "9.55",
            "revenue": 162982
        },
        "2009-02": {
            "month": "2009-02",
            "price": "10.14",
            "revenue": 205126
        },
        "2009-03": {
            "month": "2009-03",
            "price": "12.69",
            "revenue": 308854
        },
        "2009-04": {
            "month": "2009-04",
            "price": "17.23",
            "revenue": 296872
        },
        "2009-05": {
            "month": "2009-05",
            "price": "21.40",
            "revenue": 246127
        },
        "2009-06": {
            "month": "2009-06",
            "price": "17.80",
            "revenue": 287658
        },
        "2009-07": {
            "month": "2009-07",
            "price": "19.66",
            "revenue": 328168
        },
        "2009-08": {
            "month": "2009-08",
            "price": "25.21",
            "revenue": 322742
        },
        "2009-09": {
            "month": "2009-09",
            "price": "33.78",
            "revenue": 426007
        },
        "2009-10": {
            "month": "2009-10",
            "price": "37.90",
            "revenue": 310047
        },
        "2009-11": {
            "month": "2009-11",
            "price": "37.11",
            "revenue": 317886
        },
        "2009-12": {
            "month": "2009-12",
            "price": "43.18",
            "revenue": 279000
        },
        "2010-01": {
            "month": "2010-01",
            "price": "45.26",
            "revenue": 327200
        },
        "2010-02": {
            "month": "2010-02",
            "price": "41.59",
            "revenue": 234136
        },
        "2010-03": {
            "month": "2010-03",
            "price": "44.38",
            "revenue": 329636
        },
        "2010-04": {
            "month": "2010-04",
            "price": "46.39",
            "revenue": 309718
        },
        "2010-05": {
            "month": "2010-05",
            "price": "42.43",
            "revenue": 294464
        },
        "2010-06": {
            "month": "2010-06",
            "price": "38.63",
            "revenue": 323160
        },
        "2010-07": {
            "month": "2010-07",
            "price": "40.45",
            "revenue": 315081
        },
        "2010-08": {
            "month": "2010-08",
            "price": "32.80",
            "revenue": 320098
        },
        "2010-09": {
            "month": "2010-09",
            "price": "29.70",
            "revenue": 392544
        },
        "2010-10": {
            "month": "2010-10",
            "price": "30.23",
            "revenue": 345606
        },
        "2010-11": {
            "month": "2010-11",
            "price": "30.18",
            "revenue": 362930
        },
        "2010-12": {
            "month": "2010-12",
            "price": "37.62",
            "revenue": 322944
        },
        "2011-01": {
            "month": "2011-01",
            "price": "36.68",
            "revenue": 305606
        },
        "2011-02": {
            "month": "2011-02",
            "price": "32.66",
            "revenue": 197272
        },
        "2011-03": {
            "month": "2011-03",
            "price": "31.41",
            "revenue": 375183
        },
        "2011-04": {
            "month": "2011-04",
            "price": "30.24",
            "revenue": 414422
        },
        "2011-05": {
            "month": "2011-05",
            "price": "32.32",
            "revenue": 369834
        },
        "2011-06": {
            "month": "2011-06",
            "price": "32.74",
            "revenue": 343664
        },
        "2011-07": {
            "month": "2011-07",
            "price": "29.92",
            "revenue": 337996
        },
        "2011-08": {
            "month": "2011-08",
            "price": "23.28",
            "revenue": 353832
        },
        "2011-09": {
            "month": "2011-09",
            "price": "20.95",
            "revenue": 356109
        },
        "2011-10": {
            "month": "2011-10",
            "price": "19.98",
            "revenue": 325248
        },
        "2011-11": {
            "month": "2011-11",
            "price": "21.60",
            "revenue": 426024
        },
        "2011-12": {
            "month": "2011-12",
            "price": "21.48",
            "revenue": 408303
        },
        "2012-01": {
            "month": "2012-01",
            "price": "21.19",
            "revenue": 310680
        },
        "2012-02": {
            "month": "2012-02",
            "price": "26.52",
            "revenue": 316135
        },
        "2012-03": {
            "month": "2012-03",
            "price": "30.97",
            "revenue": 387652
        },
        "2012-04": {
            "month": "2012-04",
            "price": "27.98",
            "revenue": 392684
        },
        "2012-05": {
            "month": "2012-05",
            "price": "25.57",
            "revenue": 436649
        },
        "2012-06": {
            "month": "2012-06",
            "price": "24.28",
            "revenue": 351194
        },
        "2012-07": {
            "month": "2012-07",
            "price": "25.50",
            "revenue": 364373
        },
        "2012-08": {
            "month": "2012-08",
            "price": "22.62",
            "revenue": 419587
        },
        "2012-09": {
            "month": "2012-09",
            "price": "24.78",
            "revenue": 495715
        },
        "2012-10": {
            "month": "2012-10",
            "price": "23.83",
            "revenue": 397543
        },
        "2012-11": {
            "month": "2012-11",
            "price": "22.26",
            "revenue": 420490
        },
        "2012-12": {
            "month": "2012-12",
            "price": "22.06",
            "revenue": 321629
        },
        "2013-01": {
            "month": "2013-01",
            "price": "21.15",
            "revenue": 374432
        },
        "2013-02": {
            "month": "2013-02",
            "price": "21.30",
            "revenue": 199656
        },
        "2013-03": {
            "month": "2013-03",
            "price": "21.07",
            "revenue": 288552
        },
        "2013-04": {
            "month": "2013-04",
            "price": "19.56",
            "revenue": 282415
        },
        "2013-05": {
            "month": "2013-05",
            "price": "19.34",
            "revenue": 294674
        },
        "2013-06": {
            "month": "2013-06",
            "price": "18.61",
            "revenue": 346932
        },
        "2013-07": {
            "month": "2013-07",
            "price": "17.87",
            "revenue": 271062
        },
        "2013-08": {
            "month": "2013-08",
            "price": "16.08",
            "revenue": 302667
        },
        "2013-09": {
            "month": "2013-09",
            "price": "15.94",
            "revenue": 346769
        },
        "2013-10": {
            "month": "2013-10",
            "price": "15.57",
            "revenue": 330357
        },
        "2013-11": {
            "month": "2013-11",
            "price": "14.09",
            "revenue": 359148
        },
        "2013-12": {
            "month": "2013-12",
            "price": "13.68",
            "revenue": 358969
        },
        "2014-01": {
            "month": "2014-01",
            "price": "14.76",
            "revenue": 332079
        },
        "2014-02": {
            "month": "2014-02",
            "price": "15.64",
            "revenue": 222935
        },
        "2014-03": {
            "month": "2014-03",
            "price": "17.46",
            "revenue": 310592
        },
        "2014-04": {
            "month": "2014-04",
            "price": "16.62",
            "revenue": 319736
        },
        "2014-05": {
            "month": "2014-05",
            "price": "16.05",
            "revenue": 333724
        },
        "2014-06": {
            "month": "2014-06",
            "price": "16.36",
            "revenue": 296836
        },
        "2014-07": {
            "month": "2014-07",
            "price": "15.84",
            "revenue": 295593
        },
        "2014-08": {
            "month": "2014-08",
            "price": "14.15",
            "revenue": 308561
        },
        "2014-09": {
            "month": "2014-09",
            "price": "13.79",
            "revenue": 318482
        },
        "2014-10": {
            "month": "2014-10",
            "price": "12.31",
            "revenue": 282600
        },
        "2014-11": {
            "month": "2014-11",
            "price": "11.67",
            "revenue": 293863
        },
        "2014-12": {
            "month": "2014-12",
            "price": "12.31",
            "revenue": 275714
        },
        "2015-01": {
            "month": "2015-01",
            "price": "13.99",
            "revenue": 261789
        },
        "2015-02": {
            "month": "2015-02",
            "price": "13.51",
            "revenue": 184380
        },
        "2015-03": {
            "month": "2015-03",
            "price": "13.04",
            "revenue": 244707
        },
        "2015-04": {
            "month": "2015-04",
            "price": "11.74",
            "revenue": 221326
        },
        "2015-05": {
            "month": "2015-05",
            "price": "11.18",
            "revenue": 235191
        },
        "2015-06": {
            "month": "2015-06",
            "price": "11.46",
            "revenue": 224605
        },
        "2015-07": {
            "month": "2015-07",
            "price": "10.82",
            "revenue": 227889
        },
        "2015-08": {
            "month": "2015-08",
            "price": "8.35",
            "revenue": 244861
        },
        "2015-09": {
            "month": "2015-09",
            "price": "7.80",
            "revenue": 287235
        },
        "2015-10": {
            "month": "2015-10",
            "price": "7.94",
            "revenue": 229863
        },
        "2015-11": {
            "month": "2015-11",
            "price": "7.68",
            "revenue": 248701
        },
        "2015-12": {
            "month": "2015-12",
            "price": "7.81",
            "revenue": 254803
        },
        "2016-01": {
            "month": "2016-01",
            "price": "7.61",
            "revenue": 232434
        },
        "2016-02": {
            "month": "2016-02",
            "price": "7.63",
            "revenue": 158986
        },
        "2016-03": {
            "month": "2016-03",
            "price": "8.28",
            "revenue": 251168
        },
        "2016-04": {
            "month": "2016-04",
            "price": "8.05",
            "revenue": 208899
        },
        "2016-05": {
            "month": "2016-05",
            "price": "7.00",
            "revenue": 249156
        },
        "2016-06": {
            "month": "2016-06",
            "price": "7.34",
            "revenue": 239963
        },
        "2016-07": {
            "month": "2016-07",
            "price": "8.49",
            "revenue": 247502
        },
        "2016-08": {
            "month": "2016-08",
            "price": "9.26",
            "revenue": 287531
        },
        "2016-09": {
            "month": "2016-09",
            "price": "11.74",
            "revenue": 275012
        },
        "2016-10": {
            "month": "2016-10",
            "price": "10.82",
            "revenue": 242047
        },
        "2016-11": {
            "month": "2016-11",
            "price": "11.05",
            "revenue": 277182
        },
        "2016-12": {
            "month": "2016-12",
            "price": "11.70",
            "revenue": 233638
        },
        "2017-01": {
            "month": "2017-01",
            "price": "12.73",
            "revenue": 229286
        },
        "2017-02": {
            "month": "2017-02",
            "price": "12.31",
            "revenue": 196341
        },
        "2017-03": {
            "month": "2017-03",
            "price": "12.31",
            "revenue": 273332
        },
        "2017-04": {
            "month": "2017-04",
            "price": "12.01",
            "revenue": 238562
        },
        "2017-05": {
            "month": "2017-05",
            "price": "12.76",
            "revenue": 258365
        },
        "2017-06": {
            "month": "2017-06",
            "price": "13.52",
            "revenue": 273385
        },
        "2017-07": {
            "month": "2017-07",
            "price": "13.14",
            "revenue": 270743
        },
        "2017-08": {
            "month": "2017-08",
            "price": "13.26",
            "revenue": 290254
        },
        "2017-09": {
            "month": "2017-09",
            "price": "14.93",
            "revenue": 297019
        },
        "2017-10": {
            "month": "2017-10",
            "price": "14.60",
            "revenue": 220486
        },
        "2017-11": {
            "month": "2017-11",
            "price": "14.74",
            "revenue": 261665
        },
        "2017-12": {
            "month": "2017-12",
            "price": "13.93",
            "revenue": 236743
        },
        "2018-01": {
            "month": "2018-01",
            "price": "14.10",
            "revenue": 253903
        },
        "2018-02": {
            "month": "2018-02",
            "price": "12.98",
            "revenue": 181063
        },
        "2018-03": {
            "month": "2018-03",
            "price": "13.52",
            "revenue": 238630
        },
        "2018-04": {
            "month": "2018-04",
            "price": "13.07",
            "revenue": 213865
        },
        "2018-05": {
            "month": "2018-05",
            "price": "11.78",
            "revenue": 288557
        },
        "2018-06": {
            "month": "2018-06",
            "price": "12.45",
            "revenue": 277428
        },
        "2018-07": {
            "month": "2018-07",
            "price": "13.10",
            "revenue": 252696
        },
        "2018-08": {
            "month": "2018-08",
            "price": "13.22",
            "revenue": 299603
        },
        "2018-09": {
            "month": "2018-09",
            "price": "12.87",
            "revenue": 291220
        },
        "2018-10": {
            "month": "2018-10",
            "price": "10.64",
            "revenue": 259142
        },
        "2018-11": {
            "month": "2018-11",
            "price": "10.35",
            "revenue": 255863
        },
        "2018-12": {
            "month": "2018-12",
            "price": "10.48",
            "revenue": 216905
        },
        "2019-01": {
            "month": "2019-01",
            "price": "10.43",
            "revenue": 274848
        },
        "2019-02": {
            "month": "2019-02",
            "price": "10.71",
            "revenue": 177121
        },
        "2019-03": {
            "month": "2019-03",
            "price": "10.60",
            "revenue": 240977
        },
        "2019-04": {
            "month": "2019-04",
            "price": "10.70",
            "revenue": 245875
        },
        "2019-05": {
            "month": "2019-05",
            "price": "10.70",
            "revenue": 277964
        },
        "2019-06": {
            "month": "2019-06",
            "price": "10.41",
            "revenue": 313749
        },
        "2019-07": {
            "month": "2019-07",
            "price": "11.62",
            "revenue": 293231
        },
        "2019-08": {
            "month": "2019-08",
            "price": "11.37",
            "revenue": 303045
        },
        "2019-09": {
            "month": "2019-09",
            "price": "11.82",
            "revenue": 316244
        },
        "2019-10": {
            "month": "2019-10",
            "price": "12.02",
            "revenue": 285384
        },
        "2019-11": {
            "month": "2019-11",
            "price": "13.07",
            "revenue": 317755
        },
        "2019-12": {
            "month": "2019-12",
            "price": "13.62",
            "revenue": 269002
        },
        "2020-01": {
            "month": "2020-01",
            "price": "13.84",
            "revenue": 211596
        },
        "2020-02": {
            "month": "2020-02",
            "price": "12.63",
            "revenue": 101270
        },
        "2020-03": {
            "month": "2020-03",
            "price": "12.19",
            "revenue": 297163
        },
        "2020-04": {
            "month": "2020-04",
            "price": "13.26",
            "revenue": 349939
        },
        "2020-05": {
            "month": "2020-05",
            "price": "15.68",
            "revenue": 348907
        },
        "2020-06": {
            "month": "2020-06",
            "price": "16.18",
            "revenue": 362312
        },
        "2020-07": {
            "month": "2020-07",
            "price": "16.95",
            "revenue": 326952
        },
        "2020-08": {
            "month": "2020-08",
            "price": "20.23",
            "revenue": 343413
        },
        "2020-09": {
            "month": "2020-09",
            "price": "24.38",
            "revenue": 396371
        },
        "2020-10": {
            "month": "2020-10",
            "price": "24.44",
            "revenue": 330971
        },
        "2020-11": {
            "month": "2020-11",
            "price": "22.52",
            "revenue": 378700
        },
        "2020-12": {
            "month": "2020-12",
            "price": "24.43",
            "revenue": 351337
        },
        "2021-01": {
            "month": "2021-01",
            "price": "24.32",
            "revenue": 403383
        },
        "2021-02": {
            "month": "2021-02",
            "price": "27.45",
            "revenue": 268214
        },
        "2021-03": {
            "month": "2021-03",
            "price": "29.24",
            "revenue": 371046
        },
        "2021-04": {
            "month": "2021-04",
            "price": "30.99",
            "revenue": 346867
        },
        "2021-05": {
            "month": "2021-05",
            "price": "25.20",
            "revenue": 334838
        },
        "2021-06": {
            "month": "2021-06",
            "price": "24.19",
            "revenue": 341889
        },
        "2021-07": {
            "month": "2021-07",
            "price": "23.76",
            "revenue": 358034
        },
        "2021-08": {
            "month": "2021-08",
            "price": "23.81",
            "revenue": 357394
        },
        "2021-09": {
            "month": "2021-09",
            "price": "26.44",
            "revenue": 352460
        },
        "2021-10": {
            "month": "2021-10",
            "price": "26.13",
            "revenue": 322325
        },
        "2021-11": {
            "month": "2021-11",
            "price": "27.54",
            "revenue": 375519
        },
        "2021-12": {
            "month": "2021-12",
            "price": "28.82",
            "revenue": 352110
        },
        "2022-01": {
            "month": "2022-01",
            "price": "28.87",
            "revenue": 361683
        },
        "2022-02": {
            "month": "2022-02",
            "price": "26.93",
            "revenue": 269504
        },
        "2022-03": {
            "month": "2022-03",
            "price": "25.57",
            "revenue": 369965
        },
        "2022-04": {
            "month": "2022-04",
            "price": "24.36",
            "revenue": 295145
        },
        "2022-05": {
            "month": "2022-05",
            "price": "23.40",
            "revenue": 309026
        },
        "2022-06": {
            "month": "2022-06",
            "price": "22.31",
            "revenue": 362671
        },
        "2022-07": {
            "month": "2022-07",
            "price": "19.97",
            "revenue": 336526
        },
        "2022-08": {
            "month": "2022-08",
            "price": "23.43",
            "revenue": 349364
        },
        "2022-09": {
            "month": "2022-09",
            "price": "23.70",
            "revenue": 365047
        },
        "2022-10": {
            "month": "2022-10",
            "price": "21.19",
            "revenue": 313006
        },
        "2022-11": {
            "month": "2022-11",
            "price": "20.65",
            "revenue": 305036
        },
        "2022-12": {
            "month": "2022-12",
            "price": "20.56",
            "revenue": 255560
        },
        "2023-01": {
            "month": "2023-01",
            "price": "20.09",
            "revenue": 252810
        },
        "2023-02": {
            "month": "2023-02",
            "price": "20.83",
            "revenue": 263307
        },
        "2023-03": {
            "month": "2023-03",
            "price": "22.01",
            "revenue": 305936
        },
        "2023-04": {
            "month": "2023-04",
            "price": "22.99",
            "revenue": 272646
        }
    }
}
