{
    "summary": {
        "stock_name": "九豪",
        "stock_id": "6127",
        "category": "電子零組件",
        "main_business": "氧化鋁陶瓷基板之製造、加工及買賣業務",
        "website_url": "http://www.leatec.com",
        "ceo": "陳清金",
        "pe_ratio": 18,
        "report_year_from": 2001,
        "report_year_to": 2023,
        "age": 23,
        "eps_negative_percentage": 43,
        "eps_growth_avg": {
            "last_all": -52.83,
            "last_2y": -100,
            "last_4y": -100,
            "last_8y": -3.18,
            "last_12y": -27.51,
            "last_16y": -43.39,
            "last_20y": -48.54,
            "at_2006_last_3y": -100,
            "at_2007_last_3y": -71.67,
            "at_2008_last_3y": -80.46,
            "at_2009_last_3y": -80.46,
            "at_2010_last_3y": -80.46,
            "at_2011_last_3y": -91.56,
            "at_2012_last_3y": -92.21,
            "at_2013_last_3y": -88.32,
            "at_2014_last_3y": -88.32,
            "at_2015_last_3y": 0,
            "at_2016_last_3y": 100,
            "at_2017_last_3y": 61.36,
            "at_2018_last_3y": 21.02,
            "at_2019_last_3y": -5.3,
            "at_2020_last_3y": -57.95,
            "at_2021_last_3y": -100,
            "at_2022_last_3y": -100,
            "at_2023_last_3y": -100,
            "at_2024_last_3y": -100,
            "at_2006_last_all": -100,
            "at_2007_last_all": -81.11,
            "at_2008_last_all": -85.34,
            "at_2009_last_all": -88.27,
            "at_2010_last_all": -88.27,
            "at_2011_last_all": -86.34,
            "at_2012_last_all": -88.29,
            "at_2013_last_all": -88.29,
            "at_2014_last_all": -88.29,
            "at_2015_last_all": -64.75,
            "at_2016_last_all": -46.45,
            "at_2017_last_all": -43.39,
            "at_2018_last_all": -48.54,
            "at_2019_last_all": -48.54,
            "at_2020_last_all": -48.54,
            "at_2021_last_all": -48.54,
            "at_2022_last_all": -52.83,
            "at_2023_last_all": -52.83,
            "at_2024_last_all": -52.83
        },
        "latest_eps": 1.67,
        "latest_price": 30.35,
        "latest_roe": 14.13,
        "latest_gross_margin": 23.44,
        "latest_equity": 1374841,
        "latest_revenue": 201525,
        "latest_gross_profit": 47228,
        "latest_net_income": 104039,
        "latest_debt_ratio": 61.3,
        "latest_current_ratio": 155.09,
        "latest_account_receivable_turnover_ratio": 0.65,
        "latest_inventory_turnover_ratio": 0.52,
        "latest_reinvestment_rate": -168.45,
        "latest_research_to_sale_ratio": 13.11
    },
    "eps_dividends": {
        "1999": {
            "cash": 0,
            "stock": 1,
            "eps": 0
        },
        "2000": {
            "cash": 0,
            "stock": 1,
            "eps": 0
        },
        "2001": {
            "cash": 0,
            "stock": 3,
            "eps": 2.37
        },
        "2002": {
            "cash": 0,
            "stock": 1.8,
            "eps": -0.8
        },
        "2003": {
            "cash": 0,
            "stock": 0.5,
            "eps": -0.08
        },
        "2004": {
            "cash": 0,
            "stock": 0,
            "eps": 0.2
        },
        "2005": {
            "cash": 0,
            "stock": 0,
            "eps": -0.88
        },
        "2006": {
            "cash": 0,
            "stock": 0,
            "eps": 0.9
        },
        "2007": {
            "cash": 0.35,
            "stock": 0,
            "eps": 0.51
        },
        "2008": {
            "cash": 0.45,
            "stock": 0,
            "eps": 0.01
        },
        "2009": {
            "cash": 0,
            "stock": 0,
            "eps": -0.83
        },
        "2010": {
            "cash": 0,
            "stock": 0,
            "eps": 1.37
        },
        "2011": {
            "cash": 0.5,
            "stock": 0,
            "eps": 0.32
        },
        "2012": {
            "cash": 0.3,
            "stock": 0,
            "eps": -1.65
        },
        "2013": {
            "cash": 0,
            "stock": 0,
            "eps": -0.82
        },
        "2014": {
            "cash": 0,
            "stock": 0,
            "eps": 0.05
        },
        "2015": {
            "cash": 0,
            "stock": 0,
            "eps": 0.2
        },
        "2016": {
            "cash": 0,
            "stock": 0,
            "eps": 0.44
        },
        "2017": {
            "cash": 0.3,
            "stock": 0,
            "eps": 0.37
        },
        "2018": {
            "cash": 0.25,
            "stock": 0,
            "eps": -0.24
        },
        "2019": {
            "cash": 0,
            "stock": 0,
            "eps": -1.57
        },
        "2020": {
            "cash": 0,
            "stock": 0,
            "eps": -0.95
        },
        "2021": {
            "cash": 0,
            "stock": 0,
            "eps": 0.48
        },
        "2022": {
            "cash": 0,
            "stock": 0,
            "eps": -0.3
        },
        "2023": {
            "cash": 0,
            "stock": 0,
            "eps": 1.88
        }
    },
    "dividends": {
        "1999-06-15": {
            "cash": 0,
            "stock": 1
        },
        "2000-05-10": {
            "cash": 0,
            "stock": 1
        },
        "2001-04-19": {
            "cash": 0,
            "stock": 3
        },
        "2002-06-05": {
            "cash": 0,
            "stock": 1.8
        },
        "2003-06-16": {
            "cash": 0,
            "stock": 0.5
        },
        "2007-03-08": {
            "cash": 0.35,
            "stock": 0
        },
        "2008-03-11": {
            "cash": 0.45,
            "stock": 0
        },
        "2011-03-29": {
            "cash": 0.5,
            "stock": 0
        },
        "2012-06-22": {
            "cash": 0.3,
            "stock": 0
        },
        "2017-09-29": {
            "cash": 0.3,
            "stock": 0
        },
        "2018-05-10": {
            "cash": 0.25,
            "stock": 0
        }
    },
    "prices": {
        "200101": "無",
        "200102": "無",
        "200103": "無",
        "200104": "無",
        "200105": "無",
        "200106": "無",
        "200107": "無",
        "200108": "無",
        "200109": "無",
        "200110": "無",
        "200111": "無",
        "200112": "無",
        "200201": "34.22",
        "200202": "34.16",
        "200203": "34.82",
        "200204": "37.96",
        "200205": "34.39",
        "200206": "28.18",
        "200207": "19.96",
        "200208": "18.49",
        "200209": "16.02",
        "200210": "12.35",
        "200211": "16.18",
        "200212": "23.23",
        "200301": "26.61",
        "200302": "25.14",
        "200303": "21.20",
        "200304": "15.57",
        "200305": "10.96",
        "200306": "13.95",
        "200307": "13.15",
        "200308": "11.30",
        "200309": "11.52",
        "200310": "11.30",
        "200311": "11.48",
        "200312": "12.72",
        "200401": "14.15",
        "200402": "13.79",
        "200403": "13.47",
        "200404": "15.16",
        "200405": "13.53",
        "200406": "12.81",
        "200407": "11.54",
        "200408": "12.58",
        "200409": "11.28",
        "200410": "9.75",
        "200411": "8.27",
        "200412": "7.86",
        "200501": "6.50",
        "200502": "7.46",
        "200503": "8.73",
        "200504": "8.35",
        "200505": "7.14",
        "200506": "7.61",
        "200507": "7.31",
        "200508": "6.55",
        "200509": "5.91",
        "200510": "4.75",
        "200511": "5.63",
        "200512": "6.48",
        "200601": "7.03",
        "200602": "6.36",
        "200603": "6.27",
        "200604": "7.45",
        "200605": "7.98",
        "200606": "7.90",
        "200607": "7.38",
        "200608": "8.63",
        "200609": "9.75",
        "200610": "12.74",
        "200611": "13.23",
        "200612": "12.60",
        "200701": "13.66",
        "200702": "13.93",
        "200703": "15.74",
        "200704": "18.10",
        "200705": "17.86",
        "200706": "19.52",
        "200707": "21.04",
        "200708": "20.18",
        "200709": "16.13",
        "200710": "14.18",
        "200711": "13.95",
        "200712": "11.65",
        "200801": "11.05",
        "200802": "10.37",
        "200803": "10.79",
        "200804": "12.18",
        "200805": "13.59",
        "200806": "11.15",
        "200807": "8.57",
        "200808": "9.17",
        "200809": "8.84",
        "200810": "7.17",
        "200811": "5.44",
        "200812": "5.74",
        "200901": "5.83",
        "200902": "6.83",
        "200903": "7.30",
        "200904": "7.68",
        "200905": "7.94",
        "200906": "8.15",
        "200907": "8.52",
        "200908": "8.64",
        "200909": "9.65",
        "200910": "13.01",
        "200911": "13.68",
        "200912": "15.48",
        "201001": "16.94",
        "201002": "14.12",
        "201003": "16.32",
        "201004": "23.88",
        "201005": "22.23",
        "201006": "20.29",
        "201007": "23.37",
        "201008": "27.11",
        "201009": "26.71",
        "201010": "24.54",
        "201011": "21.32",
        "201012": "23.70",
        "201101": "23.68",
        "201102": "26.34",
        "201103": "28.69",
        "201104": "26.93",
        "201105": "23.52",
        "201106": "23.17",
        "201107": "20.48",
        "201108": "15.30",
        "201109": "13.29",
        "201110": "11.40",
        "201111": "9.92",
        "201112": "9.16",
        "201201": "9.56",
        "201202": "13.38",
        "201203": "13.38",
        "201204": "10.87",
        "201205": "10.12",
        "201206": "9.29",
        "201207": "9.23",
        "201208": "8.90",
        "201209": "8.98",
        "201210": "9.09",
        "201211": "8.08",
        "201212": "8.27",
        "201301": "8.87",
        "201302": "8.89",
        "201303": "9.98",
        "201304": "9.58",
        "201305": "9.88",
        "201306": "9.72",
        "201307": "9.39",
        "201308": "9.04",
        "201309": "9.71",
        "201310": "10.51",
        "201311": "10.52",
        "201312": "10.39",
        "201401": "13.06",
        "201402": "14.63",
        "201403": "14.71",
        "201404": "14.02",
        "201405": "13.08",
        "201406": "13.74",
        "201407": "13.09",
        "201408": "14.74",
        "201409": "15.44",
        "201410": "14.06",
        "201411": "13.12",
        "201412": "13.36",
        "201501": "14.29",
        "201502": "14.24",
        "201503": "14.48",
        "201504": "15.81",
        "201505": "14.63",
        "201506": "12.75",
        "201507": "11.26",
        "201508": "9.73",
        "201509": "10.28",
        "201510": "10.72",
        "201511": "10.11",
        "201512": "9.37",
        "201601": "9.03",
        "201602": "9.19",
        "201603": "9.82",
        "201604": "9.67",
        "201605": "9.33",
        "201606": "9.22",
        "201607": "10.74",
        "201608": "11.78",
        "201609": "12.24",
        "201610": "12.37",
        "201611": "11.65",
        "201612": "12.81",
        "201701": "13.42",
        "201702": "13.12",
        "201703": "13.23",
        "201704": "13.67",
        "201705": "14.02",
        "201706": "14.43",
        "201707": "18.06",
        "201708": "17.28",
        "201709": "17.75",
        "201710": "17.82",
        "201711": "16.90",
        "201712": "17.62",
        "201801": "23.96",
        "201802": "22.12",
        "201803": "22.43",
        "201804": "21.90",
        "201805": "23.34",
        "201806": "39.91",
        "201807": "36.36",
        "201808": "30.00",
        "201809": "25.06",
        "201810": "17.08",
        "201811": "15.90",
        "201812": "18.08",
        "201901": "16.30",
        "201902": "18.32",
        "201903": "17.48",
        "201904": "17.34",
        "201905": "13.95",
        "201906": "13.11",
        "201907": "14.19",
        "201908": "13.39",
        "201909": "14.59",
        "201910": "15.00",
        "201911": "13.94",
        "201912": "15.89",
        "202001": "16.92",
        "202002": "16.24",
        "202003": "12.76",
        "202004": "14.06",
        "202005": "17.40",
        "202006": "17.50",
        "202007": "16.65",
        "202008": "16.38",
        "202009": "16.20",
        "202010": "18.74",
        "202011": "20.19",
        "202012": "22.30",
        "202101": "25.15",
        "202102": "25.21",
        "202103": "25.98",
        "202104": "32.32",
        "202105": "26.40",
        "202106": "26.63",
        "202107": "31.65",
        "202108": "28.37",
        "202109": "27.01",
        "202110": "23.82",
        "202111": "25.61",
        "202112": "28.44",
        "202201": "29.57",
        "202202": "28.80",
        "202203": "26.44",
        "202204": "23.29",
        "202205": "21.87",
        "202206": "20.45",
        "202207": "17.40",
        "202208": "17.73",
        "202209": "15.87",
        "202210": "13.70",
        "202211": "15.07",
        "202212": "16.95",
        "202301": "16.50",
        "202302": "17.38",
        "202303": "18.19",
        "202304": "21.99",
        "202305": "22.85",
        "202306": "23.80",
        "202307": "21.58",
        "202308": "21.60",
        "202309": "23.36",
        "202310": "22.33",
        "202311": "26.25",
        "202312": "28.48"
    },
    "quarters": {
        "20011": {
            "year_quarter": 20011,
            "year": 2001,
            "quarter": 1,
            "eps": 1.34,
            "eps_growth_year": null,
            "eps_4q": null,
            "eps_4q_growth_year": null,
            "roe": 6.95,
            "roe_4q": 6.95,
            "gross_profit": 90216,
            "gross_margin": 62.42,
            "gross_margin_4q_avg": 62.42,
            "net_income": 63229,
            "net_income_4q": null,
            "revenue": 144529,
            "revenue_4q": null,
            "common_shares": 471000,
            "book_valuer_per_share": 20,
            "book_valuer_per_share_4q_avg": 20,
            "equity": 941837,
            "current_ratio": 465.05,
            "debt_ratio": 17.92,
            "inventory_turnover_ratio": 1.21,
            "account_receivable_turnover_ratio": null,
            "reinvestment_rate": null,
            "research_to_sale_ratio": null,
            "price_fair": 0,
            "eps_avg_yearly": 0,
            "eps_latest_yearly": 0,
            "eps_growth_yearly": 0
        },
        "20012": {
            "year_quarter": 20012,
            "year": 2001,
            "quarter": 2,
            "eps": 0.76,
            "eps_growth_year": null,
            "eps_4q": null,
            "eps_4q_growth_year": null,
            "roe": 4.89,
            "roe_4q": 11.84,
            "gross_profit": 62191,
            "gross_margin": 53.46,
            "gross_margin_4q_avg": 57.94,
            "net_income": 47281,
            "net_income_4q": null,
            "revenue": 116334,
            "revenue_4q": null,
            "common_shares": 624860,
            "book_valuer_per_share": 15.89,
            "book_valuer_per_share_4q_avg": 17.95,
            "equity": 993084,
            "current_ratio": 295.02,
            "debt_ratio": 25.53,
            "inventory_turnover_ratio": 1.02,
            "account_receivable_turnover_ratio": null,
            "reinvestment_rate": null,
            "research_to_sale_ratio": null,
            "price_fair": 0,
            "eps_avg_yearly": 0,
            "eps_latest_yearly": 0,
            "eps_growth_yearly": 0
        },
        "20013": {
            "year_quarter": 20013,
            "year": 2001,
            "quarter": 3,
            "eps": -0.02,
            "eps_growth_year": null,
            "eps_4q": null,
            "eps_4q_growth_year": null,
            "roe": -0.1,
            "roe_4q": 11.74,
            "gross_profit": 16738,
            "gross_margin": 33.52,
            "gross_margin_4q_avg": 49.8,
            "net_income": -960,
            "net_income_4q": null,
            "revenue": 49940,
            "revenue_4q": null,
            "common_shares": 624860,
            "book_valuer_per_share": 15.88,
            "book_valuer_per_share_4q_avg": 17.26,
            "equity": 992288,
            "current_ratio": 234.22,
            "debt_ratio": 26.69,
            "inventory_turnover_ratio": 0.51,
            "account_receivable_turnover_ratio": null,
            "reinvestment_rate": null,
            "research_to_sale_ratio": null,
            "price_fair": 0,
            "eps_avg_yearly": 0,
            "eps_latest_yearly": 0,
            "eps_growth_yearly": 0
        },
        "20014": {
            "year_quarter": 20014,
            "year": 2001,
            "quarter": 4,
            "eps": 0.29,
            "eps_growth_year": null,
            "eps_4q": 2.06,
            "eps_4q_growth_year": null,
            "roe": 1.79,
            "roe_4q": 13.530000000000001,
            "gross_profit": 28393,
            "gross_margin": 48.78,
            "gross_margin_4q_avg": 49.55,
            "net_income": 17945,
            "net_income_4q": null,
            "revenue": 58209,
            "revenue_4q": null,
            "common_shares": 624860,
            "book_valuer_per_share": 16.17,
            "book_valuer_per_share_4q_avg": 16.99,
            "equity": 1010460,
            "current_ratio": 118.34,
            "debt_ratio": 31.72,
            "inventory_turnover_ratio": 0.3,
            "account_receivable_turnover_ratio": null,
            "reinvestment_rate": null,
            "research_to_sale_ratio": null,
            "price_fair": 0,
            "eps_avg_yearly": 0,
            "eps_latest_yearly": 0,
            "eps_growth_yearly": 0
        },
        "20021": {
            "year_quarter": 20021,
            "year": 2002,
            "quarter": 1,
            "eps": -0.33,
            "eps_growth_year": -124.63,
            "eps_4q": 0.68,
            "eps_4q_growth_year": null,
            "roe": -2.09,
            "roe_4q": 4.49,
            "gross_profit": 13066,
            "gross_margin": 21.25,
            "gross_margin_4q_avg": 39.25,
            "net_income": -20925,
            "net_income_4q": null,
            "revenue": 61478,
            "revenue_4q": null,
            "common_shares": 624860,
            "book_valuer_per_share": 15.84,
            "book_valuer_per_share_4q_avg": 15.95,
            "equity": 989805,
            "current_ratio": 256.45,
            "debt_ratio": 23.81,
            "inventory_turnover_ratio": 0.43,
            "account_receivable_turnover_ratio": null,
            "reinvestment_rate": null,
            "research_to_sale_ratio": null,
            "price_fair": 0,
            "eps_avg_yearly": 0,
            "eps_latest_yearly": 0,
            "eps_growth_yearly": 0
        },
        "20022": {
            "year_quarter": 20022,
            "year": 2002,
            "quarter": 2,
            "eps": 0.13,
            "eps_growth_year": -82.89,
            "eps_4q": 0.07,
            "eps_4q_growth_year": null,
            "roe": 0.82,
            "roe_4q": 0.42000000000000004,
            "gross_profit": 22393,
            "gross_margin": 22.37,
            "gross_margin_4q_avg": 31.48,
            "net_income": 8112,
            "net_income_4q": null,
            "revenue": 100117,
            "revenue_4q": null,
            "common_shares": 624860,
            "book_valuer_per_share": 15.69,
            "book_valuer_per_share_4q_avg": 15.9,
            "equity": 980604,
            "current_ratio": 443.57,
            "debt_ratio": 37.96,
            "inventory_turnover_ratio": 0.8,
            "account_receivable_turnover_ratio": null,
            "reinvestment_rate": null,
            "research_to_sale_ratio": null,
            "price_fair": 0,
            "eps_avg_yearly": 0,
            "eps_latest_yearly": 0,
            "eps_growth_yearly": 0
        },
        "20023": {
            "year_quarter": 20023,
            "year": 2002,
            "quarter": 3,
            "eps": 0.01,
            "eps_growth_year": null,
            "eps_4q": 0.07,
            "eps_4q_growth_year": null,
            "roe": 0.05,
            "roe_4q": 0.5700000000000003,
            "gross_profit": 7671,
            "gross_margin": 15.72,
            "gross_margin_4q_avg": 27.03,
            "net_income": 466,
            "net_income_4q": null,
            "revenue": 48793,
            "revenue_4q": null,
            "common_shares": 748800,
            "book_valuer_per_share": 13.32,
            "book_valuer_per_share_4q_avg": 15.26,
            "equity": 997044,
            "current_ratio": 459.84,
            "debt_ratio": 37.27,
            "inventory_turnover_ratio": 0.37,
            "account_receivable_turnover_ratio": null,
            "reinvestment_rate": null,
            "research_to_sale_ratio": null,
            "price_fair": 0.12,
            "eps_avg_yearly": 0.04,
            "eps_latest_yearly": 0.04,
            "eps_growth_yearly": -369.23
        },
        "20024": {
            "year_quarter": 20024,
            "year": 2002,
            "quarter": 4,
            "eps": -0.61,
            "eps_growth_year": -310.34,
            "eps_4q": -0.77,
            "eps_4q_growth_year": -137.37,
            "roe": -4.68,
            "roe_4q": -5.9,
            "gross_profit": 5816,
            "gross_margin": 10.65,
            "gross_margin_4q_avg": 17.5,
            "net_income": -45575,
            "net_income_4q": null,
            "revenue": 54619,
            "revenue_4q": null,
            "common_shares": 748800,
            "book_valuer_per_share": 12.68,
            "book_valuer_per_share_4q_avg": 14.38,
            "equity": 949374,
            "current_ratio": 148.52,
            "debt_ratio": 49.04,
            "inventory_turnover_ratio": 0.32,
            "account_receivable_turnover_ratio": null,
            "reinvestment_rate": null,
            "research_to_sale_ratio": null,
            "price_fair": 0.12,
            "eps_avg_yearly": 0.04,
            "eps_latest_yearly": 0.04,
            "eps_growth_yearly": -369.23
        },
        "20031": {
            "year_quarter": 20031,
            "year": 2003,
            "quarter": 1,
            "eps": -0.17,
            "eps_growth_year": null,
            "eps_4q": -0.66,
            "eps_4q_growth_year": -196.5,
            "roe": -1.29,
            "roe_4q": -5.1,
            "gross_profit": 3397,
            "gross_margin": 4.21,
            "gross_margin_4q_avg": 13.24,
            "net_income": -12847,
            "net_income_4q": null,
            "revenue": 80616,
            "revenue_4q": null,
            "common_shares": 791675,
            "book_valuer_per_share": 13.08,
            "book_valuer_per_share_4q_avg": 13.69,
            "equity": 1035732,
            "current_ratio": 287.49,
            "debt_ratio": 34.62,
            "inventory_turnover_ratio": 0.52,
            "account_receivable_turnover_ratio": null,
            "reinvestment_rate": null,
            "research_to_sale_ratio": null,
            "price_fair": 0.12,
            "eps_avg_yearly": 0.04,
            "eps_latest_yearly": 0.04,
            "eps_growth_yearly": -369.23
        },
        "20032": {
            "year_quarter": 20032,
            "year": 2003,
            "quarter": 2,
            "eps": 0.01,
            "eps_growth_year": -92.31,
            "eps_4q": -0.72,
            "eps_4q_growth_year": -1174.91,
            "roe": 0.1,
            "roe_4q": -5.819999999999999,
            "gross_profit": 4683,
            "gross_margin": 5.34,
            "gross_margin_4q_avg": 8.98,
            "net_income": 1051,
            "net_income_4q": null,
            "revenue": 87626,
            "revenue_4q": null,
            "common_shares": 791808,
            "book_valuer_per_share": 13.07,
            "book_valuer_per_share_4q_avg": 13.04,
            "equity": 1034740,
            "current_ratio": 273.14,
            "debt_ratio": 35.75,
            "inventory_turnover_ratio": 0.72,
            "account_receivable_turnover_ratio": null,
            "reinvestment_rate": null,
            "research_to_sale_ratio": null,
            "price_fair": 0.12,
            "eps_avg_yearly": 0.04,
            "eps_latest_yearly": 0.04,
            "eps_growth_yearly": -369.23
        },
        "20033": {
            "year_quarter": 20033,
            "year": 2003,
            "quarter": 3,
            "eps": -0.03,
            "eps_growth_year": -400,
            "eps_4q": -0.72,
            "eps_4q_growth_year": -1063.57,
            "roe": -0.25,
            "roe_4q": -6.119999999999999,
            "gross_profit": 5088,
            "gross_margin": 5.21,
            "gross_margin_4q_avg": 6.35,
            "net_income": -2515,
            "net_income_4q": null,
            "revenue": 97724,
            "revenue_4q": null,
            "common_shares": 831325,
            "book_valuer_per_share": 12.08,
            "book_valuer_per_share_4q_avg": 12.73,
            "equity": 1004236,
            "current_ratio": 410.16,
            "debt_ratio": 31.55,
            "inventory_turnover_ratio": 0.91,
            "account_receivable_turnover_ratio": null,
            "reinvestment_rate": null,
            "research_to_sale_ratio": null,
            "price_fair": 0.12,
            "eps_avg_yearly": 0.04,
            "eps_latest_yearly": 0.04,
            "eps_growth_yearly": -369.23
        },
        "20034": {
            "year_quarter": 20034,
            "year": 2003,
            "quarter": 4,
            "eps": 0.11,
            "eps_growth_year": null,
            "eps_4q": -0.06,
            "eps_4q_growth_year": null,
            "roe": 0.91,
            "roe_4q": -0.53,
            "gross_profit": 10776,
            "gross_margin": 12.76,
            "gross_margin_4q_avg": 6.88,
            "net_income": 9154,
            "net_income_4q": null,
            "revenue": 84426,
            "revenue_4q": null,
            "common_shares": 831325,
            "book_valuer_per_share": 12.17,
            "book_valuer_per_share_4q_avg": 12.6,
            "equity": 1011667,
            "current_ratio": 98.7,
            "debt_ratio": 43.08,
            "inventory_turnover_ratio": 0.59,
            "account_receivable_turnover_ratio": null,
            "reinvestment_rate": null,
            "research_to_sale_ratio": null,
            "price_fair": 0.12,
            "eps_avg_yearly": 0.04,
            "eps_latest_yearly": 0.04,
            "eps_growth_yearly": -369.23
        },
        "20041": {
            "year_quarter": 20041,
            "year": 2004,
            "quarter": 1,
            "eps": 0.15,
            "eps_growth_year": null,
            "eps_4q": 0.24,
            "eps_4q_growth_year": null,
            "roe": 1.23,
            "roe_4q": 1.9900000000000002,
            "gross_profit": 11517,
            "gross_margin": 12.52,
            "gross_margin_4q_avg": 8.96,
            "net_income": 12437,
            "net_income_4q": null,
            "revenue": 92020,
            "revenue_4q": null,
            "common_shares": 831325,
            "book_valuer_per_share": 12.19,
            "book_valuer_per_share_4q_avg": 12.38,
            "equity": 1013139,
            "current_ratio": 152.3,
            "debt_ratio": 28.22,
            "inventory_turnover_ratio": 0.66,
            "account_receivable_turnover_ratio": null,
            "reinvestment_rate": null,
            "research_to_sale_ratio": null,
            "price_fair": 0.96,
            "eps_avg_yearly": 0.32,
            "eps_latest_yearly": 0.6,
            "eps_growth_yearly": -111.89
        },
        "20042": {
            "year_quarter": 20042,
            "year": 2004,
            "quarter": 2,
            "eps": 0.09,
            "eps_growth_year": 800,
            "eps_4q": 0.33,
            "eps_4q_growth_year": null,
            "roe": 0.69,
            "roe_4q": 2.58,
            "gross_profit": 17746,
            "gross_margin": 17.59,
            "gross_margin_4q_avg": 12.02,
            "net_income": 7061,
            "net_income_4q": null,
            "revenue": 100904,
            "revenue_4q": null,
            "common_shares": 831325,
            "book_valuer_per_share": 12.37,
            "book_valuer_per_share_4q_avg": 12.2,
            "equity": 1028741,
            "current_ratio": 137.31,
            "debt_ratio": 24.2,
            "inventory_turnover_ratio": 1.07,
            "account_receivable_turnover_ratio": null,
            "reinvestment_rate": null,
            "research_to_sale_ratio": null,
            "price_fair": 1,
            "eps_avg_yearly": 0.33,
            "eps_latest_yearly": 0.36,
            "eps_growth_yearly": -127.93
        },
        "20043": {
            "year_quarter": 20043,
            "year": 2004,
            "quarter": 3,
            "eps": 0.09,
            "eps_growth_year": null,
            "eps_4q": 0.44,
            "eps_4q_growth_year": null,
            "roe": 0.72,
            "roe_4q": 3.55,
            "gross_profit": 21894,
            "gross_margin": 22.81,
            "gross_margin_4q_avg": 16.42,
            "net_income": 7470,
            "net_income_4q": null,
            "revenue": 95986,
            "revenue_4q": null,
            "common_shares": 831325,
            "book_valuer_per_share": 12.5,
            "book_valuer_per_share_4q_avg": 12.31,
            "equity": 1038762,
            "current_ratio": 169.84,
            "debt_ratio": 20.47,
            "inventory_turnover_ratio": 0.91,
            "account_receivable_turnover_ratio": null,
            "reinvestment_rate": null,
            "research_to_sale_ratio": null,
            "price_fair": 1.02,
            "eps_avg_yearly": 0.34,
            "eps_latest_yearly": 0.36,
            "eps_growth_yearly": -95.94
        },
        "20044": {
            "year_quarter": 20044,
            "year": 2004,
            "quarter": 4,
            "eps": -0.13,
            "eps_growth_year": -218.18,
            "eps_4q": 0.21,
            "eps_4q_growth_year": null,
            "roe": -1,
            "roe_4q": 1.64,
            "gross_profit": 11593,
            "gross_margin": 18.28,
            "gross_margin_4q_avg": 17.8,
            "net_income": -10235,
            "net_income_4q": null,
            "revenue": 63405,
            "revenue_4q": null,
            "common_shares": 831325,
            "book_valuer_per_share": 12.05,
            "book_valuer_per_share_4q_avg": 12.28,
            "equity": 1001502,
            "current_ratio": 101.1,
            "debt_ratio": 37.11,
            "inventory_turnover_ratio": 0.36,
            "account_receivable_turnover_ratio": null,
            "reinvestment_rate": 487.12,
            "research_to_sale_ratio": null,
            "price_fair": 1.02,
            "eps_avg_yearly": 0.34,
            "eps_latest_yearly": 0.36,
            "eps_growth_yearly": -95.94
        },
        "20051": {
            "year_quarter": 20051,
            "year": 2005,
            "quarter": 1,
            "eps": -1.26,
            "eps_growth_year": -940,
            "eps_4q": -1.21,
            "eps_4q_growth_year": -597.22,
            "roe": -10.76,
            "roe_4q": -10.35,
            "gross_profit": 10407,
            "gross_margin": 11.62,
            "gross_margin_4q_avg": 17.58,
            "net_income": -102123,
            "net_income_4q": null,
            "revenue": 89578,
            "revenue_4q": null,
            "common_shares": 831325,
            "book_valuer_per_share": 10.79,
            "book_valuer_per_share_4q_avg": 11.93,
            "equity": 897122,
            "current_ratio": 147.87,
            "debt_ratio": 23.52,
            "inventory_turnover_ratio": 0.55,
            "account_receivable_turnover_ratio": null,
            "reinvestment_rate": null,
            "research_to_sale_ratio": null,
            "price_fair": 1.02,
            "eps_avg_yearly": 0.34,
            "eps_latest_yearly": 0.36,
            "eps_growth_yearly": -95.94
        },
        "20052": {
            "year_quarter": 20052,
            "year": 2005,
            "quarter": 2,
            "eps": 0.28,
            "eps_growth_year": 211.11,
            "eps_4q": -1.01,
            "eps_4q_growth_year": -401.96,
            "roe": 2.51,
            "roe_4q": -8.53,
            "gross_profit": 5610,
            "gross_margin": 6.19,
            "gross_margin_4q_avg": 14.73,
            "net_income": 22838,
            "net_income_4q": null,
            "revenue": 90638,
            "revenue_4q": null,
            "common_shares": 831325,
            "book_valuer_per_share": 11.08,
            "book_valuer_per_share_4q_avg": 11.61,
            "equity": 920989,
            "current_ratio": 187.61,
            "debt_ratio": 21.02,
            "inventory_turnover_ratio": 1.08,
            "account_receivable_turnover_ratio": null,
            "reinvestment_rate": null,
            "research_to_sale_ratio": null,
            "price_fair": 1.02,
            "eps_avg_yearly": 0.34,
            "eps_latest_yearly": 0.36,
            "eps_growth_yearly": -95.94
        },
        "20053": {
            "year_quarter": 20053,
            "year": 2005,
            "quarter": 3,
            "eps": 0.06,
            "eps_growth_year": -33.33,
            "eps_4q": -1.13,
            "eps_4q_growth_year": -358.72,
            "roe": 0.48,
            "roe_4q": -8.77,
            "gross_profit": 5607,
            "gross_margin": 7.22,
            "gross_margin_4q_avg": 10.83,
            "net_income": 4529,
            "net_income_4q": null,
            "revenue": 77649,
            "revenue_4q": null,
            "common_shares": 831325,
            "book_valuer_per_share": 11.47,
            "book_valuer_per_share_4q_avg": 11.35,
            "equity": 953664,
            "current_ratio": 196.94,
            "debt_ratio": 16.22,
            "inventory_turnover_ratio": 1.06,
            "account_receivable_turnover_ratio": null,
            "reinvestment_rate": null,
            "research_to_sale_ratio": null,
            "price_fair": 0.96,
            "eps_avg_yearly": 0.32,
            "eps_latest_yearly": 0.24,
            "eps_growth_yearly": -139.61
        },
        "20054": {
            "year_quarter": 20054,
            "year": 2005,
            "quarter": 4,
            "eps": 0.04,
            "eps_growth_year": null,
            "eps_4q": -0.97,
            "eps_4q_growth_year": -562.33,
            "roe": 0.31,
            "roe_4q": -7.46,
            "gross_profit": 7559,
            "gross_margin": 7.67,
            "gross_margin_4q_avg": 8.18,
            "net_income": 2958,
            "net_income_4q": null,
            "revenue": 98591,
            "revenue_4q": null,
            "common_shares": 831325,
            "book_valuer_per_share": 11.47,
            "book_valuer_per_share_4q_avg": 11.2,
            "equity": 953360,
            "current_ratio": 96.45,
            "debt_ratio": 35.93,
            "inventory_turnover_ratio": 0.81,
            "account_receivable_turnover_ratio": null,
            "reinvestment_rate": null,
            "research_to_sale_ratio": null,
            "price_fair": 0.88,
            "eps_avg_yearly": 0.29,
            "eps_latest_yearly": 0.16,
            "eps_growth_yearly": -138.57
        },
        "20061": {
            "year_quarter": 20061,
            "year": 2006,
            "quarter": 1,
            "eps": 0.06,
            "eps_growth_year": null,
            "eps_4q": 0.42,
            "eps_4q_growth_year": null,
            "roe": 0.54,
            "roe_4q": 3.84,
            "gross_profit": 11201,
            "gross_margin": 17.87,
            "gross_margin_4q_avg": 9.74,
            "net_income": 5117,
            "net_income_4q": null,
            "revenue": 62684,
            "revenue_4q": null,
            "common_shares": 831325,
            "book_valuer_per_share": 11.5,
            "book_valuer_per_share_4q_avg": 11.38,
            "equity": 955793,
            "current_ratio": 172.88,
            "debt_ratio": 14.79,
            "inventory_turnover_ratio": 0.46,
            "account_receivable_turnover_ratio": null,
            "reinvestment_rate": null,
            "research_to_sale_ratio": null,
            "price_fair": 0.86,
            "eps_avg_yearly": 0.29,
            "eps_latest_yearly": 0.24,
            "eps_growth_yearly": -90.2
        },
        "20062": {
            "year_quarter": 20062,
            "year": 2006,
            "quarter": 2,
            "eps": 0.21,
            "eps_growth_year": -25,
            "eps_4q": 0.37,
            "eps_4q_growth_year": null,
            "roe": 1.74,
            "roe_4q": 3.0700000000000003,
            "gross_profit": 17092,
            "gross_margin": 21.99,
            "gross_margin_4q_avg": 13.69,
            "net_income": 16766,
            "net_income_4q": null,
            "revenue": 77709,
            "revenue_4q": null,
            "common_shares": 831325,
            "book_valuer_per_share": 11.7,
            "book_valuer_per_share_4q_avg": 11.54,
            "equity": 972529,
            "current_ratio": 218,
            "debt_ratio": 12.04,
            "inventory_turnover_ratio": 0.95,
            "account_receivable_turnover_ratio": null,
            "reinvestment_rate": null,
            "research_to_sale_ratio": null,
            "price_fair": 12.43,
            "eps_avg_yearly": 0.36,
            "eps_latest_yearly": 0.84,
            "eps_growth_yearly": 46.08
        },
        "20063": {
            "year_quarter": 20063,
            "year": 2006,
            "quarter": 3,
            "eps": 0.37,
            "eps_growth_year": 516.67,
            "eps_4q": 0.67,
            "eps_4q_growth_year": null,
            "roe": 3.03,
            "roe_4q": 5.619999999999999,
            "gross_profit": 19800,
            "gross_margin": 24.23,
            "gross_margin_4q_avg": 17.94,
            "net_income": 30162,
            "net_income_4q": null,
            "revenue": 81712,
            "revenue_4q": null,
            "common_shares": 830925,
            "book_valuer_per_share": 12.24,
            "book_valuer_per_share_4q_avg": 11.73,
            "equity": 1017036,
            "current_ratio": 223.2,
            "debt_ratio": 12.03,
            "inventory_turnover_ratio": 1.07,
            "account_receivable_turnover_ratio": null,
            "reinvestment_rate": null,
            "research_to_sale_ratio": null,
            "price_fair": 18.73,
            "eps_avg_yearly": 0.54,
            "eps_latest_yearly": 1.48,
            "eps_growth_yearly": 130.32
        },
        "20064": {
            "year_quarter": 20064,
            "year": 2006,
            "quarter": 4,
            "eps": 0.26,
            "eps_growth_year": 550,
            "eps_4q": 0.9,
            "eps_4q_growth_year": null,
            "roe": 2.06,
            "roe_4q": 7.37,
            "gross_profit": 15823,
            "gross_margin": 22.98,
            "gross_margin_4q_avg": 21.77,
            "net_income": 21166,
            "net_income_4q": null,
            "revenue": 68861,
            "revenue_4q": null,
            "common_shares": 811475,
            "book_valuer_per_share": 12.77,
            "book_valuer_per_share_4q_avg": 12.05,
            "equity": 1036381,
            "current_ratio": 125.65,
            "debt_ratio": 30.84,
            "inventory_turnover_ratio": 0.48,
            "account_receivable_turnover_ratio": null,
            "reinvestment_rate": -1718.28,
            "research_to_sale_ratio": null,
            "price_fair": 20.69,
            "eps_avg_yearly": 0.59,
            "eps_latest_yearly": 1.04,
            "eps_growth_yearly": 102.63
        },
        "20071": {
            "year_quarter": 20071,
            "year": 2007,
            "quarter": 1,
            "eps": 0.11,
            "eps_growth_year": 83.33,
            "eps_4q": 0.99,
            "eps_4q_growth_year": 137.45,
            "roe": 0.82,
            "roe_4q": 7.65,
            "gross_profit": 12533,
            "gross_margin": 22.42,
            "gross_margin_4q_avg": 22.91,
            "net_income": 8543,
            "net_income_4q": null,
            "revenue": 55891,
            "revenue_4q": null,
            "common_shares": 811475,
            "book_valuer_per_share": 13.04,
            "book_valuer_per_share_4q_avg": 12.44,
            "equity": 1057764,
            "current_ratio": 225.4,
            "debt_ratio": 11.55,
            "inventory_turnover_ratio": 0.36,
            "account_receivable_turnover_ratio": null,
            "reinvestment_rate": -681.13,
            "research_to_sale_ratio": null,
            "price_fair": 20.16,
            "eps_avg_yearly": 0.58,
            "eps_latest_yearly": 0.44,
            "eps_growth_yearly": 69.29
        },
        "20072": {
            "year_quarter": 20072,
            "year": 2007,
            "quarter": 2,
            "eps": 0.19,
            "eps_growth_year": -9.52,
            "eps_4q": 0.94,
            "eps_4q_growth_year": 156.46,
            "roe": 1.44,
            "roe_4q": 7.35,
            "gross_profit": -2629,
            "gross_margin": -4.11,
            "gross_margin_4q_avg": 16.38,
            "net_income": 15098,
            "net_income_4q": null,
            "revenue": 63944,
            "revenue_4q": null,
            "common_shares": 811475,
            "book_valuer_per_share": 12.84,
            "book_valuer_per_share_4q_avg": 12.72,
            "equity": 1042099,
            "current_ratio": 190.19,
            "debt_ratio": 12.6,
            "inventory_turnover_ratio": 0.85,
            "account_receivable_turnover_ratio": null,
            "reinvestment_rate": -446.78,
            "research_to_sale_ratio": null,
            "price_fair": 20.75,
            "eps_avg_yearly": 0.59,
            "eps_latest_yearly": 0.76,
            "eps_growth_yearly": 89.44
        },
        "20073": {
            "year_quarter": 20073,
            "year": 2007,
            "quarter": 3,
            "eps": 0.08,
            "eps_growth_year": -78.38,
            "eps_4q": 0.61,
            "eps_4q_growth_year": -9.94,
            "roe": 0.65,
            "roe_4q": 4.97,
            "gross_profit": -4801,
            "gross_margin": -6.91,
            "gross_margin_4q_avg": 8.6,
            "net_income": 6793,
            "net_income_4q": null,
            "revenue": 69507,
            "revenue_4q": null,
            "common_shares": 811475,
            "book_valuer_per_share": 12.96,
            "book_valuer_per_share_4q_avg": 12.9,
            "equity": 1051812,
            "current_ratio": 181.91,
            "debt_ratio": 12.29,
            "inventory_turnover_ratio": 1.13,
            "account_receivable_turnover_ratio": null,
            "reinvestment_rate": -353.69,
            "research_to_sale_ratio": null,
            "price_fair": 19.95,
            "eps_avg_yearly": 0.57,
            "eps_latest_yearly": 0.32,
            "eps_growth_yearly": 62.69
        },
        "20074": {
            "year_quarter": 20074,
            "year": 2007,
            "quarter": 4,
            "eps": 0.13,
            "eps_growth_year": -50,
            "eps_4q": 0.51,
            "eps_4q_growth_year": -43.61,
            "roe": 1,
            "roe_4q": 3.9099999999999997,
            "gross_profit": 30175,
            "gross_margin": 28.74,
            "gross_margin_4q_avg": 10.04,
            "net_income": 10490,
            "net_income_4q": null,
            "revenue": 105007,
            "revenue_4q": null,
            "common_shares": 811475,
            "book_valuer_per_share": 12.78,
            "book_valuer_per_share_4q_avg": 12.91,
            "equity": 1037022,
            "current_ratio": 144.53,
            "debt_ratio": 28.4,
            "inventory_turnover_ratio": 0.69,
            "account_receivable_turnover_ratio": null,
            "reinvestment_rate": -276.81,
            "research_to_sale_ratio": null,
            "price_fair": 19.82,
            "eps_avg_yearly": 0.57,
            "eps_latest_yearly": 0.52,
            "eps_growth_yearly": 77.1
        },
        "20081": {
            "year_quarter": 20081,
            "year": 2008,
            "quarter": 1,
            "eps": -0.09,
            "eps_growth_year": -181.82,
            "eps_4q": 0.32,
            "eps_4q_growth_year": -68.07,
            "roe": -0.7,
            "roe_4q": 2.39,
            "gross_profit": 38615,
            "gross_margin": 25.45,
            "gross_margin_4q_avg": 10.79,
            "net_income": -7195,
            "net_income_4q": null,
            "revenue": 151747,
            "revenue_4q": null,
            "common_shares": 811475,
            "book_valuer_per_share": 12.42,
            "book_valuer_per_share_4q_avg": 12.75,
            "equity": 1008085,
            "current_ratio": 131.48,
            "debt_ratio": 32.88,
            "inventory_turnover_ratio": 0.71,
            "account_receivable_turnover_ratio": null,
            "reinvestment_rate": 854.78,
            "research_to_sale_ratio": null,
            "price_fair": 19.72,
            "eps_avg_yearly": 0.56,
            "eps_latest_yearly": 0.52,
            "eps_growth_yearly": 71.4
        },
        "20082": {
            "year_quarter": 20082,
            "year": 2008,
            "quarter": 2,
            "eps": -0.02,
            "eps_growth_year": -110.53,
            "eps_4q": 0.11,
            "eps_4q_growth_year": -88.56,
            "roe": -0.13,
            "roe_4q": 0.8200000000000001,
            "gross_profit": 35974,
            "gross_margin": 20.19,
            "gross_margin_4q_avg": 16.87,
            "net_income": -1328,
            "net_income_4q": null,
            "revenue": 178160,
            "revenue_4q": null,
            "common_shares": 811475,
            "book_valuer_per_share": 12.1,
            "book_valuer_per_share_4q_avg": 12.57,
            "equity": 982229,
            "current_ratio": 103.88,
            "debt_ratio": 38.79,
            "inventory_turnover_ratio": 0.92,
            "account_receivable_turnover_ratio": null,
            "reinvestment_rate": 1513.31,
            "research_to_sale_ratio": null,
            "price_fair": 20.36,
            "eps_avg_yearly": 0.58,
            "eps_latest_yearly": 0.52,
            "eps_growth_yearly": 92.43
        },
        "20083": {
            "year_quarter": 20083,
            "year": 2008,
            "quarter": 3,
            "eps": -0.13,
            "eps_growth_year": -262.5,
            "eps_4q": -0.1,
            "eps_4q_growth_year": -116.47,
            "roe": -1.01,
            "roe_4q": -0.8400000000000001,
            "gross_profit": 37456,
            "gross_margin": 16.61,
            "gross_margin_4q_avg": 22.75,
            "net_income": -10089,
            "net_income_4q": null,
            "revenue": 225508,
            "revenue_4q": null,
            "common_shares": 811475,
            "book_valuer_per_share": 12.45,
            "book_valuer_per_share_4q_avg": 12.44,
            "equity": 1010264,
            "current_ratio": 103.41,
            "debt_ratio": 41.27,
            "inventory_turnover_ratio": 1.3,
            "account_receivable_turnover_ratio": null,
            "reinvestment_rate": 3755.41,
            "research_to_sale_ratio": null,
            "price_fair": 21.14,
            "eps_avg_yearly": 0.6,
            "eps_latest_yearly": 0.52,
            "eps_growth_yearly": 101.68
        },
        "20084": {
            "year_quarter": 20084,
            "year": 2008,
            "quarter": 4,
            "eps": 0.25,
            "eps_growth_year": 92.31,
            "eps_4q": 0.01,
            "eps_4q_growth_year": -98.94,
            "roe": 1.87,
            "roe_4q": 0.030000000000000138,
            "gross_profit": 39753,
            "gross_margin": 26.22,
            "gross_margin_4q_avg": 22.12,
            "net_income": 19022,
            "net_income_4q": null,
            "revenue": 151622,
            "revenue_4q": null,
            "common_shares": 811475,
            "book_valuer_per_share": 12.65,
            "book_valuer_per_share_4q_avg": 12.41,
            "equity": 1026897,
            "current_ratio": 116.11,
            "debt_ratio": 41.55,
            "inventory_turnover_ratio": 0.66,
            "account_receivable_turnover_ratio": 1.15,
            "reinvestment_rate": 157.12,
            "research_to_sale_ratio": null,
            "price_fair": 21.14,
            "eps_avg_yearly": 0.6,
            "eps_latest_yearly": 0.52,
            "eps_growth_yearly": 101.68
        },
        "20091": {
            "year_quarter": 20091,
            "year": 2009,
            "quarter": 1,
            "eps": -0.83,
            "eps_growth_year": null,
            "eps_4q": -0.66,
            "eps_4q_growth_year": -310,
            "roe": -6.11,
            "roe_4q": -5.38,
            "gross_profit": -38071,
            "gross_margin": -44.79,
            "gross_margin_4q_avg": 4.56,
            "net_income": -61291,
            "net_income_4q": null,
            "revenue": 85005,
            "revenue_4q": null,
            "common_shares": 811475,
            "book_valuer_per_share": 12.06,
            "book_valuer_per_share_4q_avg": 12.32,
            "equity": 978291,
            "current_ratio": 111.45,
            "debt_ratio": 40.17,
            "inventory_turnover_ratio": 0.68,
            "account_receivable_turnover_ratio": 0.46,
            "reinvestment_rate": 749.26,
            "research_to_sale_ratio": null,
            "price_fair": 21.14,
            "eps_avg_yearly": 0.6,
            "eps_latest_yearly": 0.52,
            "eps_growth_yearly": 101.68
        },
        "20092": {
            "year_quarter": 20092,
            "year": 2009,
            "quarter": 2,
            "eps": -0.25,
            "eps_growth_year": null,
            "eps_4q": -0.87,
            "eps_4q_growth_year": -909.63,
            "roe": -1.94,
            "roe_4q": -7.19,
            "gross_profit": 30644,
            "gross_margin": 16.31,
            "gross_margin_4q_avg": 3.59,
            "net_income": -18566,
            "net_income_4q": null,
            "revenue": 187849,
            "revenue_4q": null,
            "common_shares": 811475,
            "book_valuer_per_share": 11.56,
            "book_valuer_per_share_4q_avg": 12.18,
            "equity": 937731,
            "current_ratio": 110.51,
            "debt_ratio": 44.12,
            "inventory_turnover_ratio": 0.96,
            "account_receivable_turnover_ratio": 1.36,
            "reinvestment_rate": 1501.42,
            "research_to_sale_ratio": null,
            "price_fair": 21.14,
            "eps_avg_yearly": 0.6,
            "eps_latest_yearly": 0.52,
            "eps_growth_yearly": 101.68
        },
        "20093": {
            "year_quarter": 20093,
            "year": 2009,
            "quarter": 3,
            "eps": 0.03,
            "eps_growth_year": null,
            "eps_4q": -0.75,
            "eps_4q_growth_year": null,
            "roe": 0.25,
            "roe_4q": -5.930000000000001,
            "gross_profit": 32316,
            "gross_margin": 17.03,
            "gross_margin_4q_avg": 3.69,
            "net_income": 2334,
            "net_income_4q": null,
            "revenue": 189808,
            "revenue_4q": null,
            "common_shares": 811475,
            "book_valuer_per_share": 11.43,
            "book_valuer_per_share_4q_avg": 11.93,
            "equity": 927188,
            "current_ratio": 113.44,
            "debt_ratio": 45.68,
            "inventory_turnover_ratio": 0.94,
            "account_receivable_turnover_ratio": 0.99,
            "reinvestment_rate": 1561.69,
            "research_to_sale_ratio": null,
            "price_fair": 22.56,
            "eps_avg_yearly": 0.64,
            "eps_latest_yearly": 0.52,
            "eps_growth_yearly": 147.9
        },
        "20094": {
            "year_quarter": 20094,
            "year": 2009,
            "quarter": 4,
            "eps": 0.22,
            "eps_growth_year": -12,
            "eps_4q": -0.83,
            "eps_4q_growth_year": -15533.07,
            "roe": 1.76,
            "roe_4q": -6.040000000000001,
            "gross_profit": 55413,
            "gross_margin": 29.1,
            "gross_margin_4q_avg": 4.41,
            "net_income": 16414,
            "net_income_4q": null,
            "revenue": 190390,
            "revenue_4q": null,
            "common_shares": 811475,
            "book_valuer_per_share": 12.79,
            "book_valuer_per_share_4q_avg": 11.96,
            "equity": 939768,
            "current_ratio": 121.55,
            "debt_ratio": 42.88,
            "inventory_turnover_ratio": 0.76,
            "account_receivable_turnover_ratio": 1.67,
            "reinvestment_rate": 1337.76,
            "research_to_sale_ratio": null,
            "price_fair": 25.36,
            "eps_avg_yearly": 0.72,
            "eps_latest_yearly": 0.88,
            "eps_growth_yearly": 444.19
        },
        "20101": {
            "year_quarter": 20101,
            "year": 2010,
            "quarter": 1,
            "eps": 0.22,
            "eps_growth_year": null,
            "eps_4q": 0.23,
            "eps_4q_growth_year": null,
            "roe": 1.74,
            "roe_4q": 1.81,
            "gross_profit": 55004,
            "gross_margin": 22.1,
            "gross_margin_4q_avg": 21.14,
            "net_income": 16451,
            "net_income_4q": null,
            "revenue": 248924,
            "revenue_4q": null,
            "common_shares": 811475,
            "book_valuer_per_share": 12.96,
            "book_valuer_per_share_4q_avg": 12.19,
            "equity": 952625,
            "current_ratio": 125.23,
            "debt_ratio": 43.56,
            "inventory_turnover_ratio": 1.04,
            "account_receivable_turnover_ratio": 0.98,
            "reinvestment_rate": 1878.28,
            "research_to_sale_ratio": 4.75,
            "price_fair": 27.84,
            "eps_avg_yearly": 0.8,
            "eps_latest_yearly": 0.88,
            "eps_growth_yearly": 421.97
        },
        "20102": {
            "year_quarter": 20102,
            "year": 2010,
            "quarter": 2,
            "eps": 0.07,
            "eps_growth_year": null,
            "eps_4q": 0.53,
            "eps_4q_growth_year": null,
            "roe": 0.54,
            "roe_4q": 4.29,
            "gross_profit": 69728,
            "gross_margin": 23.6,
            "gross_margin_4q_avg": 22.96,
            "net_income": 5425,
            "net_income_4q": null,
            "revenue": 295419,
            "revenue_4q": null,
            "common_shares": 810389,
            "book_valuer_per_share": 13.77,
            "book_valuer_per_share_4q_avg": 12.74,
            "equity": 1051759,
            "current_ratio": 168.73,
            "debt_ratio": 46.06,
            "inventory_turnover_ratio": 1.19,
            "account_receivable_turnover_ratio": 0.89,
            "reinvestment_rate": 2323.25,
            "research_to_sale_ratio": 3.93,
            "price_fair": 25.67,
            "eps_avg_yearly": 0.73,
            "eps_latest_yearly": 0.28,
            "eps_growth_yearly": 280.56
        },
        "20103": {
            "year_quarter": 20103,
            "year": 2010,
            "quarter": 3,
            "eps": 0.66,
            "eps_growth_year": 2113.14,
            "eps_4q": 1.12,
            "eps_4q_growth_year": null,
            "roe": 4.84,
            "roe_4q": 8.88,
            "gross_profit": 119400,
            "gross_margin": 31.61,
            "gross_margin_4q_avg": 26.6,
            "net_income": 55300,
            "net_income_4q": null,
            "revenue": 377755,
            "revenue_4q": null,
            "common_shares": 879544,
            "book_valuer_per_share": 14.8,
            "book_valuer_per_share_4q_avg": 13.58,
            "equity": 1232751,
            "current_ratio": 170.2,
            "debt_ratio": 38.9,
            "inventory_turnover_ratio": 1.4,
            "account_receivable_turnover_ratio": 0.9,
            "reinvestment_rate": 1626.41,
            "research_to_sale_ratio": 3.42,
            "price_fair": 30.18,
            "eps_avg_yearly": 0.86,
            "eps_latest_yearly": 2.64,
            "eps_growth_yearly": 621.3
        },
        "20104": {
            "year_quarter": 20104,
            "year": 2010,
            "quarter": 4,
            "eps": 0.42,
            "eps_growth_year": 91.24,
            "eps_4q": 1.35,
            "eps_4q_growth_year": null,
            "roe": 2.85,
            "roe_4q": 9.97,
            "gross_profit": 112986,
            "gross_margin": 32.21,
            "gross_margin_4q_avg": 27.38,
            "net_income": 35048,
            "net_income_4q": null,
            "revenue": 350777,
            "revenue_4q": null,
            "common_shares": 879685,
            "book_valuer_per_share": 14.77,
            "book_valuer_per_share_4q_avg": 14.08,
            "equity": 1230641,
            "current_ratio": 172.79,
            "debt_ratio": 38.09,
            "inventory_turnover_ratio": 1.31,
            "account_receivable_turnover_ratio": 0.79,
            "reinvestment_rate": 792.52,
            "research_to_sale_ratio": 4.54,
            "price_fair": 32.67,
            "eps_avg_yearly": 0.93,
            "eps_latest_yearly": 1.68,
            "eps_growth_yearly": 618.35
        },
        "20111": {
            "year_quarter": 20111,
            "year": 2011,
            "quarter": 1,
            "eps": 0.4,
            "eps_growth_year": 81.82,
            "eps_4q": 1.52,
            "eps_4q_growth_year": 572.67,
            "roe": 2.63,
            "roe_4q": 10.86,
            "gross_profit": 82067,
            "gross_margin": 27.64,
            "gross_margin_4q_avg": 28.77,
            "net_income": 33321,
            "net_income_4q": null,
            "revenue": 296873,
            "revenue_4q": null,
            "common_shares": 894567,
            "book_valuer_per_share": 15.36,
            "book_valuer_per_share_4q_avg": 14.68,
            "equity": 1302836,
            "current_ratio": 274.19,
            "debt_ratio": 35.91,
            "inventory_turnover_ratio": 1.18,
            "account_receivable_turnover_ratio": 0.72,
            "reinvestment_rate": 505.08,
            "research_to_sale_ratio": 4.08,
            "price_fair": 37.18,
            "eps_avg_yearly": 1.06,
            "eps_latest_yearly": 1.6,
            "eps_growth_yearly": 641.87
        },
        "20112": {
            "year_quarter": 20112,
            "year": 2011,
            "quarter": 2,
            "eps": 0.16,
            "eps_growth_year": 126.24,
            "eps_4q": 1.61,
            "eps_4q_growth_year": 203.61,
            "roe": 1.06,
            "roe_4q": 11.379999999999999,
            "gross_profit": 66767,
            "gross_margin": 23.94,
            "gross_margin_4q_avg": 28.85,
            "net_income": 13666,
            "net_income_4q": null,
            "revenue": 278916,
            "revenue_4q": null,
            "common_shares": 897055,
            "book_valuer_per_share": 14.93,
            "book_valuer_per_share_4q_avg": 14.97,
            "equity": 1269802,
            "current_ratio": 225.79,
            "debt_ratio": 38.55,
            "inventory_turnover_ratio": 1.16,
            "account_receivable_turnover_ratio": 0.7,
            "reinvestment_rate": 543.25,
            "research_to_sale_ratio": 4,
            "price_fair": 36.71,
            "eps_avg_yearly": 1.05,
            "eps_latest_yearly": 0.64,
            "eps_growth_yearly": 582.88
        },
        "20113": {
            "year_quarter": 20113,
            "year": 2011,
            "quarter": 3,
            "eps": 0.03,
            "eps_growth_year": -95.88,
            "eps_4q": 0.99,
            "eps_4q_growth_year": -11.72,
            "roe": 0.18,
            "roe_4q": 6.720000000000001,
            "gross_profit": 41338,
            "gross_margin": 18.67,
            "gross_margin_4q_avg": 25.62,
            "net_income": 2326,
            "net_income_4q": null,
            "revenue": 221361,
            "revenue_4q": null,
            "common_shares": 897055,
            "book_valuer_per_share": 15.62,
            "book_valuer_per_share_4q_avg": 15.17,
            "equity": 1328544,
            "current_ratio": 224.33,
            "debt_ratio": 38.4,
            "inventory_turnover_ratio": 0.93,
            "account_receivable_turnover_ratio": 0.57,
            "reinvestment_rate": 1283.18,
            "research_to_sale_ratio": 3.09,
            "price_fair": 35.93,
            "eps_avg_yearly": 1.03,
            "eps_latest_yearly": 0.12,
            "eps_growth_yearly": 572.5
        },
        "20114": {
            "year_quarter": 20114,
            "year": 2011,
            "quarter": 4,
            "eps": -0.27,
            "eps_growth_year": -163.01,
            "eps_4q": 0.31,
            "eps_4q_growth_year": -76.63,
            "roe": -1.71,
            "roe_4q": 2.16,
            "gross_profit": 4914,
            "gross_margin": 2.92,
            "gross_margin_4q_avg": 18.29,
            "net_income": -22543,
            "net_income_4q": null,
            "revenue": 168425,
            "revenue_4q": null,
            "common_shares": 865415,
            "book_valuer_per_share": 15.36,
            "book_valuer_per_share_4q_avg": 15.32,
            "equity": 1306618,
            "current_ratio": 242,
            "debt_ratio": 36.05,
            "inventory_turnover_ratio": 0.83,
            "account_receivable_turnover_ratio": 0.51,
            "reinvestment_rate": 198.37,
            "research_to_sale_ratio": 4.74,
            "price_fair": 38.15,
            "eps_avg_yearly": 1.09,
            "eps_latest_yearly": 0.12,
            "eps_growth_yearly": 612.82
        },
        "20121": {
            "year_quarter": 20121,
            "year": 2012,
            "quarter": 1,
            "eps": -0.57,
            "eps_growth_year": -242.5,
            "eps_4q": -0.64,
            "eps_4q_growth_year": -142.23,
            "roe": -3.78,
            "roe_4q": -4.25,
            "gross_profit": 143,
            "gross_margin": 0.08,
            "gross_margin_4q_avg": 11.4,
            "net_income": -48127,
            "net_income_4q": null,
            "revenue": 171256,
            "revenue_4q": null,
            "common_shares": 850415,
            "book_valuer_per_share": 14.58,
            "book_valuer_per_share_4q_avg": 15.12,
            "equity": 1239767,
            "current_ratio": 205.35,
            "debt_ratio": 39.9,
            "inventory_turnover_ratio": 0.94,
            "account_receivable_turnover_ratio": 0.59,
            "reinvestment_rate": 429.44,
            "research_to_sale_ratio": 7.69,
            "price_fair": 38.15,
            "eps_avg_yearly": 1.09,
            "eps_latest_yearly": 0.12,
            "eps_growth_yearly": 612.82
        },
        "20122": {
            "year_quarter": 20122,
            "year": 2012,
            "quarter": 2,
            "eps": -0.27,
            "eps_growth_year": -268.84,
            "eps_4q": -1.07,
            "eps_4q_growth_year": -166.57,
            "roe": -1.89,
            "roe_4q": -7.2,
            "gross_profit": 14715,
            "gross_margin": 6.83,
            "gross_margin_4q_avg": 7.13,
            "net_income": -23074,
            "net_income_4q": null,
            "revenue": 215361,
            "revenue_4q": null,
            "common_shares": 850415,
            "book_valuer_per_share": 14.07,
            "book_valuer_per_share_4q_avg": 14.91,
            "equity": 1196818,
            "current_ratio": 168.19,
            "debt_ratio": 47.54,
            "inventory_turnover_ratio": 1.21,
            "account_receivable_turnover_ratio": 0.68,
            "reinvestment_rate": 424.64,
            "research_to_sale_ratio": 3.9,
            "price_fair": 38.15,
            "eps_avg_yearly": 1.09,
            "eps_latest_yearly": 0.12,
            "eps_growth_yearly": 612.82
        },
        "20123": {
            "year_quarter": 20123,
            "year": 2012,
            "quarter": 3,
            "eps": -0.51,
            "eps_growth_year": -1963.05,
            "eps_4q": -1.61,
            "eps_4q_growth_year": -262.49,
            "roe": -3.71,
            "roe_4q": -11.09,
            "gross_profit": 9635,
            "gross_margin": 4.91,
            "gross_margin_4q_avg": 3.69,
            "net_income": -43334,
            "net_income_4q": null,
            "revenue": 196384,
            "revenue_4q": null,
            "common_shares": 850415,
            "book_valuer_per_share": 13.42,
            "book_valuer_per_share_4q_avg": 14.36,
            "equity": 1141021,
            "current_ratio": 150.17,
            "debt_ratio": 52.87,
            "inventory_turnover_ratio": 1.16,
            "account_receivable_turnover_ratio": 0.56,
            "reinvestment_rate": null,
            "research_to_sale_ratio": 4.12,
            "price_fair": 38.15,
            "eps_avg_yearly": 1.09,
            "eps_latest_yearly": 0.12,
            "eps_growth_yearly": 612.82
        },
        "20124": {
            "year_quarter": 20124,
            "year": 2012,
            "quarter": 4,
            "eps": -0.3,
            "eps_growth_year": null,
            "eps_4q": -1.65,
            "eps_4q_growth_year": -623.88,
            "roe": -2.28,
            "roe_4q": -11.66,
            "gross_profit": 10320,
            "gross_margin": 5.55,
            "gross_margin_4q_avg": 4.34,
            "net_income": -25708,
            "net_income_4q": null,
            "revenue": 185991,
            "revenue_4q": null,
            "common_shares": 850415,
            "book_valuer_per_share": 13.13,
            "book_valuer_per_share_4q_avg": 13.8,
            "equity": 1116383,
            "current_ratio": 135.3,
            "debt_ratio": 48.46,
            "inventory_turnover_ratio": 1.06,
            "account_receivable_turnover_ratio": 0.54,
            "reinvestment_rate": null,
            "research_to_sale_ratio": 4.57,
            "price_fair": 38.15,
            "eps_avg_yearly": 1.09,
            "eps_latest_yearly": 0.12,
            "eps_growth_yearly": 612.82
        },
        "20131": {
            "year_quarter": 20131,
            "year": 2013,
            "quarter": 1,
            "eps": -0.35,
            "eps_growth_year": null,
            "eps_4q": -1.44,
            "eps_4q_growth_year": null,
            "roe": -2.7,
            "roe_4q": -10.580000000000002,
            "gross_profit": 6999,
            "gross_margin": 3.63,
            "gross_margin_4q_avg": 5.23,
            "net_income": -29996,
            "net_income_4q": null,
            "revenue": 192864,
            "revenue_4q": null,
            "common_shares": 850415,
            "book_valuer_per_share": 12.99,
            "book_valuer_per_share_4q_avg": 13.4,
            "equity": 1105108,
            "current_ratio": 120.2,
            "debt_ratio": 52.61,
            "inventory_turnover_ratio": 1.06,
            "account_receivable_turnover_ratio": 0.61,
            "reinvestment_rate": null,
            "research_to_sale_ratio": 4.59,
            "price_fair": 38.15,
            "eps_avg_yearly": 1.09,
            "eps_latest_yearly": 0.12,
            "eps_growth_yearly": 612.82
        },
        "20132": {
            "year_quarter": 20132,
            "year": 2013,
            "quarter": 2,
            "eps": 0.04,
            "eps_growth_year": null,
            "eps_4q": -1.12,
            "eps_4q_growth_year": null,
            "roe": 0.31,
            "roe_4q": -8.379999999999999,
            "gross_profit": 35049,
            "gross_margin": 13.97,
            "gross_margin_4q_avg": 7.02,
            "net_income": 3423,
            "net_income_4q": null,
            "revenue": 250953,
            "revenue_4q": null,
            "common_shares": 850415,
            "book_valuer_per_share": 13.2,
            "book_valuer_per_share_4q_avg": 13.19,
            "equity": 1122540,
            "current_ratio": 130.99,
            "debt_ratio": 51.43,
            "inventory_turnover_ratio": 1.16,
            "account_receivable_turnover_ratio": 0.79,
            "reinvestment_rate": null,
            "research_to_sale_ratio": 3.68,
            "price_fair": 38.15,
            "eps_avg_yearly": 1.09,
            "eps_latest_yearly": 0.12,
            "eps_growth_yearly": 612.82
        },
        "20133": {
            "year_quarter": 20133,
            "year": 2013,
            "quarter": 3,
            "eps": -0.32,
            "eps_growth_year": null,
            "eps_4q": -0.93,
            "eps_4q_growth_year": null,
            "roe": -2.45,
            "roe_4q": -7.119999999999999,
            "gross_profit": 25702,
            "gross_margin": 10.56,
            "gross_margin_4q_avg": 8.43,
            "net_income": -27096,
            "net_income_4q": null,
            "revenue": 243481,
            "revenue_4q": null,
            "common_shares": 850415,
            "book_valuer_per_share": 12.8,
            "book_valuer_per_share_4q_avg": 13.03,
            "equity": 1088584,
            "current_ratio": 124.33,
            "debt_ratio": 51.66,
            "inventory_turnover_ratio": 1.14,
            "account_receivable_turnover_ratio": 0.71,
            "reinvestment_rate": null,
            "research_to_sale_ratio": 4.66,
            "price_fair": 38.15,
            "eps_avg_yearly": 1.09,
            "eps_latest_yearly": 0.12,
            "eps_growth_yearly": 612.82
        },
        "20134": {
            "year_quarter": 20134,
            "year": 2013,
            "quarter": 4,
            "eps": -0.19,
            "eps_growth_year": null,
            "eps_4q": -0.82,
            "eps_4q_growth_year": null,
            "roe": -1.46,
            "roe_4q": -6.300000000000001,
            "gross_profit": 30318,
            "gross_margin": 14.05,
            "gross_margin_4q_avg": 10.55,
            "net_income": -15839,
            "net_income_4q": null,
            "revenue": 215769,
            "revenue_4q": null,
            "common_shares": 850415,
            "book_valuer_per_share": 12.74,
            "book_valuer_per_share_4q_avg": 12.93,
            "equity": 1083060,
            "current_ratio": 83.34,
            "debt_ratio": 50.98,
            "inventory_turnover_ratio": 0.94,
            "account_receivable_turnover_ratio": 0.64,
            "reinvestment_rate": null,
            "research_to_sale_ratio": 5.32,
            "price_fair": 39.2,
            "eps_avg_yearly": 1.12,
            "eps_latest_yearly": 0.12,
            "eps_growth_yearly": 338.46
        },
        "20141": {
            "year_quarter": 20141,
            "year": 2014,
            "quarter": 1,
            "eps": -0.24,
            "eps_growth_year": null,
            "eps_4q": -0.71,
            "eps_4q_growth_year": null,
            "roe": -1.91,
            "roe_4q": -5.510000000000001,
            "gross_profit": 30147,
            "gross_margin": 12.51,
            "gross_margin_4q_avg": 12.77,
            "net_income": -20626,
            "net_income_4q": null,
            "revenue": 240988,
            "revenue_4q": null,
            "common_shares": 850415,
            "book_valuer_per_share": 12.71,
            "book_valuer_per_share_4q_avg": 12.86,
            "equity": 1080472,
            "current_ratio": 81.8,
            "debt_ratio": 50.57,
            "inventory_turnover_ratio": 1.09,
            "account_receivable_turnover_ratio": 0.71,
            "reinvestment_rate": null,
            "research_to_sale_ratio": 7.1,
            "price_fair": 40.6,
            "eps_avg_yearly": 1.16,
            "eps_latest_yearly": 0.12,
            "eps_growth_yearly": 394.87
        },
        "20142": {
            "year_quarter": 20142,
            "year": 2014,
            "quarter": 2,
            "eps": 0.11,
            "eps_growth_year": 175,
            "eps_4q": -0.64,
            "eps_4q_growth_year": null,
            "roe": 0.86,
            "roe_4q": -4.96,
            "gross_profit": 66603,
            "gross_margin": 25.31,
            "gross_margin_4q_avg": 15.61,
            "net_income": 9283,
            "net_income_4q": null,
            "revenue": 263123,
            "revenue_4q": null,
            "common_shares": 850415,
            "book_valuer_per_share": 12.65,
            "book_valuer_per_share_4q_avg": 12.73,
            "equity": 1075564,
            "current_ratio": 86.54,
            "debt_ratio": 51.83,
            "inventory_turnover_ratio": 1.06,
            "account_receivable_turnover_ratio": 0.72,
            "reinvestment_rate": null,
            "research_to_sale_ratio": 5.5,
            "price_fair": 46.76,
            "eps_avg_yearly": 1.34,
            "eps_latest_yearly": 0.12,
            "eps_growth_yearly": 528.39
        },
        "20143": {
            "year_quarter": 20143,
            "year": 2014,
            "quarter": 3,
            "eps": -0.02,
            "eps_growth_year": null,
            "eps_4q": -0.34,
            "eps_4q_growth_year": null,
            "roe": -0.14,
            "roe_4q": -2.65,
            "gross_profit": 52078,
            "gross_margin": 19.3,
            "gross_margin_4q_avg": 17.79,
            "net_income": -1536,
            "net_income_4q": null,
            "revenue": 269837,
            "revenue_4q": null,
            "common_shares": 850415,
            "book_valuer_per_share": 12.81,
            "book_valuer_per_share_4q_avg": 12.73,
            "equity": 1089632,
            "current_ratio": 83.43,
            "debt_ratio": 54.69,
            "inventory_turnover_ratio": 1.18,
            "account_receivable_turnover_ratio": 0.67,
            "reinvestment_rate": null,
            "research_to_sale_ratio": 5.8,
            "price_fair": 3.03,
            "eps_avg_yearly": 1.01,
            "eps_latest_yearly": 0.12,
            "eps_growth_yearly": -182.38
        },
        "20144": {
            "year_quarter": 20144,
            "year": 2014,
            "quarter": 4,
            "eps": 0.2,
            "eps_growth_year": null,
            "eps_4q": 0.05,
            "eps_4q_growth_year": null,
            "roe": 1.56,
            "roe_4q": 0.3699999999999999,
            "gross_profit": 74304,
            "gross_margin": 28.25,
            "gross_margin_4q_avg": 21.34,
            "net_income": 17432,
            "net_income_4q": null,
            "revenue": 263034,
            "revenue_4q": null,
            "common_shares": 850415,
            "book_valuer_per_share": 13.52,
            "book_valuer_per_share_4q_avg": 12.92,
            "equity": 1150141,
            "current_ratio": 84.64,
            "debt_ratio": 54.28,
            "inventory_turnover_ratio": 1,
            "account_receivable_turnover_ratio": 0.62,
            "reinvestment_rate": null,
            "research_to_sale_ratio": 6.83,
            "price_fair": 2.36,
            "eps_avg_yearly": 0.79,
            "eps_latest_yearly": 0.12,
            "eps_growth_yearly": -194.68
        },
        "20151": {
            "year_quarter": 20151,
            "year": 2015,
            "quarter": 1,
            "eps": 0.06,
            "eps_growth_year": null,
            "eps_4q": 0.35,
            "eps_4q_growth_year": null,
            "roe": 0.42,
            "roe_4q": 2.6999999999999997,
            "gross_profit": 70131,
            "gross_margin": 25.01,
            "gross_margin_4q_avg": 24.47,
            "net_income": 4823,
            "net_income_4q": null,
            "revenue": 280390,
            "revenue_4q": null,
            "common_shares": 850415,
            "book_valuer_per_share": 13.42,
            "book_valuer_per_share_4q_avg": 13.1,
            "equity": 1141095,
            "current_ratio": 80.25,
            "debt_ratio": 53.01,
            "inventory_turnover_ratio": 1.09,
            "account_receivable_turnover_ratio": 0.66,
            "reinvestment_rate": null,
            "research_to_sale_ratio": 5.8,
            "price_fair": 1,
            "eps_avg_yearly": 0.33,
            "eps_latest_yearly": 0.24,
            "eps_growth_yearly": -281.67
        },
        "20152": {
            "year_quarter": 20152,
            "year": 2015,
            "quarter": 2,
            "eps": 0.07,
            "eps_growth_year": -36.36,
            "eps_4q": 0.32,
            "eps_4q_growth_year": null,
            "roe": 0.55,
            "roe_4q": 2.39,
            "gross_profit": 64584,
            "gross_margin": 23.55,
            "gross_margin_4q_avg": 24.03,
            "net_income": 6325,
            "net_income_4q": null,
            "revenue": 274226,
            "revenue_4q": null,
            "common_shares": 850415,
            "book_valuer_per_share": 13.5,
            "book_valuer_per_share_4q_avg": 13.31,
            "equity": 1147992,
            "current_ratio": 119.08,
            "debt_ratio": 50.98,
            "inventory_turnover_ratio": 1.09,
            "account_receivable_turnover_ratio": 0.66,
            "reinvestment_rate": null,
            "research_to_sale_ratio": 6.19,
            "price_fair": 0.64,
            "eps_avg_yearly": 0.21,
            "eps_latest_yearly": 0.28,
            "eps_growth_yearly": -179.44
        },
        "20153": {
            "year_quarter": 20153,
            "year": 2015,
            "quarter": 3,
            "eps": 0.03,
            "eps_growth_year": null,
            "eps_4q": 0.37,
            "eps_4q_growth_year": null,
            "roe": 0.23,
            "roe_4q": 2.76,
            "gross_profit": 61716,
            "gross_margin": 23.5,
            "gross_margin_4q_avg": 25.08,
            "net_income": 2716,
            "net_income_4q": null,
            "revenue": 262634,
            "revenue_4q": null,
            "common_shares": 850415,
            "book_valuer_per_share": 13.83,
            "book_valuer_per_share_4q_avg": 13.57,
            "equity": 1173098,
            "current_ratio": 113.97,
            "debt_ratio": 53.95,
            "inventory_turnover_ratio": 1.02,
            "account_receivable_turnover_ratio": 0.62,
            "reinvestment_rate": null,
            "research_to_sale_ratio": 7.36,
            "price_fair": 0.64,
            "eps_avg_yearly": 0.21,
            "eps_latest_yearly": 0.12,
            "eps_growth_yearly": -147.3
        },
        "20154": {
            "year_quarter": 20154,
            "year": 2015,
            "quarter": 4,
            "eps": 0.04,
            "eps_growth_year": -79.37,
            "eps_4q": 0.21,
            "eps_4q_growth_year": 288.32,
            "roe": 0.31,
            "roe_4q": 1.51,
            "gross_profit": 70333,
            "gross_margin": 27.37,
            "gross_margin_4q_avg": 24.86,
            "net_income": 3539,
            "net_income_4q": null,
            "revenue": 256931,
            "revenue_4q": null,
            "common_shares": 850415,
            "book_valuer_per_share": 13.67,
            "book_valuer_per_share_4q_avg": 13.61,
            "equity": 1143982,
            "current_ratio": 110.84,
            "debt_ratio": 53.72,
            "inventory_turnover_ratio": 0.9,
            "account_receivable_turnover_ratio": 0.6,
            "reinvestment_rate": null,
            "research_to_sale_ratio": 5.5,
            "price_fair": 0.6,
            "eps_avg_yearly": 0.2,
            "eps_latest_yearly": 0.16,
            "eps_growth_yearly": -77.14
        },
        "20161": {
            "year_quarter": 20161,
            "year": 2016,
            "quarter": 1,
            "eps": 0.13,
            "eps_growth_year": 116.67,
            "eps_4q": 0.28,
            "eps_4q_growth_year": -19.39,
            "roe": 0.98,
            "roe_4q": 2.0700000000000003,
            "gross_profit": 65618,
            "gross_margin": 25.24,
            "gross_margin_4q_avg": 24.92,
            "net_income": 11224,
            "net_income_4q": null,
            "revenue": 260025,
            "revenue_4q": null,
            "common_shares": 850415,
            "book_valuer_per_share": 13.62,
            "book_valuer_per_share_4q_avg": 13.66,
            "equity": 1139684,
            "current_ratio": 110.67,
            "debt_ratio": 53.01,
            "inventory_turnover_ratio": 0.89,
            "account_receivable_turnover_ratio": 0.61,
            "reinvestment_rate": null,
            "research_to_sale_ratio": 4.9,
            "price_fair": 9.24,
            "eps_avg_yearly": 0.26,
            "eps_latest_yearly": 0.52,
            "eps_growth_yearly": 118.29
        },
        "20162": {
            "year_quarter": 20162,
            "year": 2016,
            "quarter": 2,
            "eps": 0.06,
            "eps_growth_year": -14.29,
            "eps_4q": 0.27,
            "eps_4q_growth_year": -14.47,
            "roe": 0.47,
            "roe_4q": 1.99,
            "gross_profit": 62860,
            "gross_margin": 22.4,
            "gross_margin_4q_avg": 24.63,
            "net_income": 5288,
            "net_income_4q": null,
            "revenue": 280662,
            "revenue_4q": null,
            "common_shares": 850415,
            "book_valuer_per_share": 13.4,
            "book_valuer_per_share_4q_avg": 13.63,
            "equity": 1121961,
            "current_ratio": 116.14,
            "debt_ratio": 54.9,
            "inventory_turnover_ratio": 1,
            "account_receivable_turnover_ratio": 0.64,
            "reinvestment_rate": null,
            "research_to_sale_ratio": 4.36,
            "price_fair": 9.1,
            "eps_avg_yearly": 0.26,
            "eps_latest_yearly": 0.24,
            "eps_growth_yearly": 62.67
        },
        "20163": {
            "year_quarter": 20163,
            "year": 2016,
            "quarter": 3,
            "eps": 0.23,
            "eps_growth_year": 666.67,
            "eps_4q": 0.47,
            "eps_4q_growth_year": 27.95,
            "roe": 1.75,
            "roe_4q": 3.51,
            "gross_profit": 74056,
            "gross_margin": 26.18,
            "gross_margin_4q_avg": 25.3,
            "net_income": 19469,
            "net_income_4q": null,
            "revenue": 282844,
            "revenue_4q": null,
            "common_shares": 850415,
            "book_valuer_per_share": 13.21,
            "book_valuer_per_share_4q_avg": 13.48,
            "equity": 1105538,
            "current_ratio": 113.09,
            "debt_ratio": 56.79,
            "inventory_turnover_ratio": 1,
            "account_receivable_turnover_ratio": 0.63,
            "reinvestment_rate": null,
            "research_to_sale_ratio": 4.38,
            "price_fair": 12.4,
            "eps_avg_yearly": 0.35,
            "eps_latest_yearly": 0.92,
            "eps_growth_yearly": 215.63
        },
        "20164": {
            "year_quarter": 20164,
            "year": 2016,
            "quarter": 4,
            "eps": 0.02,
            "eps_growth_year": -59.31,
            "eps_4q": 0.45,
            "eps_4q_growth_year": 115.03,
            "roe": 0.13,
            "roe_4q": 3.3299999999999996,
            "gross_profit": 69582,
            "gross_margin": 27.69,
            "gross_margin_4q_avg": 25.38,
            "net_income": 1440,
            "net_income_4q": null,
            "revenue": 251267,
            "revenue_4q": null,
            "common_shares": 850415,
            "book_valuer_per_share": 13.06,
            "book_valuer_per_share_4q_avg": 13.32,
            "equity": 1093514,
            "current_ratio": 108.59,
            "debt_ratio": 56.4,
            "inventory_turnover_ratio": 0.89,
            "account_receivable_turnover_ratio": 0.56,
            "reinvestment_rate": null,
            "research_to_sale_ratio": 4.4,
            "price_fair": 11.2,
            "eps_avg_yearly": 0.32,
            "eps_latest_yearly": 0.08,
            "eps_growth_yearly": 143.02
        },
        "20171": {
            "year_quarter": 20171,
            "year": 2017,
            "quarter": 1,
            "eps": 0.16,
            "eps_growth_year": 23.08,
            "eps_4q": 0.48,
            "eps_4q_growth_year": 67.93,
            "roe": 1.28,
            "roe_4q": 3.63,
            "gross_profit": 68229,
            "gross_margin": 27.31,
            "gross_margin_4q_avg": 25.9,
            "net_income": 13778,
            "net_income_4q": null,
            "revenue": 249861,
            "revenue_4q": null,
            "common_shares": 850415,
            "book_valuer_per_share": 12.56,
            "book_valuer_per_share_4q_avg": 13.06,
            "equity": 1051088,
            "current_ratio": 73.77,
            "debt_ratio": 57.55,
            "inventory_turnover_ratio": 0.86,
            "account_receivable_turnover_ratio": 0.56,
            "reinvestment_rate": 762.04,
            "research_to_sale_ratio": 6.18,
            "price_fair": 12.44,
            "eps_avg_yearly": 0.36,
            "eps_latest_yearly": 0.64,
            "eps_growth_yearly": 438.24
        },
        "20172": {
            "year_quarter": 20172,
            "year": 2017,
            "quarter": 2,
            "eps": 0.06,
            "eps_growth_year": 0,
            "eps_4q": 0.47,
            "eps_4q_growth_year": 73.15,
            "roe": 0.45,
            "roe_4q": 3.61,
            "gross_profit": 66621,
            "gross_margin": 22.78,
            "gross_margin_4q_avg": 25.99,
            "net_income": 4734,
            "net_income_4q": null,
            "revenue": 292512,
            "revenue_4q": null,
            "common_shares": 850415,
            "book_valuer_per_share": 12.56,
            "book_valuer_per_share_4q_avg": 12.85,
            "equity": 1051665,
            "current_ratio": 94.88,
            "debt_ratio": 63.9,
            "inventory_turnover_ratio": 1.11,
            "account_receivable_turnover_ratio": 0.62,
            "reinvestment_rate": 748.18,
            "research_to_sale_ratio": 4.6,
            "price_fair": 12.04,
            "eps_avg_yearly": 0.34,
            "eps_latest_yearly": 0.24,
            "eps_growth_yearly": 369.42
        },
        "20173": {
            "year_quarter": 20173,
            "year": 2017,
            "quarter": 3,
            "eps": 0.12,
            "eps_growth_year": -47.83,
            "eps_4q": 0.36,
            "eps_4q_growth_year": -24.4,
            "roe": 0.96,
            "roe_4q": 2.82,
            "gross_profit": 61349,
            "gross_margin": 23.16,
            "gross_margin_4q_avg": 25.24,
            "net_income": 10256,
            "net_income_4q": null,
            "revenue": 264936,
            "revenue_4q": null,
            "common_shares": 859637,
            "book_valuer_per_share": 12.91,
            "book_valuer_per_share_4q_avg": 12.77,
            "equity": 1092356,
            "current_ratio": 91.01,
            "debt_ratio": 62.54,
            "inventory_turnover_ratio": 1.08,
            "account_receivable_turnover_ratio": 0.53,
            "reinvestment_rate": 489.8,
            "research_to_sale_ratio": 4.99,
            "price_fair": 12.47,
            "eps_avg_yearly": 0.36,
            "eps_latest_yearly": 0.48,
            "eps_growth_yearly": 372.2
        },
        "20174": {
            "year_quarter": 20174,
            "year": 2017,
            "quarter": 4,
            "eps": 0.03,
            "eps_growth_year": 98.78,
            "eps_4q": 0.37,
            "eps_4q_growth_year": -16.31,
            "roe": 0.26,
            "roe_4q": 2.95,
            "gross_profit": 65040,
            "gross_margin": 24.39,
            "gross_margin_4q_avg": 24.41,
            "net_income": 2894,
            "net_income_4q": null,
            "revenue": 266691,
            "revenue_4q": null,
            "common_shares": 859637,
            "book_valuer_per_share": 12.97,
            "book_valuer_per_share_4q_avg": 12.75,
            "equity": 1097234,
            "current_ratio": 89.96,
            "debt_ratio": 62.94,
            "inventory_turnover_ratio": 1.07,
            "account_receivable_turnover_ratio": 0.55,
            "reinvestment_rate": 401.83,
            "research_to_sale_ratio": 6.97,
            "price_fair": 11.78,
            "eps_avg_yearly": 0.34,
            "eps_latest_yearly": 0.12,
            "eps_growth_yearly": 316.18
        },
        "20181": {
            "year_quarter": 20181,
            "year": 2018,
            "quarter": 1,
            "eps": -0.15,
            "eps_growth_year": -193.75,
            "eps_4q": 0.02,
            "eps_4q_growth_year": -95.02,
            "roe": -1.18,
            "roe_4q": 0.49000000000000005,
            "gross_profit": 51018,
            "gross_margin": 19.88,
            "gross_margin_4q_avg": 22.55,
            "net_income": -15329,
            "net_income_4q": null,
            "revenue": 256601,
            "revenue_4q": null,
            "common_shares": 1088050,
            "book_valuer_per_share": 13.93,
            "book_valuer_per_share_4q_avg": 13.09,
            "equity": 1497467,
            "current_ratio": 115.3,
            "debt_ratio": 46.76,
            "inventory_turnover_ratio": 1.04,
            "account_receivable_turnover_ratio": 0.55,
            "reinvestment_rate": 494.53,
            "research_to_sale_ratio": 6.94,
            "price_fair": 11.78,
            "eps_avg_yearly": 0.34,
            "eps_latest_yearly": 0.12,
            "eps_growth_yearly": 316.18
        },
        "20182": {
            "year_quarter": 20182,
            "year": 2018,
            "quarter": 2,
            "eps": -0.01,
            "eps_growth_year": -116.67,
            "eps_4q": -0.03,
            "eps_4q_growth_year": -106.92,
            "roe": -0.09,
            "roe_4q": -0.050000000000000044,
            "gross_profit": 78728,
            "gross_margin": 28.48,
            "gross_margin_4q_avg": 23.98,
            "net_income": -1341,
            "net_income_4q": null,
            "revenue": 276445,
            "revenue_4q": null,
            "common_shares": 1094148,
            "book_valuer_per_share": 13.82,
            "book_valuer_per_share_4q_avg": 13.41,
            "equity": 1493935,
            "current_ratio": 125.62,
            "debt_ratio": 46.93,
            "inventory_turnover_ratio": 0.9,
            "account_receivable_turnover_ratio": 0.6,
            "reinvestment_rate": 609.5,
            "research_to_sale_ratio": 5.83,
            "price_fair": 11.78,
            "eps_avg_yearly": 0.34,
            "eps_latest_yearly": 0.12,
            "eps_growth_yearly": 316.18
        },
        "20183": {
            "year_quarter": 20183,
            "year": 2018,
            "quarter": 3,
            "eps": 0.02,
            "eps_growth_year": -83.33,
            "eps_4q": -0.11,
            "eps_4q_growth_year": -129.81,
            "roe": 0.15,
            "roe_4q": -0.8599999999999999,
            "gross_profit": 71517,
            "gross_margin": 26.3,
            "gross_margin_4q_avg": 24.76,
            "net_income": 2277,
            "net_income_4q": null,
            "revenue": 271948,
            "revenue_4q": null,
            "common_shares": 1094148,
            "book_valuer_per_share": 13.5,
            "book_valuer_per_share_4q_avg": 13.56,
            "equity": 1459017,
            "current_ratio": 104.81,
            "debt_ratio": 48.9,
            "inventory_turnover_ratio": 0.84,
            "account_receivable_turnover_ratio": 0.57,
            "reinvestment_rate": 625.44,
            "research_to_sale_ratio": 6.4,
            "price_fair": 11.78,
            "eps_avg_yearly": 0.34,
            "eps_latest_yearly": 0.12,
            "eps_growth_yearly": 316.18
        },
        "20184": {
            "year_quarter": 20184,
            "year": 2018,
            "quarter": 4,
            "eps": -0.1,
            "eps_growth_year": -397.36,
            "eps_4q": -0.23,
            "eps_4q_growth_year": -162.77,
            "roe": -0.76,
            "roe_4q": -1.88,
            "gross_profit": 46781,
            "gross_margin": 21.47,
            "gross_margin_4q_avg": 24.03,
            "net_income": -10990,
            "net_income_4q": null,
            "revenue": 217937,
            "revenue_4q": null,
            "common_shares": 1080798,
            "book_valuer_per_share": 13.42,
            "book_valuer_per_share_4q_avg": 13.67,
            "equity": 1450350,
            "current_ratio": 120.7,
            "debt_ratio": 49.42,
            "inventory_turnover_ratio": 0.67,
            "account_receivable_turnover_ratio": 0.49,
            "reinvestment_rate": 830.74,
            "research_to_sale_ratio": 7.24,
            "price_fair": 11.78,
            "eps_avg_yearly": 0.34,
            "eps_latest_yearly": 0.12,
            "eps_growth_yearly": 316.18
        },
        "20191": {
            "year_quarter": 20191,
            "year": 2019,
            "quarter": 1,
            "eps": -0.6,
            "eps_growth_year": null,
            "eps_4q": -0.69,
            "eps_4q_growth_year": -2996.03,
            "roe": -4.49,
            "roe_4q": -5.1899999999999995,
            "gross_profit": -16298,
            "gross_margin": -11.85,
            "gross_margin_4q_avg": 16.1,
            "net_income": -64359,
            "net_income_4q": null,
            "revenue": 137561,
            "revenue_4q": null,
            "common_shares": 1080798,
            "book_valuer_per_share": 13.08,
            "book_valuer_per_share_4q_avg": 13.46,
            "equity": 1413998,
            "current_ratio": 99.23,
            "debt_ratio": 49.77,
            "inventory_turnover_ratio": 0.56,
            "account_receivable_turnover_ratio": 0.4,
            "reinvestment_rate": null,
            "research_to_sale_ratio": 10.94,
            "price_fair": 12.09,
            "eps_avg_yearly": 0.35,
            "eps_latest_yearly": 0.12,
            "eps_growth_yearly": 370.38
        },
        "20192": {
            "year_quarter": 20192,
            "year": 2019,
            "quarter": 2,
            "eps": -0.47,
            "eps_growth_year": null,
            "eps_4q": -1.15,
            "eps_4q_growth_year": null,
            "roe": -3.71,
            "roe_4q": -8.809999999999999,
            "gross_profit": 13061,
            "gross_margin": 7.24,
            "gross_margin_4q_avg": 10.79,
            "net_income": -51177,
            "net_income_4q": null,
            "revenue": 180464,
            "revenue_4q": null,
            "common_shares": 1080798,
            "book_valuer_per_share": 12.47,
            "book_valuer_per_share_4q_avg": 13.12,
            "equity": 1347418,
            "current_ratio": 95.67,
            "debt_ratio": 52.5,
            "inventory_turnover_ratio": 0.59,
            "account_receivable_turnover_ratio": 0.68,
            "reinvestment_rate": null,
            "research_to_sale_ratio": 9.98,
            "price_fair": 12.32,
            "eps_avg_yearly": 0.35,
            "eps_latest_yearly": 0.12,
            "eps_growth_yearly": 400.75
        },
        "20193": {
            "year_quarter": 20193,
            "year": 2019,
            "quarter": 3,
            "eps": -0.49,
            "eps_growth_year": -2550,
            "eps_4q": -1.66,
            "eps_4q_growth_year": null,
            "roe": -4.06,
            "roe_4q": -13.02,
            "gross_profit": 7800,
            "gross_margin": 4.41,
            "gross_margin_4q_avg": 5.32,
            "net_income": -53003,
            "net_income_4q": null,
            "revenue": 176792,
            "revenue_4q": null,
            "common_shares": 1080798,
            "book_valuer_per_share": 11.68,
            "book_valuer_per_share_4q_avg": 12.66,
            "equity": 1262474,
            "current_ratio": 81.47,
            "debt_ratio": 55.03,
            "inventory_turnover_ratio": 0.62,
            "account_receivable_turnover_ratio": 0.65,
            "reinvestment_rate": null,
            "research_to_sale_ratio": 8.74,
            "price_fair": 13.22,
            "eps_avg_yearly": 0.38,
            "eps_latest_yearly": 0.12,
            "eps_growth_yearly": 470.67
        },
        "20194": {
            "year_quarter": 20194,
            "year": 2019,
            "quarter": 4,
            "eps": -0.01,
            "eps_growth_year": null,
            "eps_4q": -1.57,
            "eps_4q_growth_year": null,
            "roe": -0.11,
            "roe_4q": -12.370000000000001,
            "gross_profit": 47527,
            "gross_margin": 20.08,
            "gross_margin_4q_avg": 4.97,
            "net_income": -1407,
            "net_income_4q": null,
            "revenue": 236657,
            "revenue_4q": null,
            "common_shares": 1080798,
            "book_valuer_per_share": 11.05,
            "book_valuer_per_share_4q_avg": 12.07,
            "equity": 1194668,
            "current_ratio": 122.3,
            "debt_ratio": 59.1,
            "inventory_turnover_ratio": 0.82,
            "account_receivable_turnover_ratio": 0.76,
            "reinvestment_rate": null,
            "research_to_sale_ratio": 4.61,
            "price_fair": 14.18,
            "eps_avg_yearly": 0.41,
            "eps_latest_yearly": 0.12,
            "eps_growth_yearly": 512.84
        },
        "20201": {
            "year_quarter": 20201,
            "year": 2020,
            "quarter": 1,
            "eps": -0.25,
            "eps_growth_year": null,
            "eps_4q": -1.23,
            "eps_4q_growth_year": null,
            "roe": -2.29,
            "roe_4q": -10.169999999999998,
            "gross_profit": 26651,
            "gross_margin": 14.54,
            "gross_margin_4q_avg": 11.57,
            "net_income": -26950,
            "net_income_4q": null,
            "revenue": 183238,
            "revenue_4q": null,
            "common_shares": 1080798,
            "book_valuer_per_share": 10.73,
            "book_valuer_per_share_4q_avg": 11.48,
            "equity": 1159237,
            "current_ratio": 107.08,
            "debt_ratio": 60.34,
            "inventory_turnover_ratio": 0.8,
            "account_receivable_turnover_ratio": 0.55,
            "reinvestment_rate": null,
            "research_to_sale_ratio": 7.52,
            "price_fair": 13.6,
            "eps_avg_yearly": 0.39,
            "eps_latest_yearly": 0.12,
            "eps_growth_yearly": 457.53
        },
        "20202": {
            "year_quarter": 20202,
            "year": 2020,
            "quarter": 2,
            "eps": -0.05,
            "eps_growth_year": null,
            "eps_4q": -0.8,
            "eps_4q_growth_year": null,
            "roe": -0.43,
            "roe_4q": -6.89,
            "gross_profit": 64917,
            "gross_margin": 27.99,
            "gross_margin_4q_avg": 16.76,
            "net_income": -4942,
            "net_income_4q": null,
            "revenue": 231969,
            "revenue_4q": null,
            "common_shares": 1080798,
            "book_valuer_per_share": 10.46,
            "book_valuer_per_share_4q_avg": 10.98,
            "equity": 1130618,
            "current_ratio": 105.49,
            "debt_ratio": 60.57,
            "inventory_turnover_ratio": 0.94,
            "account_receivable_turnover_ratio": 0.71,
            "reinvestment_rate": null,
            "research_to_sale_ratio": 5.57,
            "price_fair": 14.47,
            "eps_avg_yearly": 0.41,
            "eps_latest_yearly": 0.12,
            "eps_growth_yearly": 569.69
        },
        "20203": {
            "year_quarter": 20203,
            "year": 2020,
            "quarter": 3,
            "eps": -0.46,
            "eps_growth_year": null,
            "eps_4q": -0.77,
            "eps_4q_growth_year": null,
            "roe": -4.44,
            "roe_4q": -7.2700000000000005,
            "gross_profit": 60588,
            "gross_margin": 28.33,
            "gross_margin_4q_avg": 22.74,
            "net_income": -49695,
            "net_income_4q": null,
            "revenue": 213895,
            "revenue_4q": null,
            "common_shares": 1080798,
            "book_valuer_per_share": 10.23,
            "book_valuer_per_share_4q_avg": 10.62,
            "equity": 1105357,
            "current_ratio": 96.48,
            "debt_ratio": 63.21,
            "inventory_turnover_ratio": 0.84,
            "account_receivable_turnover_ratio": 0.61,
            "reinvestment_rate": null,
            "research_to_sale_ratio": 6.42,
            "price_fair": 10.92,
            "eps_avg_yearly": 0.31,
            "eps_latest_yearly": 0.12,
            "eps_growth_yearly": 456.96
        },
        "20204": {
            "year_quarter": 20204,
            "year": 2020,
            "quarter": 4,
            "eps": -0.19,
            "eps_growth_year": null,
            "eps_4q": -0.95,
            "eps_4q_growth_year": null,
            "roe": -1.87,
            "roe_4q": -9.030000000000001,
            "gross_profit": 58004,
            "gross_margin": 23.94,
            "gross_margin_4q_avg": 23.7,
            "net_income": -20734,
            "net_income_4q": null,
            "revenue": 242279,
            "revenue_4q": null,
            "common_shares": 1080798,
            "book_valuer_per_share": 10.25,
            "book_valuer_per_share_4q_avg": 10.42,
            "equity": 1107908,
            "current_ratio": 117.73,
            "debt_ratio": 64.96,
            "inventory_turnover_ratio": 0.99,
            "account_receivable_turnover_ratio": 0.66,
            "reinvestment_rate": null,
            "research_to_sale_ratio": 6.07,
            "price_fair": 12.95,
            "eps_avg_yearly": 0.37,
            "eps_latest_yearly": 0.12,
            "eps_growth_yearly": 662.5
        },
        "20211": {
            "year_quarter": 20211,
            "year": 2021,
            "quarter": 1,
            "eps": 0.09,
            "eps_growth_year": null,
            "eps_4q": -0.61,
            "eps_4q_growth_year": null,
            "roe": 0.84,
            "roe_4q": -5.9,
            "gross_profit": 62498,
            "gross_margin": 25.84,
            "gross_margin_4q_avg": 26.53,
            "net_income": 9267,
            "net_income_4q": null,
            "revenue": 241833,
            "revenue_4q": null,
            "common_shares": 1080798,
            "book_valuer_per_share": 10.28,
            "book_valuer_per_share_4q_avg": 10.31,
            "equity": 1110542,
            "current_ratio": 125.74,
            "debt_ratio": 63.15,
            "inventory_turnover_ratio": 1.03,
            "account_receivable_turnover_ratio": 0.64,
            "reinvestment_rate": null,
            "research_to_sale_ratio": 4.9,
            "price_fair": 0.84,
            "eps_avg_yearly": 0.28,
            "eps_latest_yearly": 0.12,
            "eps_growth_yearly": -50
        },
        "20212": {
            "year_quarter": 20212,
            "year": 2021,
            "quarter": 2,
            "eps": 0.18,
            "eps_growth_year": null,
            "eps_4q": -0.38,
            "eps_4q_growth_year": null,
            "roe": 1.76,
            "roe_4q": -3.7100000000000004,
            "gross_profit": 90854,
            "gross_margin": 33.55,
            "gross_margin_4q_avg": 27.92,
            "net_income": 19656,
            "net_income_4q": null,
            "revenue": 270838,
            "revenue_4q": null,
            "common_shares": 1080798,
            "book_valuer_per_share": 10.37,
            "book_valuer_per_share_4q_avg": 10.28,
            "equity": 1120706,
            "current_ratio": 124.44,
            "debt_ratio": 63.06,
            "inventory_turnover_ratio": 1.07,
            "account_receivable_turnover_ratio": 0.68,
            "reinvestment_rate": null,
            "research_to_sale_ratio": 4.93,
            "price_fair": 15.4,
            "eps_avg_yearly": 0.44,
            "eps_latest_yearly": 0.72,
            "eps_growth_yearly": 166.67
        },
        "20213": {
            "year_quarter": 20213,
            "year": 2021,
            "quarter": 3,
            "eps": 0.2,
            "eps_growth_year": null,
            "eps_4q": 0.27,
            "eps_4q_growth_year": null,
            "roe": 1.89,
            "roe_4q": 2.62,
            "gross_profit": 87616,
            "gross_margin": 31.88,
            "gross_margin_4q_avg": 28.8,
            "net_income": 21333,
            "net_income_4q": null,
            "revenue": 274859,
            "revenue_4q": null,
            "common_shares": 1080798,
            "book_valuer_per_share": 10.51,
            "book_valuer_per_share_4q_avg": 10.35,
            "equity": 1136363,
            "current_ratio": 121.32,
            "debt_ratio": 63.51,
            "inventory_turnover_ratio": 1.1,
            "account_receivable_turnover_ratio": 0.67,
            "reinvestment_rate": null,
            "research_to_sale_ratio": 6.25,
            "price_fair": 19.13,
            "eps_avg_yearly": 0.55,
            "eps_latest_yearly": 0.8,
            "eps_growth_yearly": 48.15
        },
        "20214": {
            "year_quarter": 20214,
            "year": 2021,
            "quarter": 4,
            "eps": 0.01,
            "eps_growth_year": null,
            "eps_4q": 0.47,
            "eps_4q_growth_year": null,
            "roe": 0.05,
            "roe_4q": 4.54,
            "gross_profit": 81190,
            "gross_margin": 33.02,
            "gross_margin_4q_avg": 31.07,
            "net_income": 578,
            "net_income_4q": null,
            "revenue": 245899,
            "revenue_4q": null,
            "common_shares": 1080798,
            "book_valuer_per_share": 10.63,
            "book_valuer_per_share_4q_avg": 10.45,
            "equity": 1148625,
            "current_ratio": 88.43,
            "debt_ratio": 64.06,
            "inventory_turnover_ratio": 0.89,
            "account_receivable_turnover_ratio": 0.61,
            "reinvestment_rate": null,
            "research_to_sale_ratio": 5.99,
            "price_fair": 16.37,
            "eps_avg_yearly": 0.52,
            "eps_latest_yearly": 0.04,
            "eps_growth_yearly": 21.48
        },
        "20221": {
            "year_quarter": 20221,
            "year": 2022,
            "quarter": 1,
            "eps": 0.03,
            "eps_growth_year": -66.67,
            "eps_4q": 0.41,
            "eps_4q_growth_year": null,
            "roe": 0.23,
            "roe_4q": 3.9299999999999997,
            "gross_profit": 77233,
            "gross_margin": 30.35,
            "gross_margin_4q_avg": 32.2,
            "net_income": 2719,
            "net_income_4q": null,
            "revenue": 254478,
            "revenue_4q": null,
            "common_shares": 1080798,
            "book_valuer_per_share": 11.16,
            "book_valuer_per_share_4q_avg": 10.67,
            "equity": 1206399,
            "current_ratio": 88.26,
            "debt_ratio": 67.84,
            "inventory_turnover_ratio": 0.83,
            "account_receivable_turnover_ratio": 0.64,
            "reinvestment_rate": null,
            "research_to_sale_ratio": 4.71,
            "price_fair": 14.7,
            "eps_avg_yearly": 0.42,
            "eps_latest_yearly": 0.12,
            "eps_growth_yearly": 216.11
        },
        "20222": {
            "year_quarter": 20222,
            "year": 2022,
            "quarter": 2,
            "eps": -0.13,
            "eps_growth_year": -172.22,
            "eps_4q": 0.1,
            "eps_4q_growth_year": null,
            "roe": -1.19,
            "roe_4q": 0.98,
            "gross_profit": 47479,
            "gross_margin": 23.02,
            "gross_margin_4q_avg": 29.57,
            "net_income": -14172,
            "net_income_4q": null,
            "revenue": 206275,
            "revenue_4q": null,
            "common_shares": 1080798,
            "book_valuer_per_share": 10.81,
            "book_valuer_per_share_4q_avg": 10.78,
            "equity": 1168175,
            "current_ratio": 95.69,
            "debt_ratio": 68.1,
            "inventory_turnover_ratio": 0.66,
            "account_receivable_turnover_ratio": 0.56,
            "reinvestment_rate": null,
            "research_to_sale_ratio": 6.94,
            "price_fair": 14.7,
            "eps_avg_yearly": 0.42,
            "eps_latest_yearly": 0.12,
            "eps_growth_yearly": 216.11
        },
        "20223": {
            "year_quarter": 20223,
            "year": 2022,
            "quarter": 3,
            "eps": 0,
            "eps_growth_year": -100,
            "eps_4q": -0.1,
            "eps_4q_growth_year": -137.42,
            "roe": -0.01,
            "roe_4q": -0.9199999999999999,
            "gross_profit": 19003,
            "gross_margin": 13.21,
            "gross_margin_4q_avg": 24.9,
            "net_income": -173,
            "net_income_4q": null,
            "revenue": 143809,
            "revenue_4q": null,
            "common_shares": 1080798,
            "book_valuer_per_share": 10.94,
            "book_valuer_per_share_4q_avg": 10.89,
            "equity": 1182877,
            "current_ratio": 99.58,
            "debt_ratio": 68.89,
            "inventory_turnover_ratio": 0.45,
            "account_receivable_turnover_ratio": 0.49,
            "reinvestment_rate": null,
            "research_to_sale_ratio": 10.09,
            "price_fair": 14.7,
            "eps_avg_yearly": 0.42,
            "eps_latest_yearly": 0.12,
            "eps_growth_yearly": 216.11
        },
        "20224": {
            "year_quarter": 20224,
            "year": 2022,
            "quarter": 4,
            "eps": -0.2,
            "eps_growth_year": -3880.2,
            "eps_4q": -0.31,
            "eps_4q_growth_year": -165.85,
            "roe": -1.88,
            "roe_4q": -2.85,
            "gross_profit": 25268,
            "gross_margin": 14.12,
            "gross_margin_4q_avg": 20.18,
            "net_income": -21850,
            "net_income_4q": null,
            "revenue": 178950,
            "revenue_4q": null,
            "common_shares": 1080798,
            "book_valuer_per_share": 10.52,
            "book_valuer_per_share_4q_avg": 10.86,
            "equity": 1136915,
            "current_ratio": 112.24,
            "debt_ratio": 66.97,
            "inventory_turnover_ratio": 0.5,
            "account_receivable_turnover_ratio": 0.7,
            "reinvestment_rate": null,
            "research_to_sale_ratio": 7.63,
            "price_fair": 14.7,
            "eps_avg_yearly": 0.42,
            "eps_latest_yearly": 0.12,
            "eps_growth_yearly": 216.11
        },
        "20231": {
            "year_quarter": 20231,
            "year": 2023,
            "quarter": 1,
            "eps": -0.48,
            "eps_growth_year": -1700,
            "eps_4q": -0.82,
            "eps_4q_growth_year": -300,
            "roe": -4.7,
            "roe_4q": -7.779999999999999,
            "gross_profit": 23695,
            "gross_margin": 12.28,
            "gross_margin_4q_avg": 15.66,
            "net_income": -52379,
            "net_income_4q": null,
            "revenue": 192900,
            "revenue_4q": null,
            "common_shares": 1080798,
            "book_valuer_per_share": 10.1,
            "book_valuer_per_share_4q_avg": 10.59,
            "equity": 1091455,
            "current_ratio": 104.21,
            "debt_ratio": 67.46,
            "inventory_turnover_ratio": 0.58,
            "account_receivable_turnover_ratio": 0.72,
            "reinvestment_rate": null,
            "research_to_sale_ratio": 7.59,
            "price_fair": 14.7,
            "eps_avg_yearly": 0.42,
            "eps_latest_yearly": 0.12,
            "eps_growth_yearly": 216.11
        },
        "20232": {
            "year_quarter": 20232,
            "year": 2023,
            "quarter": 2,
            "eps": 1.4,
            "eps_growth_year": null,
            "eps_4q": 0.71,
            "eps_4q_growth_year": 630.91,
            "roe": 13.17,
            "roe_4q": 6.579999999999999,
            "gross_profit": 48273,
            "gross_margin": 22.48,
            "gross_margin_4q_avg": 15.52,
            "net_income": 150841,
            "net_income_4q": null,
            "revenue": 214722,
            "revenue_4q": null,
            "common_shares": 1080798,
            "book_valuer_per_share": 11.1,
            "book_valuer_per_share_4q_avg": 10.67,
            "equity": 1199462,
            "current_ratio": 139.17,
            "debt_ratio": 62.99,
            "inventory_turnover_ratio": 0.59,
            "account_receivable_turnover_ratio": 0.7,
            "reinvestment_rate": null,
            "research_to_sale_ratio": 6.06,
            "price_fair": 14.7,
            "eps_avg_yearly": 0.42,
            "eps_latest_yearly": 0.12,
            "eps_growth_yearly": 216.11
        },
        "20233": {
            "year_quarter": 20233,
            "year": 2023,
            "quarter": 3,
            "eps": 0.96,
            "eps_growth_year": null,
            "eps_4q": 1.67,
            "eps_4q_growth_year": null,
            "roe": 8.08,
            "roe_4q": 14.670000000000002,
            "gross_profit": 47228,
            "gross_margin": 23.44,
            "gross_margin_4q_avg": 18.08,
            "net_income": 104039,
            "net_income_4q": null,
            "revenue": 201525,
            "revenue_4q": null,
            "common_shares": 1080798,
            "book_valuer_per_share": 12.72,
            "book_valuer_per_share_4q_avg": 11.11,
            "equity": 1374841,
            "current_ratio": 155.09,
            "debt_ratio": 61.3,
            "inventory_turnover_ratio": 0.52,
            "account_receivable_turnover_ratio": 0.65,
            "reinvestment_rate": -168.45,
            "research_to_sale_ratio": 13.11,
            "price_fair": 38.64,
            "eps_avg_yearly": 1.1,
            "eps_latest_yearly": 3.84,
            "eps_growth_yearly": 147.75
        }
    },
    "months": {
        "2002-01": {
            "month": "2002-01",
            "price": "34.22",
            "revenue": 20639
        },
        "2002-02": {
            "month": "2002-02",
            "price": "34.16",
            "revenue": 15952
        },
        "2002-03": {
            "month": "2002-03",
            "price": "34.82",
            "revenue": 24887
        },
        "2002-04": {
            "month": "2002-04",
            "price": "37.96",
            "revenue": 35330
        },
        "2002-05": {
            "month": "2002-05",
            "price": "34.39",
            "revenue": 34321
        },
        "2002-06": {
            "month": "2002-06",
            "price": "28.18",
            "revenue": 30467
        },
        "2002-07": {
            "month": "2002-07",
            "price": "19.96",
            "revenue": 20180
        },
        "2002-08": {
            "month": "2002-08",
            "price": "18.49",
            "revenue": 13489
        },
        "2002-09": {
            "month": "2002-09",
            "price": "16.02",
            "revenue": 15124
        },
        "2002-10": {
            "month": "2002-10",
            "price": "12.35",
            "revenue": 19109
        },
        "2002-11": {
            "month": "2002-11",
            "price": "16.18",
            "revenue": 22160
        },
        "2002-12": {
            "month": "2002-12",
            "price": "23.23",
            "revenue": 13348
        },
        "2003-01": {
            "month": "2003-01",
            "price": "26.61",
            "revenue": 29232
        },
        "2003-02": {
            "month": "2003-02",
            "price": "25.14",
            "revenue": 23207
        },
        "2003-03": {
            "month": "2003-03",
            "price": "21.20",
            "revenue": 28177
        },
        "2003-04": {
            "month": "2003-04",
            "price": "15.57",
            "revenue": 36907
        },
        "2003-05": {
            "month": "2003-05",
            "price": "10.96",
            "revenue": 23536
        },
        "2003-06": {
            "month": "2003-06",
            "price": "13.95",
            "revenue": 27183
        },
        "2003-07": {
            "month": "2003-07",
            "price": "13.15",
            "revenue": 25300
        },
        "2003-08": {
            "month": "2003-08",
            "price": "11.30",
            "revenue": 36183
        },
        "2003-09": {
            "month": "2003-09",
            "price": "11.52",
            "revenue": 36241
        },
        "2003-10": {
            "month": "2003-10",
            "price": "11.30",
            "revenue": 25775
        },
        "2003-11": {
            "month": "2003-11",
            "price": "11.48",
            "revenue": 30205
        },
        "2003-12": {
            "month": "2003-12",
            "price": "12.72",
            "revenue": 28446
        },
        "2004-01": {
            "month": "2004-01",
            "price": "14.15",
            "revenue": 25254
        },
        "2004-02": {
            "month": "2004-02",
            "price": "13.79",
            "revenue": 29811
        },
        "2004-03": {
            "month": "2004-03",
            "price": "13.47",
            "revenue": 36954
        },
        "2004-04": {
            "month": "2004-04",
            "price": "15.16",
            "revenue": 34461
        },
        "2004-05": {
            "month": "2004-05",
            "price": "13.53",
            "revenue": 40335
        },
        "2004-06": {
            "month": "2004-06",
            "price": "12.81",
            "revenue": 26109
        },
        "2004-07": {
            "month": "2004-07",
            "price": "11.54",
            "revenue": 35816
        },
        "2004-08": {
            "month": "2004-08",
            "price": "12.58",
            "revenue": 35265
        },
        "2004-09": {
            "month": "2004-09",
            "price": "11.28",
            "revenue": 24905
        },
        "2004-10": {
            "month": "2004-10",
            "price": "9.75",
            "revenue": 21500
        },
        "2004-11": {
            "month": "2004-11",
            "price": "8.27",
            "revenue": 23486
        },
        "2004-12": {
            "month": "2004-12",
            "price": "7.86",
            "revenue": 18419
        },
        "2005-01": {
            "month": "2005-01",
            "price": "6.50",
            "revenue": 30000
        },
        "2005-02": {
            "month": "2005-02",
            "price": "7.46",
            "revenue": 23850
        },
        "2005-03": {
            "month": "2005-03",
            "price": "8.73",
            "revenue": 35727
        },
        "2005-04": {
            "month": "2005-04",
            "price": "8.35",
            "revenue": 30075
        },
        "2005-05": {
            "month": "2005-05",
            "price": "7.14",
            "revenue": 31544
        },
        "2005-06": {
            "month": "2005-06",
            "price": "7.61",
            "revenue": 29019
        },
        "2005-07": {
            "month": "2005-07",
            "price": "7.31",
            "revenue": 27226
        },
        "2005-08": {
            "month": "2005-08",
            "price": "6.55",
            "revenue": 39386
        },
        "2005-09": {
            "month": "2005-09",
            "price": "5.91",
            "revenue": 37995
        },
        "2005-10": {
            "month": "2005-10",
            "price": "4.75",
            "revenue": 43416
        },
        "2005-11": {
            "month": "2005-11",
            "price": "5.63",
            "revenue": 41128
        },
        "2005-12": {
            "month": "2005-12",
            "price": "6.48",
            "revenue": 30211
        },
        "2006-01": {
            "month": "2006-01",
            "price": "7.03",
            "revenue": 35200
        },
        "2006-02": {
            "month": "2006-02",
            "price": "6.36",
            "revenue": 39501
        },
        "2006-03": {
            "month": "2006-03",
            "price": "6.27",
            "revenue": 39567
        },
        "2006-04": {
            "month": "2006-04",
            "price": "7.45",
            "revenue": 56041
        },
        "2006-05": {
            "month": "2006-05",
            "price": "7.98",
            "revenue": 57599
        },
        "2006-06": {
            "month": "2006-06",
            "price": "7.90",
            "revenue": 54966
        },
        "2006-07": {
            "month": "2006-07",
            "price": "7.38",
            "revenue": 59827
        },
        "2006-08": {
            "month": "2006-08",
            "price": "8.63",
            "revenue": 58891
        },
        "2006-09": {
            "month": "2006-09",
            "price": "9.75",
            "revenue": 58651
        },
        "2006-10": {
            "month": "2006-10",
            "price": "12.74",
            "revenue": 55803
        },
        "2006-11": {
            "month": "2006-11",
            "price": "13.23",
            "revenue": 45445
        },
        "2006-12": {
            "month": "2006-12",
            "price": "12.60",
            "revenue": 40469
        },
        "2007-01": {
            "month": "2007-01",
            "price": "13.66",
            "revenue": 38099
        },
        "2007-02": {
            "month": "2007-02",
            "price": "13.93",
            "revenue": 40017
        },
        "2007-03": {
            "month": "2007-03",
            "price": "15.74",
            "revenue": 40623
        },
        "2007-04": {
            "month": "2007-04",
            "price": "18.10",
            "revenue": 53340
        },
        "2007-05": {
            "month": "2007-05",
            "price": "17.86",
            "revenue": 51545
        },
        "2007-06": {
            "month": "2007-06",
            "price": "19.52",
            "revenue": 44851
        },
        "2007-07": {
            "month": "2007-07",
            "price": "21.04",
            "revenue": 58722
        },
        "2007-08": {
            "month": "2007-08",
            "price": "20.18",
            "revenue": 50715
        },
        "2007-09": {
            "month": "2007-09",
            "price": "16.13",
            "revenue": 53504
        },
        "2007-10": {
            "month": "2007-10",
            "price": "14.18",
            "revenue": 53796
        },
        "2007-11": {
            "month": "2007-11",
            "price": "13.95",
            "revenue": 45402
        },
        "2007-12": {
            "month": "2007-12",
            "price": "11.65",
            "revenue": 53515
        },
        "2008-01": {
            "month": "2008-01",
            "price": "11.05",
            "revenue": 47876
        },
        "2008-02": {
            "month": "2008-02",
            "price": "10.37",
            "revenue": 49719
        },
        "2008-03": {
            "month": "2008-03",
            "price": "10.79",
            "revenue": 58899
        },
        "2008-04": {
            "month": "2008-04",
            "price": "12.18",
            "revenue": 53679
        },
        "2008-05": {
            "month": "2008-05",
            "price": "13.59",
            "revenue": 61312
        },
        "2008-06": {
            "month": "2008-06",
            "price": "11.15",
            "revenue": 55888
        },
        "2008-07": {
            "month": "2008-07",
            "price": "8.57",
            "revenue": 71488
        },
        "2008-08": {
            "month": "2008-08",
            "price": "9.17",
            "revenue": 80075
        },
        "2008-09": {
            "month": "2008-09",
            "price": "8.84",
            "revenue": 61567
        },
        "2008-10": {
            "month": "2008-10",
            "price": "7.17",
            "revenue": 45702
        },
        "2008-11": {
            "month": "2008-11",
            "price": "5.44",
            "revenue": 37209
        },
        "2008-12": {
            "month": "2008-12",
            "price": "5.74",
            "revenue": 54662
        },
        "2009-01": {
            "month": "2009-01",
            "price": "5.83",
            "revenue": 17187
        },
        "2009-02": {
            "month": "2009-02",
            "price": "6.83",
            "revenue": 31156
        },
        "2009-03": {
            "month": "2009-03",
            "price": "7.30",
            "revenue": 36830
        },
        "2009-04": {
            "month": "2009-04",
            "price": "7.68",
            "revenue": 64689
        },
        "2009-05": {
            "month": "2009-05",
            "price": "7.94",
            "revenue": 63777
        },
        "2009-06": {
            "month": "2009-06",
            "price": "8.15",
            "revenue": 53809
        },
        "2009-07": {
            "month": "2009-07",
            "price": "8.52",
            "revenue": 49176
        },
        "2009-08": {
            "month": "2009-08",
            "price": "8.64",
            "revenue": 61923
        },
        "2009-09": {
            "month": "2009-09",
            "price": "9.65",
            "revenue": 72297
        },
        "2009-10": {
            "month": "2009-10",
            "price": "13.01",
            "revenue": 53771
        },
        "2009-11": {
            "month": "2009-11",
            "price": "13.68",
            "revenue": 61495
        },
        "2009-12": {
            "month": "2009-12",
            "price": "15.48",
            "revenue": 73241
        },
        "2010-01": {
            "month": "2010-01",
            "price": "16.94",
            "revenue": 83787
        },
        "2010-02": {
            "month": "2010-02",
            "price": "14.12",
            "revenue": 70950
        },
        "2010-03": {
            "month": "2010-03",
            "price": "16.32",
            "revenue": 97805
        },
        "2010-04": {
            "month": "2010-04",
            "price": "23.88",
            "revenue": 100545
        },
        "2010-05": {
            "month": "2010-05",
            "price": "22.23",
            "revenue": 101039
        },
        "2010-06": {
            "month": "2010-06",
            "price": "20.29",
            "revenue": 102520
        },
        "2010-07": {
            "month": "2010-07",
            "price": "23.37",
            "revenue": 120458
        },
        "2010-08": {
            "month": "2010-08",
            "price": "27.11",
            "revenue": 140784
        },
        "2010-09": {
            "month": "2010-09",
            "price": "26.71",
            "revenue": 126812
        },
        "2010-10": {
            "month": "2010-10",
            "price": "24.54",
            "revenue": 130585
        },
        "2010-11": {
            "month": "2010-11",
            "price": "21.32",
            "revenue": 116912
        },
        "2010-12": {
            "month": "2010-12",
            "price": "23.70",
            "revenue": 109788
        },
        "2011-01": {
            "month": "2011-01",
            "price": "23.68",
            "revenue": 97291
        },
        "2011-02": {
            "month": "2011-02",
            "price": "26.34",
            "revenue": 77093
        },
        "2011-03": {
            "month": "2011-03",
            "price": "28.69",
            "revenue": 121985
        },
        "2011-04": {
            "month": "2011-04",
            "price": "26.93",
            "revenue": 102107
        },
        "2011-05": {
            "month": "2011-05",
            "price": "23.52",
            "revenue": 98652
        },
        "2011-06": {
            "month": "2011-06",
            "price": "23.17",
            "revenue": 77417
        },
        "2011-07": {
            "month": "2011-07",
            "price": "20.48",
            "revenue": 82959
        },
        "2011-08": {
            "month": "2011-08",
            "price": "15.30",
            "revenue": 78854
        },
        "2011-09": {
            "month": "2011-09",
            "price": "13.29",
            "revenue": 52641
        },
        "2011-10": {
            "month": "2011-10",
            "price": "11.40",
            "revenue": 56320
        },
        "2011-11": {
            "month": "2011-11",
            "price": "9.92",
            "revenue": 59240
        },
        "2011-12": {
            "month": "2011-12",
            "price": "9.16",
            "revenue": 56632
        },
        "2012-01": {
            "month": "2012-01",
            "price": "9.56",
            "revenue": 45280
        },
        "2012-02": {
            "month": "2012-02",
            "price": "13.38",
            "revenue": 51156
        },
        "2012-03": {
            "month": "2012-03",
            "price": "13.38",
            "revenue": 68648
        },
        "2012-04": {
            "month": "2012-04",
            "price": "10.87",
            "revenue": 72379
        },
        "2012-05": {
            "month": "2012-05",
            "price": "10.12",
            "revenue": 69787
        },
        "2012-06": {
            "month": "2012-06",
            "price": "9.29",
            "revenue": 73006
        },
        "2012-07": {
            "month": "2012-07",
            "price": "9.23",
            "revenue": 71419
        },
        "2012-08": {
            "month": "2012-08",
            "price": "8.90",
            "revenue": 58704
        },
        "2012-09": {
            "month": "2012-09",
            "price": "8.98",
            "revenue": 66125
        },
        "2012-10": {
            "month": "2012-10",
            "price": "9.09",
            "revenue": 65876
        },
        "2012-11": {
            "month": "2012-11",
            "price": "8.08",
            "revenue": 59734
        },
        "2012-12": {
            "month": "2012-12",
            "price": "8.27",
            "revenue": 60119
        },
        "2013-01": {
            "month": "2013-01",
            "price": "8.87",
            "revenue": 68190
        },
        "2013-02": {
            "month": "2013-02",
            "price": "8.89",
            "revenue": 47409
        },
        "2013-03": {
            "month": "2013-03",
            "price": "9.98",
            "revenue": 77951
        },
        "2013-04": {
            "month": "2013-04",
            "price": "9.58",
            "revenue": 88387
        },
        "2013-05": {
            "month": "2013-05",
            "price": "9.88",
            "revenue": 79780
        },
        "2013-06": {
            "month": "2013-06",
            "price": "9.72",
            "revenue": 85069
        },
        "2013-07": {
            "month": "2013-07",
            "price": "9.39",
            "revenue": 80572
        },
        "2013-08": {
            "month": "2013-08",
            "price": "9.04",
            "revenue": 81680
        },
        "2013-09": {
            "month": "2013-09",
            "price": "9.71",
            "revenue": 81186
        },
        "2013-10": {
            "month": "2013-10",
            "price": "10.51",
            "revenue": 84160
        },
        "2013-11": {
            "month": "2013-11",
            "price": "10.52",
            "revenue": 66692
        },
        "2013-12": {
            "month": "2013-12",
            "price": "10.39",
            "revenue": 67678
        },
        "2014-01": {
            "month": "2014-01",
            "price": "13.06",
            "revenue": 85256
        },
        "2014-02": {
            "month": "2014-02",
            "price": "14.63",
            "revenue": 76426
        },
        "2014-03": {
            "month": "2014-03",
            "price": "14.71",
            "revenue": 79134
        },
        "2014-04": {
            "month": "2014-04",
            "price": "14.02",
            "revenue": 89801
        },
        "2014-05": {
            "month": "2014-05",
            "price": "13.08",
            "revenue": 85571
        },
        "2014-06": {
            "month": "2014-06",
            "price": "13.74",
            "revenue": 86394
        },
        "2014-07": {
            "month": "2014-07",
            "price": "13.09",
            "revenue": 100782
        },
        "2014-08": {
            "month": "2014-08",
            "price": "14.74",
            "revenue": 83088
        },
        "2014-09": {
            "month": "2014-09",
            "price": "15.44",
            "revenue": 88386
        },
        "2014-10": {
            "month": "2014-10",
            "price": "14.06",
            "revenue": 91823
        },
        "2014-11": {
            "month": "2014-11",
            "price": "13.12",
            "revenue": 84558
        },
        "2014-12": {
            "month": "2014-12",
            "price": "13.36",
            "revenue": 92586
        },
        "2015-01": {
            "month": "2015-01",
            "price": "14.29",
            "revenue": 88824
        },
        "2015-02": {
            "month": "2015-02",
            "price": "14.24",
            "revenue": 87100
        },
        "2015-03": {
            "month": "2015-03",
            "price": "14.48",
            "revenue": 103801
        },
        "2015-04": {
            "month": "2015-04",
            "price": "15.81",
            "revenue": 85579
        },
        "2015-05": {
            "month": "2015-05",
            "price": "14.63",
            "revenue": 95845
        },
        "2015-06": {
            "month": "2015-06",
            "price": "12.75",
            "revenue": 92492
        },
        "2015-07": {
            "month": "2015-07",
            "price": "11.26",
            "revenue": 85994
        },
        "2015-08": {
            "month": "2015-08",
            "price": "9.73",
            "revenue": 80774
        },
        "2015-09": {
            "month": "2015-09",
            "price": "10.28",
            "revenue": 97204
        },
        "2015-10": {
            "month": "2015-10",
            "price": "10.72",
            "revenue": 82452
        },
        "2015-11": {
            "month": "2015-11",
            "price": "10.11",
            "revenue": 72407
        },
        "2015-12": {
            "month": "2015-12",
            "price": "9.37",
            "revenue": 100119
        },
        "2016-01": {
            "month": "2016-01",
            "price": "9.03",
            "revenue": 99473
        },
        "2016-02": {
            "month": "2016-02",
            "price": "9.19",
            "revenue": 68635
        },
        "2016-03": {
            "month": "2016-03",
            "price": "9.82",
            "revenue": 91199
        },
        "2016-04": {
            "month": "2016-04",
            "price": "9.67",
            "revenue": 99894
        },
        "2016-05": {
            "month": "2016-05",
            "price": "9.33",
            "revenue": 87351
        },
        "2016-06": {
            "month": "2016-06",
            "price": "9.22",
            "revenue": 92440
        },
        "2016-07": {
            "month": "2016-07",
            "price": "10.74",
            "revenue": 100112
        },
        "2016-08": {
            "month": "2016-08",
            "price": "11.78",
            "revenue": 98193
        },
        "2016-09": {
            "month": "2016-09",
            "price": "12.24",
            "revenue": 83959
        },
        "2016-10": {
            "month": "2016-10",
            "price": "12.37",
            "revenue": 91084
        },
        "2016-11": {
            "month": "2016-11",
            "price": "11.65",
            "revenue": 82382
        },
        "2016-12": {
            "month": "2016-12",
            "price": "12.81",
            "revenue": 78435
        },
        "2017-01": {
            "month": "2017-01",
            "price": "13.42",
            "revenue": 80958
        },
        "2017-02": {
            "month": "2017-02",
            "price": "13.12",
            "revenue": 72797
        },
        "2017-03": {
            "month": "2017-03",
            "price": "13.23",
            "revenue": 95877
        },
        "2017-04": {
            "month": "2017-04",
            "price": "13.67",
            "revenue": 94518
        },
        "2017-05": {
            "month": "2017-05",
            "price": "14.02",
            "revenue": 89725
        },
        "2017-06": {
            "month": "2017-06",
            "price": "14.43",
            "revenue": 107359
        },
        "2017-07": {
            "month": "2017-07",
            "price": "18.06",
            "revenue": 81780
        },
        "2017-08": {
            "month": "2017-08",
            "price": "17.28",
            "revenue": 93047
        },
        "2017-09": {
            "month": "2017-09",
            "price": "17.75",
            "revenue": 89928
        },
        "2017-10": {
            "month": "2017-10",
            "price": "17.82",
            "revenue": 82961
        },
        "2017-11": {
            "month": "2017-11",
            "price": "16.90",
            "revenue": 86162
        },
        "2017-12": {
            "month": "2017-12",
            "price": "17.62",
            "revenue": 93159
        },
        "2018-01": {
            "month": "2018-01",
            "price": "23.96",
            "revenue": 93984
        },
        "2018-02": {
            "month": "2018-02",
            "price": "22.12",
            "revenue": 71052
        },
        "2018-03": {
            "month": "2018-03",
            "price": "22.43",
            "revenue": 89905
        },
        "2018-04": {
            "month": "2018-04",
            "price": "21.90",
            "revenue": 86890
        },
        "2018-05": {
            "month": "2018-05",
            "price": "23.34",
            "revenue": 95203
        },
        "2018-06": {
            "month": "2018-06",
            "price": "39.91",
            "revenue": 91397
        },
        "2018-07": {
            "month": "2018-07",
            "price": "36.36",
            "revenue": 90467
        },
        "2018-08": {
            "month": "2018-08",
            "price": "30.00",
            "revenue": 90121
        },
        "2018-09": {
            "month": "2018-09",
            "price": "25.06",
            "revenue": 91375
        },
        "2018-10": {
            "month": "2018-10",
            "price": "17.08",
            "revenue": 98991
        },
        "2018-11": {
            "month": "2018-11",
            "price": "15.90",
            "revenue": 68911
        },
        "2018-12": {
            "month": "2018-12",
            "price": "18.08",
            "revenue": 55097
        },
        "2019-01": {
            "month": "2019-01",
            "price": "16.30",
            "revenue": 39793
        },
        "2019-02": {
            "month": "2019-02",
            "price": "18.32",
            "revenue": 42122
        },
        "2019-03": {
            "month": "2019-03",
            "price": "17.48",
            "revenue": 55973
        },
        "2019-04": {
            "month": "2019-04",
            "price": "17.34",
            "revenue": 59985
        },
        "2019-05": {
            "month": "2019-05",
            "price": "13.95",
            "revenue": 67548
        },
        "2019-06": {
            "month": "2019-06",
            "price": "13.11",
            "revenue": 53507
        },
        "2019-07": {
            "month": "2019-07",
            "price": "14.19",
            "revenue": 52671
        },
        "2019-08": {
            "month": "2019-08",
            "price": "13.39",
            "revenue": 60260
        },
        "2019-09": {
            "month": "2019-09",
            "price": "14.59",
            "revenue": 62987
        },
        "2019-10": {
            "month": "2019-10",
            "price": "15.00",
            "revenue": 70027
        },
        "2019-11": {
            "month": "2019-11",
            "price": "13.94",
            "revenue": 90853
        },
        "2019-12": {
            "month": "2019-12",
            "price": "15.89",
            "revenue": 71043
        },
        "2020-01": {
            "month": "2020-01",
            "price": "16.92",
            "revenue": 64259
        },
        "2020-02": {
            "month": "2020-02",
            "price": "16.24",
            "revenue": 47623
        },
        "2020-03": {
            "month": "2020-03",
            "price": "12.76",
            "revenue": 71609
        },
        "2020-04": {
            "month": "2020-04",
            "price": "14.06",
            "revenue": 67955
        },
        "2020-05": {
            "month": "2020-05",
            "price": "17.40",
            "revenue": 83883
        },
        "2020-06": {
            "month": "2020-06",
            "price": "17.50",
            "revenue": 75968
        },
        "2020-07": {
            "month": "2020-07",
            "price": "16.65",
            "revenue": 74881
        },
        "2020-08": {
            "month": "2020-08",
            "price": "16.38",
            "revenue": 69500
        },
        "2020-09": {
            "month": "2020-09",
            "price": "16.20",
            "revenue": 72469
        },
        "2020-10": {
            "month": "2020-10",
            "price": "18.74",
            "revenue": 80095
        },
        "2020-11": {
            "month": "2020-11",
            "price": "20.19",
            "revenue": 82056
        },
        "2020-12": {
            "month": "2020-12",
            "price": "22.30",
            "revenue": 81042
        },
        "2021-01": {
            "month": "2021-01",
            "price": "25.15",
            "revenue": 82437
        },
        "2021-02": {
            "month": "2021-02",
            "price": "25.21",
            "revenue": 68091
        },
        "2021-03": {
            "month": "2021-03",
            "price": "25.98",
            "revenue": 90598
        },
        "2021-04": {
            "month": "2021-04",
            "price": "32.32",
            "revenue": 83911
        },
        "2021-05": {
            "month": "2021-05",
            "price": "26.40",
            "revenue": 88527
        },
        "2021-06": {
            "month": "2021-06",
            "price": "26.63",
            "revenue": 98740
        },
        "2021-07": {
            "month": "2021-07",
            "price": "31.65",
            "revenue": 89111
        },
        "2021-08": {
            "month": "2021-08",
            "price": "28.37",
            "revenue": 93539
        },
        "2021-09": {
            "month": "2021-09",
            "price": "27.01",
            "revenue": 89709
        },
        "2021-10": {
            "month": "2021-10",
            "price": "23.82",
            "revenue": 81499
        },
        "2021-11": {
            "month": "2021-11",
            "price": "25.61",
            "revenue": 83438
        },
        "2021-12": {
            "month": "2021-12",
            "price": "28.44",
            "revenue": 80726
        },
        "2022-01": {
            "month": "2022-01",
            "price": "29.57",
            "revenue": 84308
        },
        "2022-02": {
            "month": "2022-02",
            "price": "28.80",
            "revenue": 75188
        },
        "2022-03": {
            "month": "2022-03",
            "price": "26.44",
            "revenue": 93667
        },
        "2022-04": {
            "month": "2022-04",
            "price": "23.29",
            "revenue": 66130
        },
        "2022-05": {
            "month": "2022-05",
            "price": "21.87",
            "revenue": 66960
        },
        "2022-06": {
            "month": "2022-06",
            "price": "20.45",
            "revenue": 72811
        },
        "2022-07": {
            "month": "2022-07",
            "price": "17.40",
            "revenue": 50538
        },
        "2022-08": {
            "month": "2022-08",
            "price": "17.73",
            "revenue": 43866
        },
        "2022-09": {
            "month": "2022-09",
            "price": "15.87",
            "revenue": 47472
        },
        "2022-10": {
            "month": "2022-10",
            "price": "13.70",
            "revenue": 62722
        },
        "2022-11": {
            "month": "2022-11",
            "price": "15.07",
            "revenue": 59983
        },
        "2022-12": {
            "month": "2022-12",
            "price": "16.95",
            "revenue": 59861
        },
        "2023-01": {
            "month": "2023-01",
            "price": "16.50",
            "revenue": 64011
        },
        "2023-02": {
            "month": "2023-02",
            "price": "17.38",
            "revenue": 60607
        },
        "2023-03": {
            "month": "2023-03",
            "price": "18.19",
            "revenue": 67799
        },
        "2023-04": {
            "month": "2023-04",
            "price": "21.99",
            "revenue": 64456
        },
        "2023-05": {
            "month": "2023-05",
            "price": "22.85",
            "revenue": 74937
        },
        "2023-06": {
            "month": "2023-06",
            "price": "23.80",
            "revenue": 75280
        },
        "2023-07": {
            "month": "2023-07",
            "price": "21.58",
            "revenue": 70499
        },
        "2023-08": {
            "month": "2023-08",
            "price": "21.60",
            "revenue": 66807
        },
        "2023-09": {
            "month": "2023-09",
            "price": "23.36",
            "revenue": 65068
        },
        "2023-10": {
            "month": "2023-10",
            "price": "22.33",
            "revenue": 72043
        },
        "2023-11": {
            "month": "2023-11",
            "price": "26.25",
            "revenue": 67538
        },
        "2023-12": {
            "month": "2023-12",
            "price": "28.48",
            "revenue": 74436
        }
    }
}
