{
    "summary": {
        "stock_name": "上福",
        "stock_id": "6128",
        "category": "電腦及週邊設備",
        "main_business": "感光鼓齒輪,碳粉匣等資訊週邊事務機器相關零組件耗材",
        "website_url": "http://www.gpi.com.tw",
        "ceo": "王瑞麒",
        "pe_ratio": 10,
        "report_year_from": 2001,
        "report_year_to": 2023,
        "age": 23,
        "eps_negative_percentage": 0,
        "eps_growth_avg": {
            "last_all": 9.09,
            "last_2y": 48.5,
            "last_4y": 37.58,
            "last_8y": 19,
            "last_12y": 12.71,
            "last_16y": 12.84,
            "last_20y": 10.7,
            "at_2006_last_3y": 1.57,
            "at_2007_last_3y": -1.24,
            "at_2008_last_3y": 0.48,
            "at_2009_last_3y": 41.72,
            "at_2010_last_3y": 13.27,
            "at_2011_last_3y": 17.44,
            "at_2012_last_3y": 9.77,
            "at_2013_last_3y": -11.69,
            "at_2014_last_3y": -1.43,
            "at_2015_last_3y": 9.8,
            "at_2016_last_3y": 18.63,
            "at_2017_last_3y": 21.31,
            "at_2018_last_3y": -4.23,
            "at_2019_last_3y": 15.74,
            "at_2020_last_3y": -1.91,
            "at_2021_last_3y": 16.87,
            "at_2022_last_3y": 60.6,
            "at_2023_last_3y": 21.97,
            "at_2024_last_3y": 21.97,
            "at_2006_last_all": -3.68,
            "at_2007_last_all": -9.98,
            "at_2008_last_all": -7.36,
            "at_2009_last_all": 6.06,
            "at_2010_last_all": 3.85,
            "at_2011_last_all": 0.99,
            "at_2012_last_all": -1.13,
            "at_2013_last_all": 0.14,
            "at_2014_last_all": 2.23,
            "at_2015_last_all": 3.51,
            "at_2016_last_all": 4.14,
            "at_2017_last_all": 5.43,
            "at_2018_last_all": 0.71,
            "at_2019_last_all": 6.22,
            "at_2020_last_all": 2.86,
            "at_2021_last_all": 7.72,
            "at_2022_last_all": 12.12,
            "at_2023_last_all": 9.09,
            "at_2024_last_all": 9.09
        },
        "latest_eps": 3.53,
        "latest_price": 33.95,
        "latest_roe": 11.15,
        "latest_gross_margin": 41.25,
        "latest_equity": 4181977,
        "latest_revenue": 1297954,
        "latest_gross_profit": 535394,
        "latest_net_income": 92123,
        "latest_debt_ratio": 47.87,
        "latest_current_ratio": 107.89,
        "latest_account_receivable_turnover_ratio": 1.58,
        "latest_inventory_turnover_ratio": 0.77,
        "latest_reinvestment_rate": 43.21,
        "latest_research_to_sale_ratio": 2.89
    },
    "eps_dividends": {
        "2000": {
            "cash": 3.83,
            "stock": 3.83,
            "eps": 0
        },
        "2001": {
            "cash": 3.5,
            "stock": 3.5,
            "eps": 5.14
        },
        "2002": {
            "cash": 0.27,
            "stock": 3.5,
            "eps": 3.87
        },
        "2003": {
            "cash": 1.6,
            "stock": 1,
            "eps": 2.7
        },
        "2004": {
            "cash": 1.5,
            "stock": 0.8,
            "eps": 2.74
        },
        "2005": {
            "cash": 1.4,
            "stock": 0.7,
            "eps": 0.96
        },
        "2006": {
            "cash": 0.56,
            "stock": 0.24,
            "eps": 3.28
        },
        "2007": {
            "cash": 2.3,
            "stock": 0.31,
            "eps": 1.92
        },
        "2008": {
            "cash": 1.25,
            "stock": 0.2,
            "eps": 2.08
        },
        "2009": {
            "cash": 1.7,
            "stock": 0.2,
            "eps": 4.21
        },
        "2010": {
            "cash": 3.2,
            "stock": 0.4,
            "eps": 3.63
        },
        "2011": {
            "cash": 5.25,
            "stock": 0.35,
            "eps": 2.73
        },
        "2012": {
            "cash": 0,
            "stock": 0,
            "eps": 2.12
        },
        "2013": {
            "cash": 1.7,
            "stock": 0,
            "eps": 2.42
        },
        "2014": {
            "cash": 2.25,
            "stock": 0,
            "eps": 3.08
        },
        "2015": {
            "cash": 2.8,
            "stock": 0,
            "eps": 3.7
        },
        "2016": {
            "cash": 3,
            "stock": 0,
            "eps": 4.18
        },
        "2017": {
            "cash": 2.8,
            "stock": 0,
            "eps": 5.22
        },
        "2018": {
            "cash": 0.5,
            "stock": 0,
            "eps": 1.31
        },
        "2019": {
            "cash": 2,
            "stock": 0,
            "eps": 2.76
        },
        "2020": {
            "cash": 2.4,
            "stock": 0,
            "eps": 1.17
        },
        "2021": {
            "cash": 1,
            "stock": 0,
            "eps": 2.64
        },
        "2022": {
            "cash": 2,
            "stock": 0,
            "eps": 5.32
        },
        "2023": {
            "cash": 2.2,
            "stock": 0,
            "eps": 2.42
        }
    },
    "dividends": {
        "2000-05-02": {
            "cash": 3.83,
            "stock": 3.83
        },
        "2001-04-23": {
            "cash": 3.5,
            "stock": 3.5
        },
        "2002-04-22": {
            "cash": 0.27,
            "stock": 3.5
        },
        "2003-03-17": {
            "cash": 1.6,
            "stock": 1
        },
        "2004-03-19": {
            "cash": 1.5,
            "stock": 0.8
        },
        "2005-03-18": {
            "cash": 1.4,
            "stock": 0.7
        },
        "2006-03-23": {
            "cash": 0.56,
            "stock": 0.24
        },
        "2007-03-28": {
            "cash": 2.3,
            "stock": 0.31
        },
        "2008-03-24": {
            "cash": 1.25,
            "stock": 0.2
        },
        "2009-03-27": {
            "cash": 1.7,
            "stock": 0.2
        },
        "2010-06-23": {
            "cash": 3.2,
            "stock": 0.4
        },
        "2011-01-01": {
            "cash": 2.5,
            "stock": 0
        },
        "2011-03-28": {
            "cash": 2.75,
            "stock": 0.35
        },
        "2013-03-25": {
            "cash": 1.7,
            "stock": 0
        },
        "2014-06-13": {
            "cash": 2.25,
            "stock": 0
        },
        "2015-07-24": {
            "cash": 2.8,
            "stock": 0
        },
        "2016-07-28": {
            "cash": 3,
            "stock": 0
        },
        "2017-07-19": {
            "cash": 2.8,
            "stock": 0
        },
        "2018-08-08": {
            "cash": 0.5,
            "stock": 0
        },
        "2019-08-21": {
            "cash": 2,
            "stock": 0
        },
        "2020-08-14": {
            "cash": 2.4,
            "stock": 0
        },
        "2021-08-20": {
            "cash": 1,
            "stock": 0
        },
        "2022-07-25": {
            "cash": 2,
            "stock": 0
        },
        "2023-07-26": {
            "cash": 2.2,
            "stock": 0
        }
    },
    "prices": {
        "200101": "無",
        "200102": "無",
        "200103": "無",
        "200104": "無",
        "200105": "無",
        "200106": "無",
        "200107": "無",
        "200108": "無",
        "200109": "無",
        "200110": "無",
        "200111": "無",
        "200112": "60.90",
        "200201": "116.68",
        "200202": "121.54",
        "200203": "110.76",
        "200204": "113.24",
        "200205": "95.45",
        "200206": "80.58",
        "200207": "66.24",
        "200208": "63.45",
        "200209": "55.98",
        "200210": "44.76",
        "200211": "43.37",
        "200212": "42.15",
        "200301": "41.82",
        "200302": "39.19",
        "200303": "38.00",
        "200304": "37.17",
        "200305": "37.39",
        "200306": "38.86",
        "200307": "37.58",
        "200308": "32.55",
        "200309": "30.54",
        "200310": "29.81",
        "200311": "34.68",
        "200312": "36.44",
        "200401": "36.66",
        "200402": "35.26",
        "200403": "33.41",
        "200404": "34.13",
        "200405": "31.28",
        "200406": "30.47",
        "200407": "31.13",
        "200408": "28.91",
        "200409": "24.84",
        "200410": "22.89",
        "200411": "21.43",
        "200412": "20.59",
        "200501": "20.70",
        "200502": "23.41",
        "200503": "24.11",
        "200504": "22.83",
        "200505": "18.35",
        "200506": "19.50",
        "200507": "19.72",
        "200508": "17.69",
        "200509": "15.41",
        "200510": "14.63",
        "200511": "14.02",
        "200512": "15.35",
        "200601": "15.59",
        "200602": "15.67",
        "200603": "21.01",
        "200604": "28.36",
        "200605": "33.36",
        "200606": "30.13",
        "200607": "28.77",
        "200608": "28.60",
        "200609": "29.28",
        "200610": "29.09",
        "200611": "29.27",
        "200612": "30.45",
        "200701": "33.18",
        "200702": "31.37",
        "200703": "30.86",
        "200704": "31.92",
        "200705": "30.84",
        "200706": "32.06",
        "200707": "34.26",
        "200708": "30.20",
        "200709": "27.87",
        "200710": "27.40",
        "200711": "25.07",
        "200712": "22.18",
        "200801": "19.74",
        "200802": "19.99",
        "200803": "20.65",
        "200804": "21.84",
        "200805": "21.49",
        "200806": "19.35",
        "200807": "17.12",
        "200808": "15.35",
        "200809": "12.88",
        "200810": "11.60",
        "200811": "11.29",
        "200812": "12.62",
        "200901": "13.35",
        "200902": "13.55",
        "200903": "15.82",
        "200904": "20.63",
        "200905": "26.45",
        "200906": "27.55",
        "200907": "33.02",
        "200908": "33.93",
        "200909": "42.57",
        "200910": "49.75",
        "200911": "50.50",
        "200912": "50.22",
        "201001": "49.47",
        "201002": "41.35",
        "201003": "44.52",
        "201004": "46.55",
        "201005": "45.78",
        "201006": "45.32",
        "201007": "46.38",
        "201008": "41.96",
        "201009": "39.63",
        "201010": "36.60",
        "201011": "34.30",
        "201012": "35.58",
        "201101": "35.33",
        "201102": "36.17",
        "201103": "36.44",
        "201104": "36.22",
        "201105": "35.00",
        "201106": "35.03",
        "201107": "31.43",
        "201108": "26.22",
        "201109": "25.70",
        "201110": "26.06",
        "201111": "26.80",
        "201112": "25.75",
        "201201": "26.06",
        "201202": "28.67",
        "201203": "30.63",
        "201204": "28.55",
        "201205": "27.65",
        "201206": "27.71",
        "201207": "24.88",
        "201208": "25.48",
        "201209": "26.09",
        "201210": "25.40",
        "201211": "25.04",
        "201212": "25.65",
        "201301": "27.22",
        "201302": "29.66",
        "201303": "29.33",
        "201304": "28.96",
        "201305": "29.24",
        "201306": "30.99",
        "201307": "29.31",
        "201308": "30.95",
        "201309": "30.46",
        "201310": "30.72",
        "201311": "30.27",
        "201312": "30.74",
        "201401": "32.36",
        "201402": "33.49",
        "201403": "34.71",
        "201404": "35.91",
        "201405": "36.38",
        "201406": "38.23",
        "201407": "36.61",
        "201408": "35.06",
        "201409": "34.70",
        "201410": "33.29",
        "201411": "32.41",
        "201412": "32.79",
        "201501": "34.45",
        "201502": "34.58",
        "201503": "35.45",
        "201504": "36.99",
        "201505": "36.76",
        "201506": "35.79",
        "201507": "32.22",
        "201508": "31.44",
        "201509": "30.68",
        "201510": "33.92",
        "201511": "34.81",
        "201512": "34.25",
        "201601": "33.67",
        "201602": "34.74",
        "201603": "37.75",
        "201604": "39.18",
        "201605": "38.23",
        "201606": "39.53",
        "201607": "43.32",
        "201608": "43.98",
        "201609": "44.21",
        "201610": "43.79",
        "201611": "41.55",
        "201612": "41.63",
        "201701": "42.05",
        "201702": "43.35",
        "201703": "42.62",
        "201704": "41.43",
        "201705": "41.34",
        "201706": "41.63",
        "201707": "38.18",
        "201708": "39.62",
        "201709": "43.44",
        "201710": "43.39",
        "201711": "40.50",
        "201712": "39.69",
        "201801": "38.51",
        "201802": "40.40",
        "201803": "40.44",
        "201804": "37.86",
        "201805": "38.35",
        "201806": "36.94",
        "201807": "36.20",
        "201808": "32.81",
        "201809": "31.24",
        "201810": "29.03",
        "201811": "27.20",
        "201812": "28.29",
        "201901": "30.47",
        "201902": "33.47",
        "201903": "34.09",
        "201904": "34.87",
        "201905": "34.89",
        "201906": "35.04",
        "201907": "34.56",
        "201908": "31.15",
        "201909": "31.97",
        "201910": "31.34",
        "201911": "31.04",
        "201912": "30.53",
        "202001": "30.39",
        "202002": "29.68",
        "202003": "27.05",
        "202004": "28.38",
        "202005": "28.92",
        "202006": "29.84",
        "202007": "29.04",
        "202008": "26.96",
        "202009": "26.96",
        "202010": "26.92",
        "202011": "27.62",
        "202012": "27.68",
        "202101": "27.46",
        "202102": "27.03",
        "202103": "27.20",
        "202104": "26.73",
        "202105": "24.96",
        "202106": "25.08",
        "202107": "25.29",
        "202108": "24.98",
        "202109": "25.02",
        "202110": "25.36",
        "202111": "27.98",
        "202112": "29.15",
        "202201": "28.19",
        "202202": "27.85",
        "202203": "28.26",
        "202204": "30.38",
        "202205": "30.06",
        "202206": "30.89",
        "202207": "28.12",
        "202208": "29.57",
        "202209": "29.14",
        "202210": "27.70",
        "202211": "28.81",
        "202212": "29.50",
        "202301": "29.98",
        "202302": "31.86",
        "202303": "34.24",
        "202304": "34.26",
        "202305": "33.78",
        "202306": "34.96",
        "202307": "33.70",
        "202308": "33.65",
        "202309": "33.65",
        "202310": "34.29",
        "202311": "34.55",
        "202312": "34.74"
    },
    "quarters": {
        "20011": {
            "year_quarter": 20011,
            "year": 2001,
            "quarter": 1,
            "eps": 1.43,
            "eps_growth_year": 19.17,
            "eps_4q": 5.08,
            "eps_4q_growth_year": null,
            "roe": 9.17,
            "roe_4q": 9.17,
            "gross_profit": 95497,
            "gross_margin": 51.48,
            "gross_margin_4q_avg": 51.48,
            "net_income": 42828,
            "net_income_4q": null,
            "revenue": 185512,
            "revenue_4q": null,
            "common_shares": 300000,
            "book_valuer_per_share": 16.29,
            "book_valuer_per_share_4q_avg": 16.29,
            "equity": 488612,
            "current_ratio": 158.71,
            "debt_ratio": 29.07,
            "inventory_turnover_ratio": 2.25,
            "account_receivable_turnover_ratio": null,
            "reinvestment_rate": null,
            "research_to_sale_ratio": null,
            "price_fair": 0,
            "eps_avg_yearly": 0,
            "eps_latest_yearly": 0,
            "eps_growth_yearly": 0
        },
        "20012": {
            "year_quarter": 20012,
            "year": 2001,
            "quarter": 2,
            "eps": 1.3,
            "eps_growth_year": -34.34,
            "eps_4q": 4.08,
            "eps_4q_growth_year": null,
            "roe": 10.37,
            "roe_4q": 19.54,
            "gross_profit": 102401,
            "gross_margin": 51.53,
            "gross_margin_4q_avg": 51.51,
            "net_income": 52818,
            "net_income_4q": null,
            "revenue": 198704,
            "revenue_4q": null,
            "common_shares": 405000,
            "book_valuer_per_share": 13.09,
            "book_valuer_per_share_4q_avg": 14.69,
            "equity": 530022,
            "current_ratio": 165.68,
            "debt_ratio": 27.71,
            "inventory_turnover_ratio": 2.44,
            "account_receivable_turnover_ratio": null,
            "reinvestment_rate": null,
            "research_to_sale_ratio": null,
            "price_fair": 0,
            "eps_avg_yearly": 0,
            "eps_latest_yearly": 0,
            "eps_growth_yearly": 0
        },
        "20013": {
            "year_quarter": 20013,
            "year": 2001,
            "quarter": 3,
            "eps": 1.33,
            "eps_growth_year": 25.47,
            "eps_4q": 4.65,
            "eps_4q_growth_year": null,
            "roe": 9.65,
            "roe_4q": 29.189999999999998,
            "gross_profit": 106040,
            "gross_margin": 52.41,
            "gross_margin_4q_avg": 51.81,
            "net_income": 53713,
            "net_income_4q": null,
            "revenue": 202332,
            "revenue_4q": null,
            "common_shares": 405000,
            "book_valuer_per_share": 14.41,
            "book_valuer_per_share_4q_avg": 14.6,
            "equity": 583733,
            "current_ratio": 204.1,
            "debt_ratio": 22.06,
            "inventory_turnover_ratio": 2.39,
            "account_receivable_turnover_ratio": null,
            "reinvestment_rate": null,
            "research_to_sale_ratio": null,
            "price_fair": 0,
            "eps_avg_yearly": 0,
            "eps_latest_yearly": 0,
            "eps_growth_yearly": 0
        },
        "20014": {
            "year_quarter": 20014,
            "year": 2001,
            "quarter": 4,
            "eps": 1.08,
            "eps_growth_year": -20,
            "eps_4q": 4.77,
            "eps_4q_growth_year": 1.46,
            "roe": 7.23,
            "roe_4q": 36.42,
            "gross_profit": 99644,
            "gross_margin": 34.39,
            "gross_margin_4q_avg": 47.45,
            "net_income": 43771,
            "net_income_4q": null,
            "revenue": 289706,
            "revenue_4q": null,
            "common_shares": 405000,
            "book_valuer_per_share": 15.49,
            "book_valuer_per_share_4q_avg": 14.82,
            "equity": 627534,
            "current_ratio": 171.25,
            "debt_ratio": 26.91,
            "inventory_turnover_ratio": 4.65,
            "account_receivable_turnover_ratio": null,
            "reinvestment_rate": null,
            "research_to_sale_ratio": null,
            "price_fair": 0,
            "eps_avg_yearly": 0,
            "eps_latest_yearly": 0,
            "eps_growth_yearly": 0
        },
        "20021": {
            "year_quarter": 20021,
            "year": 2002,
            "quarter": 1,
            "eps": 1.1,
            "eps_growth_year": -23.08,
            "eps_4q": 4.82,
            "eps_4q_growth_year": -5.18,
            "roe": 6.84,
            "roe_4q": 34.089999999999996,
            "gross_profit": 111351,
            "gross_margin": 32.58,
            "gross_margin_4q_avg": 42.73,
            "net_income": 44439,
            "net_income_4q": null,
            "revenue": 341731,
            "revenue_4q": null,
            "common_shares": 405000,
            "book_valuer_per_share": 16.59,
            "book_valuer_per_share_4q_avg": 14.9,
            "equity": 671973,
            "current_ratio": 161,
            "debt_ratio": 32.04,
            "inventory_turnover_ratio": 4.91,
            "account_receivable_turnover_ratio": null,
            "reinvestment_rate": null,
            "research_to_sale_ratio": null,
            "price_fair": 76.59,
            "eps_avg_yearly": 4.4,
            "eps_latest_yearly": 4.4,
            "eps_growth_yearly": 7.41
        },
        "20022": {
            "year_quarter": 20022,
            "year": 2002,
            "quarter": 2,
            "eps": 1.12,
            "eps_growth_year": -13.85,
            "eps_4q": 3.69,
            "eps_4q_growth_year": -9.4,
            "roe": 8.95,
            "roe_4q": 32.67,
            "gross_profit": 122775,
            "gross_margin": 31.8,
            "gross_margin_4q_avg": 37.8,
            "net_income": 61768,
            "net_income_4q": null,
            "revenue": 386095,
            "revenue_4q": null,
            "common_shares": 405000,
            "book_valuer_per_share": 17.49,
            "book_valuer_per_share_4q_avg": 16,
            "equity": 708512,
            "current_ratio": 156.16,
            "debt_ratio": 30.09,
            "inventory_turnover_ratio": 5.18,
            "account_receivable_turnover_ratio": null,
            "reinvestment_rate": null,
            "research_to_sale_ratio": null,
            "price_fair": 76.99,
            "eps_avg_yearly": 4.44,
            "eps_latest_yearly": 4.48,
            "eps_growth_yearly": 7.34
        },
        "20023": {
            "year_quarter": 20023,
            "year": 2002,
            "quarter": 3,
            "eps": 0.91,
            "eps_growth_year": -31.58,
            "eps_4q": 3.61,
            "eps_4q_growth_year": -22.37,
            "roe": 5.61,
            "roe_4q": 28.63,
            "gross_profit": 112417,
            "gross_margin": 33.42,
            "gross_margin_4q_avg": 33.05,
            "net_income": 50597,
            "net_income_4q": null,
            "revenue": 336343,
            "revenue_4q": null,
            "common_shares": 609290,
            "book_valuer_per_share": 17.98,
            "book_valuer_per_share_4q_avg": 16.89,
            "equity": 1095208,
            "current_ratio": 253.1,
            "debt_ratio": 22.5,
            "inventory_turnover_ratio": 3.55,
            "account_receivable_turnover_ratio": null,
            "reinvestment_rate": null,
            "research_to_sale_ratio": null,
            "price_fair": 12.52,
            "eps_avg_yearly": 4.17,
            "eps_latest_yearly": 3.64,
            "eps_growth_yearly": -20.11
        },
        "20024": {
            "year_quarter": 20024,
            "year": 2002,
            "quarter": 4,
            "eps": 0.74,
            "eps_growth_year": -31.48,
            "eps_4q": 3.48,
            "eps_4q_growth_year": -26.91,
            "roe": 3.79,
            "roe_4q": 25.19,
            "gross_profit": 108186,
            "gross_margin": 38.26,
            "gross_margin_4q_avg": 34.02,
            "net_income": 42304,
            "net_income_4q": null,
            "revenue": 282777,
            "revenue_4q": null,
            "common_shares": 609290,
            "book_valuer_per_share": 18.67,
            "book_valuer_per_share_4q_avg": 17.68,
            "equity": 1137498,
            "current_ratio": 320.95,
            "debt_ratio": 17.8,
            "inventory_turnover_ratio": 2.24,
            "account_receivable_turnover_ratio": null,
            "reinvestment_rate": null,
            "research_to_sale_ratio": null,
            "price_fair": 11.61,
            "eps_avg_yearly": 3.87,
            "eps_latest_yearly": 2.96,
            "eps_growth_yearly": -33.76
        },
        "20031": {
            "year_quarter": 20031,
            "year": 2003,
            "quarter": 1,
            "eps": 0.67,
            "eps_growth_year": -39.09,
            "eps_4q": 3.22,
            "eps_4q_growth_year": -33.28,
            "roe": 3.52,
            "roe_4q": 21.87,
            "gross_profit": 107745,
            "gross_margin": 40.41,
            "gross_margin_4q_avg": 35.97,
            "net_income": 40702,
            "net_income_4q": null,
            "revenue": 266605,
            "revenue_4q": null,
            "common_shares": 609290,
            "book_valuer_per_share": 19.34,
            "book_valuer_per_share_4q_avg": 18.37,
            "equity": 1178199,
            "current_ratio": 246.64,
            "debt_ratio": 17.11,
            "inventory_turnover_ratio": 1.88,
            "account_receivable_turnover_ratio": null,
            "reinvestment_rate": null,
            "research_to_sale_ratio": null,
            "price_fair": 10.9,
            "eps_avg_yearly": 3.63,
            "eps_latest_yearly": 2.68,
            "eps_growth_yearly": -34.58
        },
        "20032": {
            "year_quarter": 20032,
            "year": 2003,
            "quarter": 2,
            "eps": 0.59,
            "eps_growth_year": -47.32,
            "eps_4q": 2.58,
            "eps_4q_growth_year": -30.17,
            "roe": 3.48,
            "roe_4q": 16.4,
            "gross_profit": 117311,
            "gross_margin": 41.57,
            "gross_margin_4q_avg": 38.42,
            "net_income": 39627,
            "net_income_4q": null,
            "revenue": 282200,
            "revenue_4q": null,
            "common_shares": 609290,
            "book_valuer_per_share": 18.1,
            "book_valuer_per_share_4q_avg": 18.52,
            "equity": 1102518,
            "current_ratio": 167.4,
            "debt_ratio": 24.46,
            "inventory_turnover_ratio": 1.71,
            "account_receivable_turnover_ratio": null,
            "reinvestment_rate": null,
            "research_to_sale_ratio": null,
            "price_fair": 10.26,
            "eps_avg_yearly": 3.42,
            "eps_latest_yearly": 2.36,
            "eps_growth_yearly": -36.77
        },
        "20033": {
            "year_quarter": 20033,
            "year": 2003,
            "quarter": 3,
            "eps": 0.78,
            "eps_growth_year": -14.29,
            "eps_4q": 2.61,
            "eps_4q_growth_year": -27.62,
            "roe": 4.63,
            "roe_4q": 15.419999999999998,
            "gross_profit": 115709,
            "gross_margin": 42.73,
            "gross_margin_4q_avg": 40.74,
            "net_income": 52245,
            "net_income_4q": null,
            "revenue": 270791,
            "revenue_4q": null,
            "common_shares": 672859,
            "book_valuer_per_share": 17.18,
            "book_valuer_per_share_4q_avg": 18.32,
            "equity": 1156207,
            "current_ratio": 252.69,
            "debt_ratio": 15.63,
            "inventory_turnover_ratio": 1.47,
            "account_receivable_turnover_ratio": null,
            "reinvestment_rate": null,
            "research_to_sale_ratio": null,
            "price_fair": 10.13,
            "eps_avg_yearly": 3.38,
            "eps_latest_yearly": 3.12,
            "eps_growth_yearly": -13.12
        },
        "20034": {
            "year_quarter": 20034,
            "year": 2003,
            "quarter": 4,
            "eps": 0.66,
            "eps_growth_year": -10.81,
            "eps_4q": 2.62,
            "eps_4q_growth_year": -24.67,
            "roe": 3.93,
            "roe_4q": 15.56,
            "gross_profit": 122505,
            "gross_margin": 43.86,
            "gross_margin_4q_avg": 42.14,
            "net_income": 44561,
            "net_income_4q": null,
            "revenue": 279324,
            "revenue_4q": null,
            "common_shares": 672859,
            "book_valuer_per_share": 16.55,
            "book_valuer_per_share_4q_avg": 17.79,
            "equity": 1113878,
            "current_ratio": 503.62,
            "debt_ratio": 50.82,
            "inventory_turnover_ratio": 1.4,
            "account_receivable_turnover_ratio": null,
            "reinvestment_rate": 73.83,
            "research_to_sale_ratio": null,
            "price_fair": 9.86,
            "eps_avg_yearly": 3.29,
            "eps_latest_yearly": 2.64,
            "eps_growth_yearly": -19.17
        },
        "20041": {
            "year_quarter": 20041,
            "year": 2004,
            "quarter": 1,
            "eps": 0.8,
            "eps_growth_year": 19.4,
            "eps_4q": 2.85,
            "eps_4q_growth_year": -11.31,
            "roe": 4.69,
            "roe_4q": 16.73,
            "gross_profit": 116523,
            "gross_margin": 40.1,
            "gross_margin_4q_avg": 42.07,
            "net_income": 53182,
            "net_income_4q": null,
            "revenue": 290549,
            "revenue_4q": null,
            "common_shares": 647859,
            "book_valuer_per_share": 17.83,
            "book_valuer_per_share_4q_avg": 17.42,
            "equity": 1155058,
            "current_ratio": 568.34,
            "debt_ratio": 48.87,
            "inventory_turnover_ratio": 1.49,
            "account_receivable_turnover_ratio": null,
            "reinvestment_rate": 56.65,
            "research_to_sale_ratio": null,
            "price_fair": 9.83,
            "eps_avg_yearly": 3.28,
            "eps_latest_yearly": 3.2,
            "eps_growth_yearly": -7.61
        },
        "20042": {
            "year_quarter": 20042,
            "year": 2004,
            "quarter": 2,
            "eps": 0.77,
            "eps_growth_year": 30.51,
            "eps_4q": 2.9,
            "eps_4q_growth_year": 12.44,
            "roe": 4.81,
            "roe_4q": 18.06,
            "gross_profit": 147862,
            "gross_margin": 47.5,
            "gross_margin_4q_avg": 43.55,
            "net_income": 54221,
            "net_income_4q": null,
            "revenue": 311283,
            "revenue_4q": null,
            "common_shares": 647859,
            "book_valuer_per_share": 17,
            "book_valuer_per_share_4q_avg": 17.14,
            "equity": 1101680,
            "current_ratio": 413.41,
            "debt_ratio": 52.89,
            "inventory_turnover_ratio": 1.43,
            "account_receivable_turnover_ratio": null,
            "reinvestment_rate": 43.8,
            "research_to_sale_ratio": null,
            "price_fair": 9.77,
            "eps_avg_yearly": 3.26,
            "eps_latest_yearly": 3.08,
            "eps_growth_yearly": -8.35
        },
        "20043": {
            "year_quarter": 20043,
            "year": 2004,
            "quarter": 3,
            "eps": 0.55,
            "eps_growth_year": -29.49,
            "eps_4q": 2.71,
            "eps_4q_growth_year": 3.98,
            "roe": 3.44,
            "roe_4q": 16.87,
            "gross_profit": 108226,
            "gross_margin": 43.24,
            "gross_margin_4q_avg": 43.68,
            "net_income": 38608,
            "net_income_4q": null,
            "revenue": 250288,
            "revenue_4q": null,
            "common_shares": 702163,
            "book_valuer_per_share": 16.25,
            "book_valuer_per_share_4q_avg": 16.91,
            "equity": 1141136,
            "current_ratio": 775.71,
            "debt_ratio": 48.56,
            "inventory_turnover_ratio": 1.21,
            "account_receivable_turnover_ratio": null,
            "reinvestment_rate": 32.05,
            "research_to_sale_ratio": null,
            "price_fair": 9.48,
            "eps_avg_yearly": 3.16,
            "eps_latest_yearly": 2.2,
            "eps_growth_yearly": -17.98
        },
        "20044": {
            "year_quarter": 20044,
            "year": 2004,
            "quarter": 4,
            "eps": 0.62,
            "eps_growth_year": -6.06,
            "eps_4q": 2.7,
            "eps_4q_growth_year": 2.96,
            "roe": 3.75,
            "roe_4q": 16.69,
            "gross_profit": 113529,
            "gross_margin": 42.21,
            "gross_margin_4q_avg": 43.26,
            "net_income": 43497,
            "net_income_4q": null,
            "revenue": 268935,
            "revenue_4q": null,
            "common_shares": 702163,
            "book_valuer_per_share": 16.74,
            "book_valuer_per_share_4q_avg": 16.96,
            "equity": 1175647,
            "current_ratio": 668.57,
            "debt_ratio": 46.47,
            "inventory_turnover_ratio": 1.25,
            "account_receivable_turnover_ratio": null,
            "reinvestment_rate": 34.13,
            "research_to_sale_ratio": null,
            "price_fair": 9.31,
            "eps_avg_yearly": 3.1,
            "eps_latest_yearly": 2.48,
            "eps_growth_yearly": -12.24
        },
        "20051": {
            "year_quarter": 20051,
            "year": 2005,
            "quarter": 1,
            "eps": -0.46,
            "eps_growth_year": -157.5,
            "eps_4q": 1.5,
            "eps_4q_growth_year": -47.38,
            "roe": -2.76,
            "roe_4q": 9.239999999999998,
            "gross_profit": 91966,
            "gross_margin": 37.01,
            "gross_margin_4q_avg": 42.49,
            "net_income": -31981,
            "net_income_4q": null,
            "revenue": 248475,
            "revenue_4q": null,
            "common_shares": 702163,
            "book_valuer_per_share": 16.27,
            "book_valuer_per_share_4q_avg": 16.57,
            "equity": 1142227,
            "current_ratio": 688.73,
            "debt_ratio": 47.11,
            "inventory_turnover_ratio": 1.19,
            "account_receivable_turnover_ratio": null,
            "reinvestment_rate": 32.9,
            "research_to_sale_ratio": null,
            "price_fair": 9.31,
            "eps_avg_yearly": 3.1,
            "eps_latest_yearly": 2.48,
            "eps_growth_yearly": -12.24
        },
        "20052": {
            "year_quarter": 20052,
            "year": 2005,
            "quarter": 2,
            "eps": 0.54,
            "eps_growth_year": -29.87,
            "eps_4q": 1.2,
            "eps_4q_growth_year": -58.48,
            "roe": 3.68,
            "roe_4q": 8.11,
            "gross_profit": 112118,
            "gross_margin": 37.55,
            "gross_margin_4q_avg": 40,
            "net_income": 40762,
            "net_income_4q": null,
            "revenue": 298609,
            "revenue_4q": null,
            "common_shares": 702163,
            "book_valuer_per_share": 15.26,
            "book_valuer_per_share_4q_avg": 16.13,
            "equity": 1071406,
            "current_ratio": 126.19,
            "debt_ratio": 49.46,
            "inventory_turnover_ratio": 1.44,
            "account_receivable_turnover_ratio": null,
            "reinvestment_rate": 30.95,
            "research_to_sale_ratio": null,
            "price_fair": 9.31,
            "eps_avg_yearly": 3.1,
            "eps_latest_yearly": 2.48,
            "eps_growth_yearly": -12.24
        },
        "20053": {
            "year_quarter": 20053,
            "year": 2005,
            "quarter": 3,
            "eps": 0.37,
            "eps_growth_year": -32.73,
            "eps_4q": 1.06,
            "eps_4q_growth_year": -60.85,
            "roe": 2.57,
            "roe_4q": 7.24,
            "gross_profit": 95140,
            "gross_margin": 39.63,
            "gross_margin_4q_avg": 39.1,
            "net_income": 27913,
            "net_income_4q": null,
            "revenue": 240095,
            "revenue_4q": null,
            "common_shares": 753762,
            "book_valuer_per_share": 14.63,
            "book_valuer_per_share_4q_avg": 15.73,
            "equity": 1102676,
            "current_ratio": 132.32,
            "debt_ratio": 46.48,
            "inventory_turnover_ratio": 1.13,
            "account_receivable_turnover_ratio": null,
            "reinvestment_rate": 30.94,
            "research_to_sale_ratio": null,
            "price_fair": 8.94,
            "eps_avg_yearly": 2.98,
            "eps_latest_yearly": 1.48,
            "eps_growth_yearly": -20.99
        },
        "20054": {
            "year_quarter": 20054,
            "year": 2005,
            "quarter": 4,
            "eps": 0.51,
            "eps_growth_year": -17.74,
            "eps_4q": 0.99,
            "eps_4q_growth_year": -63.21,
            "roe": 3.45,
            "roe_4q": 6.9399999999999995,
            "gross_profit": 127924,
            "gross_margin": 42.38,
            "gross_margin_4q_avg": 39.14,
            "net_income": 38686,
            "net_income_4q": null,
            "revenue": 301880,
            "revenue_4q": null,
            "common_shares": 753762,
            "book_valuer_per_share": 15.12,
            "book_valuer_per_share_4q_avg": 15.32,
            "equity": 1139552,
            "current_ratio": 287.74,
            "debt_ratio": 17.48,
            "inventory_turnover_ratio": 1.3,
            "account_receivable_turnover_ratio": null,
            "reinvestment_rate": 27.98,
            "research_to_sale_ratio": null,
            "price_fair": 8.73,
            "eps_avg_yearly": 2.91,
            "eps_latest_yearly": 2.04,
            "eps_growth_yearly": -8.68
        },
        "20061": {
            "year_quarter": 20061,
            "year": 2006,
            "quarter": 1,
            "eps": 0.73,
            "eps_growth_year": null,
            "eps_4q": 2.16,
            "eps_4q_growth_year": 44.1,
            "roe": 4.69,
            "roe_4q": 14.39,
            "gross_profit": 139383,
            "gross_margin": 41.37,
            "gross_margin_4q_avg": 40.23,
            "net_income": 54702,
            "net_income_4q": null,
            "revenue": 336951,
            "revenue_4q": null,
            "common_shares": 753762,
            "book_valuer_per_share": 15.82,
            "book_valuer_per_share_4q_avg": 15.21,
            "equity": 1192417,
            "current_ratio": 294.87,
            "debt_ratio": 18.29,
            "inventory_turnover_ratio": 1.51,
            "account_receivable_turnover_ratio": null,
            "reinvestment_rate": 23.87,
            "research_to_sale_ratio": null,
            "price_fair": 36.81,
            "eps_avg_yearly": 2.81,
            "eps_latest_yearly": 2.92,
            "eps_growth_yearly": 3.12
        },
        "20062": {
            "year_quarter": 20062,
            "year": 2006,
            "quarter": 2,
            "eps": 1.21,
            "eps_growth_year": 124.07,
            "eps_4q": 2.77,
            "eps_4q_growth_year": 130.33,
            "roe": 7.73,
            "roe_4q": 18.44,
            "gross_profit": 170204,
            "gross_margin": 43.19,
            "gross_margin_4q_avg": 41.64,
            "net_income": 93891,
            "net_income_4q": null,
            "revenue": 394078,
            "revenue_4q": null,
            "common_shares": 753762,
            "book_valuer_per_share": 16.43,
            "book_valuer_per_share_4q_avg": 15.5,
            "equity": 1238296,
            "current_ratio": 270.65,
            "debt_ratio": 20.44,
            "inventory_turnover_ratio": 1.96,
            "account_receivable_turnover_ratio": null,
            "reinvestment_rate": 15.53,
            "research_to_sale_ratio": null,
            "price_fair": 88.87,
            "eps_avg_yearly": 2.83,
            "eps_latest_yearly": 4.84,
            "eps_growth_yearly": 21.39
        },
        "20063": {
            "year_quarter": 20063,
            "year": 2006,
            "quarter": 3,
            "eps": 0.65,
            "eps_growth_year": 75.68,
            "eps_4q": 3.07,
            "eps_4q_growth_year": 188.42,
            "roe": 3.98,
            "roe_4q": 19.85,
            "gross_profit": 105333,
            "gross_margin": 38.83,
            "gross_margin_4q_avg": 41.44,
            "net_income": 50389,
            "net_income_4q": null,
            "revenue": 271239,
            "revenue_4q": null,
            "common_shares": 773000,
            "book_valuer_per_share": 16.71,
            "book_valuer_per_share_4q_avg": 16.02,
            "equity": 1291825,
            "current_ratio": 356.24,
            "debt_ratio": 16.28,
            "inventory_turnover_ratio": 1.64,
            "account_receivable_turnover_ratio": null,
            "reinvestment_rate": 1.81,
            "research_to_sale_ratio": null,
            "price_fair": 64.85,
            "eps_avg_yearly": 2.76,
            "eps_latest_yearly": 2.6,
            "eps_growth_yearly": 13.52
        },
        "20064": {
            "year_quarter": 20064,
            "year": 2006,
            "quarter": 4,
            "eps": 0.69,
            "eps_growth_year": 35.29,
            "eps_4q": 3.27,
            "eps_4q_growth_year": 229.26,
            "roe": 4.04,
            "roe_4q": 20.44,
            "gross_profit": 114326,
            "gross_margin": 38.36,
            "gross_margin_4q_avg": 40.44,
            "net_income": 53175,
            "net_income_4q": null,
            "revenue": 298023,
            "revenue_4q": null,
            "common_shares": 773000,
            "book_valuer_per_share": 17.34,
            "book_valuer_per_share_4q_avg": 16.58,
            "equity": 1340338,
            "current_ratio": 274.14,
            "debt_ratio": 18.91,
            "inventory_turnover_ratio": 1.83,
            "account_receivable_turnover_ratio": null,
            "reinvestment_rate": 18.28,
            "research_to_sale_ratio": null,
            "price_fair": 83.98,
            "eps_avg_yearly": 2.74,
            "eps_latest_yearly": 2.76,
            "eps_growth_yearly": 20.62
        },
        "20071": {
            "year_quarter": 20071,
            "year": 2007,
            "quarter": 1,
            "eps": 0.73,
            "eps_growth_year": 0,
            "eps_4q": 3.28,
            "eps_4q_growth_year": 51.78,
            "roe": 4.12,
            "roe_4q": 19.87,
            "gross_profit": 112741,
            "gross_margin": 37.58,
            "gross_margin_4q_avg": 39.49,
            "net_income": 56467,
            "net_income_4q": null,
            "revenue": 300026,
            "revenue_4q": null,
            "common_shares": 773000,
            "book_valuer_per_share": 18.1,
            "book_valuer_per_share_4q_avg": 17.15,
            "equity": 1399027,
            "current_ratio": 343.66,
            "debt_ratio": 16.23,
            "inventory_turnover_ratio": 1.93,
            "account_receivable_turnover_ratio": null,
            "reinvestment_rate": -1.1,
            "research_to_sale_ratio": null,
            "price_fair": 96.53,
            "eps_avg_yearly": 2.76,
            "eps_latest_yearly": 2.92,
            "eps_growth_yearly": 24.98
        },
        "20072": {
            "year_quarter": 20072,
            "year": 2007,
            "quarter": 2,
            "eps": 0.79,
            "eps_growth_year": -34.71,
            "eps_4q": 2.79,
            "eps_4q_growth_year": 0.43,
            "roe": 4.76,
            "roe_4q": 16.9,
            "gross_profit": 135953,
            "gross_margin": 39.01,
            "gross_margin_4q_avg": 38.45,
            "net_income": 63368,
            "net_income_4q": null,
            "revenue": 348464,
            "revenue_4q": null,
            "common_shares": 773000,
            "book_valuer_per_share": 16.35,
            "book_valuer_per_share_4q_avg": 17.13,
            "equity": 1264018,
            "current_ratio": 202.52,
            "debt_ratio": 26.21,
            "inventory_turnover_ratio": 2.25,
            "account_receivable_turnover_ratio": null,
            "reinvestment_rate": -4.43,
            "research_to_sale_ratio": null,
            "price_fair": 98.6,
            "eps_avg_yearly": 2.82,
            "eps_latest_yearly": 3.16,
            "eps_growth_yearly": 30.74
        },
        "20073": {
            "year_quarter": 20073,
            "year": 2007,
            "quarter": 3,
            "eps": 0.75,
            "eps_growth_year": 15.38,
            "eps_4q": 2.92,
            "eps_4q_growth_year": -4.71,
            "roe": 4.62,
            "roe_4q": 17.54,
            "gross_profit": 119715,
            "gross_margin": 37.71,
            "gross_margin_4q_avg": 38.17,
            "net_income": 59754,
            "net_income_4q": null,
            "revenue": 317493,
            "revenue_4q": null,
            "common_shares": 800000,
            "book_valuer_per_share": 16.54,
            "book_valuer_per_share_4q_avg": 17.08,
            "equity": 1323102,
            "current_ratio": 211.36,
            "debt_ratio": 14.96,
            "inventory_turnover_ratio": 2.1,
            "account_receivable_turnover_ratio": null,
            "reinvestment_rate": -4.62,
            "research_to_sale_ratio": null,
            "price_fair": 84.5,
            "eps_avg_yearly": 2.81,
            "eps_latest_yearly": 3,
            "eps_growth_yearly": 20.09
        },
        "20074": {
            "year_quarter": 20074,
            "year": 2007,
            "quarter": 4,
            "eps": -0.35,
            "eps_growth_year": -150.72,
            "eps_4q": 1.89,
            "eps_4q_growth_year": -42.24,
            "roe": -2.16,
            "roe_4q": 11.34,
            "gross_profit": 113957,
            "gross_margin": 36.95,
            "gross_margin_4q_avg": 37.81,
            "net_income": -28279,
            "net_income_4q": null,
            "revenue": 308410,
            "revenue_4q": null,
            "common_shares": 800000,
            "book_valuer_per_share": 16.15,
            "book_valuer_per_share_4q_avg": 16.79,
            "equity": 1292034,
            "current_ratio": 270.1,
            "debt_ratio": 22.97,
            "inventory_turnover_ratio": 1.95,
            "account_receivable_turnover_ratio": null,
            "reinvestment_rate": 14.46,
            "research_to_sale_ratio": null,
            "price_fair": 98.75,
            "eps_avg_yearly": 2.82,
            "eps_latest_yearly": 3,
            "eps_growth_yearly": 26.37
        },
        "20081": {
            "year_quarter": 20081,
            "year": 2008,
            "quarter": 1,
            "eps": 0.29,
            "eps_growth_year": -60.27,
            "eps_4q": 1.48,
            "eps_4q_growth_year": -54.94,
            "roe": 1.78,
            "roe_4q": 9,
            "gross_profit": 104233,
            "gross_margin": 33.54,
            "gross_margin_4q_avg": 36.8,
            "net_income": 23130,
            "net_income_4q": null,
            "revenue": 310733,
            "revenue_4q": null,
            "common_shares": 800000,
            "book_valuer_per_share": 16.33,
            "book_valuer_per_share_4q_avg": 16.34,
            "equity": 1306237,
            "current_ratio": 289.2,
            "debt_ratio": 21.42,
            "inventory_turnover_ratio": 1.98,
            "account_receivable_turnover_ratio": null,
            "reinvestment_rate": 18.28,
            "research_to_sale_ratio": null,
            "price_fair": 87.87,
            "eps_avg_yearly": 2.79,
            "eps_latest_yearly": 3,
            "eps_growth_yearly": 21.49
        },
        "20082": {
            "year_quarter": 20082,
            "year": 2008,
            "quarter": 2,
            "eps": 0.53,
            "eps_growth_year": -32.91,
            "eps_4q": 1.2,
            "eps_4q_growth_year": -57.04,
            "roe": 3.41,
            "roe_4q": 7.65,
            "gross_profit": 108412,
            "gross_margin": 32.43,
            "gross_margin_4q_avg": 35.16,
            "net_income": 43425,
            "net_income_4q": null,
            "revenue": 334305,
            "revenue_4q": null,
            "common_shares": 800000,
            "book_valuer_per_share": 15.48,
            "book_valuer_per_share_4q_avg": 16.13,
            "equity": 1238714,
            "current_ratio": 224.43,
            "debt_ratio": 25.51,
            "inventory_turnover_ratio": 2.03,
            "account_receivable_turnover_ratio": null,
            "reinvestment_rate": 18.08,
            "research_to_sale_ratio": null,
            "price_fair": 94.85,
            "eps_avg_yearly": 2.71,
            "eps_latest_yearly": 2.12,
            "eps_growth_yearly": 50.33
        },
        "20083": {
            "year_quarter": 20083,
            "year": 2008,
            "quarter": 3,
            "eps": 0.54,
            "eps_growth_year": -28,
            "eps_4q": 1.01,
            "eps_4q_growth_year": -65.37,
            "roe": 3.46,
            "roe_4q": 6.49,
            "gross_profit": 109348,
            "gross_margin": 34.83,
            "gross_margin_4q_avg": 34.44,
            "net_income": 43821,
            "net_income_4q": null,
            "revenue": 313975,
            "revenue_4q": null,
            "common_shares": 818000,
            "book_valuer_per_share": 15.81,
            "book_valuer_per_share_4q_avg": 15.94,
            "equity": 1292996,
            "current_ratio": 244.89,
            "debt_ratio": 23.73,
            "inventory_turnover_ratio": 1.62,
            "account_receivable_turnover_ratio": null,
            "reinvestment_rate": 18.38,
            "research_to_sale_ratio": null,
            "price_fair": 94.73,
            "eps_avg_yearly": 2.71,
            "eps_latest_yearly": 2.16,
            "eps_growth_yearly": 60.48
        },
        "20084": {
            "year_quarter": 20084,
            "year": 2008,
            "quarter": 4,
            "eps": 0.72,
            "eps_growth_year": null,
            "eps_4q": 2.07,
            "eps_4q_growth_year": 9.73,
            "roe": 4.44,
            "roe_4q": 13.09,
            "gross_profit": 135899,
            "gross_margin": 38.45,
            "gross_margin_4q_avg": 34.81,
            "net_income": 58701,
            "net_income_4q": null,
            "revenue": 353462,
            "revenue_4q": null,
            "common_shares": 818000,
            "book_valuer_per_share": 16.53,
            "book_valuer_per_share_4q_avg": 16.04,
            "equity": 1351770,
            "current_ratio": 325.48,
            "debt_ratio": 18.88,
            "inventory_turnover_ratio": 1.63,
            "account_receivable_turnover_ratio": 2.66,
            "reinvestment_rate": 17.33,
            "research_to_sale_ratio": null,
            "price_fair": 95.9,
            "eps_avg_yearly": 2.74,
            "eps_latest_yearly": 2.88,
            "eps_growth_yearly": 67.35
        },
        "20091": {
            "year_quarter": 20091,
            "year": 2009,
            "quarter": 1,
            "eps": 0.72,
            "eps_growth_year": 148.28,
            "eps_4q": 2.51,
            "eps_4q_growth_year": 69.5,
            "roe": 4.25,
            "roe_4q": 15.560000000000002,
            "gross_profit": 123825,
            "gross_margin": 42.12,
            "gross_margin_4q_avg": 36.96,
            "net_income": 58799,
            "net_income_4q": null,
            "revenue": 293950,
            "revenue_4q": null,
            "common_shares": 818000,
            "book_valuer_per_share": 17.29,
            "book_valuer_per_share_4q_avg": 16.28,
            "equity": 1413981,
            "current_ratio": 367.36,
            "debt_ratio": 17.61,
            "inventory_turnover_ratio": 1.29,
            "account_receivable_turnover_ratio": 1.16,
            "reinvestment_rate": 13.09,
            "research_to_sale_ratio": null,
            "price_fair": 96.28,
            "eps_avg_yearly": 2.75,
            "eps_latest_yearly": 2.88,
            "eps_growth_yearly": 62.17
        },
        "20092": {
            "year_quarter": 20092,
            "year": 2009,
            "quarter": 2,
            "eps": 0.99,
            "eps_growth_year": 86.79,
            "eps_4q": 2.97,
            "eps_4q_growth_year": 148.39,
            "roe": 5.81,
            "roe_4q": 17.96,
            "gross_profit": 180754,
            "gross_margin": 44.49,
            "gross_margin_4q_avg": 39.97,
            "net_income": 80585,
            "net_income_4q": null,
            "revenue": 406269,
            "revenue_4q": null,
            "common_shares": 818000,
            "book_valuer_per_share": 16.63,
            "book_valuer_per_share_4q_avg": 16.57,
            "equity": 1360444,
            "current_ratio": 222.54,
            "debt_ratio": 26.73,
            "inventory_turnover_ratio": 1.73,
            "account_receivable_turnover_ratio": 1.6,
            "reinvestment_rate": 12.55,
            "research_to_sale_ratio": null,
            "price_fair": 99.3,
            "eps_avg_yearly": 2.84,
            "eps_latest_yearly": 3.96,
            "eps_growth_yearly": 68.44
        },
        "20093": {
            "year_quarter": 20093,
            "year": 2009,
            "quarter": 3,
            "eps": 1.61,
            "eps_growth_year": 198.15,
            "eps_4q": 3.98,
            "eps_4q_growth_year": 293.1,
            "roe": 9.44,
            "roe_4q": 23.94,
            "gross_profit": 200178,
            "gross_margin": 45.25,
            "gross_margin_4q_avg": 42.58,
            "net_income": 134743,
            "net_income_4q": null,
            "revenue": 442362,
            "revenue_4q": null,
            "common_shares": 837885,
            "book_valuer_per_share": 17.84,
            "book_valuer_per_share_4q_avg": 17.07,
            "equity": 1494463,
            "current_ratio": 325.27,
            "debt_ratio": 20.18,
            "inventory_turnover_ratio": 1.76,
            "account_receivable_turnover_ratio": 1.56,
            "reinvestment_rate": 8.45,
            "research_to_sale_ratio": null,
            "price_fair": 111.7,
            "eps_avg_yearly": 3.19,
            "eps_latest_yearly": 6.44,
            "eps_growth_yearly": 95.33
        },
        "20094": {
            "year_quarter": 20094,
            "year": 2009,
            "quarter": 4,
            "eps": 0.89,
            "eps_growth_year": 23.61,
            "eps_4q": 4.16,
            "eps_4q_growth_year": 100.62,
            "roe": 4.87,
            "roe_4q": 24.369999999999997,
            "gross_profit": 194002,
            "gross_margin": 41.85,
            "gross_margin_4q_avg": 43.43,
            "net_income": 74468,
            "net_income_4q": null,
            "revenue": 463525,
            "revenue_4q": null,
            "common_shares": 837885,
            "book_valuer_per_share": 18.64,
            "book_valuer_per_share_4q_avg": 17.6,
            "equity": 1561431,
            "current_ratio": 284.38,
            "debt_ratio": 23.05,
            "inventory_turnover_ratio": 1.67,
            "account_receivable_turnover_ratio": 2.98,
            "reinvestment_rate": 27.91,
            "research_to_sale_ratio": null,
            "price_fair": 115.5,
            "eps_avg_yearly": 3.3,
            "eps_latest_yearly": 3.56,
            "eps_growth_yearly": 71.74
        },
        "20101": {
            "year_quarter": 20101,
            "year": 2010,
            "quarter": 1,
            "eps": 0.93,
            "eps_growth_year": 29.17,
            "eps_4q": 4.39,
            "eps_4q_growth_year": 75.17,
            "roe": 4.89,
            "roe_4q": 25.009999999999998,
            "gross_profit": 157747,
            "gross_margin": 40.78,
            "gross_margin_4q_avg": 43.09,
            "net_income": 78188,
            "net_income_4q": null,
            "revenue": 386818,
            "revenue_4q": null,
            "common_shares": 837885,
            "book_valuer_per_share": 19.55,
            "book_valuer_per_share_4q_avg": 18.17,
            "equity": 1638313,
            "current_ratio": 325.21,
            "debt_ratio": 20.48,
            "inventory_turnover_ratio": 1.15,
            "account_receivable_turnover_ratio": 1.3,
            "reinvestment_rate": 29.96,
            "research_to_sale_ratio": 3.77,
            "price_fair": 117.5,
            "eps_avg_yearly": 3.36,
            "eps_latest_yearly": 3.72,
            "eps_growth_yearly": 60.7
        },
        "20102": {
            "year_quarter": 20102,
            "year": 2010,
            "quarter": 2,
            "eps": 1.15,
            "eps_growth_year": 16.52,
            "eps_4q": 4.44,
            "eps_4q_growth_year": 49.28,
            "roe": 6.46,
            "roe_4q": 25.659999999999997,
            "gross_profit": 201644,
            "gross_margin": 40.12,
            "gross_margin_4q_avg": 42,
            "net_income": 100984,
            "net_income_4q": null,
            "revenue": 502580,
            "revenue_4q": null,
            "common_shares": 837885,
            "book_valuer_per_share": 17.79,
            "book_valuer_per_share_4q_avg": 18.46,
            "equity": 1490238,
            "current_ratio": 200.3,
            "debt_ratio": 31.43,
            "inventory_turnover_ratio": 1.33,
            "account_receivable_turnover_ratio": 1.59,
            "reinvestment_rate": 29.75,
            "research_to_sale_ratio": 3.46,
            "price_fair": 116.9,
            "eps_avg_yearly": 3.34,
            "eps_latest_yearly": 4.6,
            "eps_growth_yearly": 48.67
        },
        "20103": {
            "year_quarter": 20103,
            "year": 2010,
            "quarter": 3,
            "eps": 0.95,
            "eps_growth_year": -40.81,
            "eps_4q": 3.85,
            "eps_4q_growth_year": -3.19,
            "roe": 5.45,
            "roe_4q": 21.67,
            "gross_profit": 178696,
            "gross_margin": 41.25,
            "gross_margin_4q_avg": 41,
            "net_income": 83420,
            "net_income_4q": null,
            "revenue": 433168,
            "revenue_4q": null,
            "common_shares": 875438,
            "book_valuer_per_share": 17.93,
            "book_valuer_per_share_4q_avg": 18.48,
            "equity": 1569942,
            "current_ratio": 322.73,
            "debt_ratio": 19.6,
            "inventory_turnover_ratio": 1.09,
            "account_receivable_turnover_ratio": 1.33,
            "reinvestment_rate": 29.01,
            "research_to_sale_ratio": 3.74,
            "price_fair": 119.9,
            "eps_avg_yearly": 3.43,
            "eps_latest_yearly": 3.8,
            "eps_growth_yearly": 56.93
        },
        "20104": {
            "year_quarter": 20104,
            "year": 2010,
            "quarter": 4,
            "eps": 0.6,
            "eps_growth_year": -32.93,
            "eps_4q": 3.6,
            "eps_4q_growth_year": -13.55,
            "roe": 3.29,
            "roe_4q": 20.09,
            "gross_profit": 150067,
            "gross_margin": 39.56,
            "gross_margin_4q_avg": 40.43,
            "net_income": 52259,
            "net_income_4q": null,
            "revenue": 379339,
            "revenue_4q": null,
            "common_shares": 875438,
            "book_valuer_per_share": 18.39,
            "book_valuer_per_share_4q_avg": 18.42,
            "equity": 1610013,
            "current_ratio": 343.35,
            "debt_ratio": 19.13,
            "inventory_turnover_ratio": 0.98,
            "account_receivable_turnover_ratio": 1.35,
            "reinvestment_rate": 14.84,
            "research_to_sale_ratio": 3.58,
            "price_fair": 119,
            "eps_avg_yearly": 3.4,
            "eps_latest_yearly": 2.4,
            "eps_growth_yearly": 44.64
        },
        "20111": {
            "year_quarter": 20111,
            "year": 2011,
            "quarter": 1,
            "eps": 0.76,
            "eps_growth_year": -18.28,
            "eps_4q": 3.46,
            "eps_4q_growth_year": -21.16,
            "roe": 4.04,
            "roe_4q": 19.240000000000002,
            "gross_profit": 135457,
            "gross_margin": 36.02,
            "gross_margin_4q_avg": 39.24,
            "net_income": 66457,
            "net_income_4q": null,
            "revenue": 376073,
            "revenue_4q": null,
            "common_shares": 875438,
            "book_valuer_per_share": 19.16,
            "book_valuer_per_share_4q_avg": 18.32,
            "equity": 1677522,
            "current_ratio": 362.73,
            "debt_ratio": 18.36,
            "inventory_turnover_ratio": 1.01,
            "account_receivable_turnover_ratio": 1.43,
            "reinvestment_rate": 30.88,
            "research_to_sale_ratio": 3.35,
            "price_fair": 119.3,
            "eps_avg_yearly": 3.41,
            "eps_latest_yearly": 3.04,
            "eps_growth_yearly": 50.61
        },
        "20112": {
            "year_quarter": 20112,
            "year": 2011,
            "quarter": 2,
            "eps": 0.87,
            "eps_growth_year": -24.55,
            "eps_4q": 3.09,
            "eps_4q_growth_year": -30.36,
            "roe": 4.95,
            "roe_4q": 17.73,
            "gross_profit": 163225,
            "gross_margin": 41.31,
            "gross_margin_4q_avg": 39.54,
            "net_income": 79279,
            "net_income_4q": null,
            "revenue": 395164,
            "revenue_4q": null,
            "common_shares": 875438,
            "book_valuer_per_share": 17.46,
            "book_valuer_per_share_4q_avg": 18.24,
            "equity": 1528089,
            "current_ratio": 212.54,
            "debt_ratio": 27.66,
            "inventory_turnover_ratio": 0.97,
            "account_receivable_turnover_ratio": 1.43,
            "reinvestment_rate": 36.8,
            "research_to_sale_ratio": 3.68,
            "price_fair": 120.1,
            "eps_avg_yearly": 3.43,
            "eps_latest_yearly": 3.48,
            "eps_growth_yearly": 52.39
        },
        "20113": {
            "year_quarter": 20113,
            "year": 2011,
            "quarter": 3,
            "eps": 0.64,
            "eps_growth_year": -32.53,
            "eps_4q": 2.82,
            "eps_4q_growth_year": -26.85,
            "roe": 3.75,
            "roe_4q": 16.029999999999998,
            "gross_profit": 118936,
            "gross_margin": 33.85,
            "gross_margin_4q_avg": 37.69,
            "net_income": 58560,
            "net_income_4q": null,
            "revenue": 351318,
            "revenue_4q": null,
            "common_shares": 910887,
            "book_valuer_per_share": 17.54,
            "book_valuer_per_share_4q_avg": 18.14,
            "equity": 1597600,
            "current_ratio": 229.04,
            "debt_ratio": 23.72,
            "inventory_turnover_ratio": 0.98,
            "account_receivable_turnover_ratio": 1.27,
            "reinvestment_rate": 48.06,
            "research_to_sale_ratio": 4.02,
            "price_fair": 119,
            "eps_avg_yearly": 3.4,
            "eps_latest_yearly": 2.56,
            "eps_growth_yearly": 46.29
        },
        "20114": {
            "year_quarter": 20114,
            "year": 2011,
            "quarter": 4,
            "eps": 0.46,
            "eps_growth_year": -22.26,
            "eps_4q": 2.71,
            "eps_4q_growth_year": -24.74,
            "roe": 2.61,
            "roe_4q": 15.349999999999998,
            "gross_profit": 134664,
            "gross_margin": 43.34,
            "gross_margin_4q_avg": 38.63,
            "net_income": 42269,
            "net_income_4q": null,
            "revenue": 310711,
            "revenue_4q": null,
            "common_shares": 910887,
            "book_valuer_per_share": 18.02,
            "book_valuer_per_share_4q_avg": 18.05,
            "equity": 1641868,
            "current_ratio": 218.14,
            "debt_ratio": 23.07,
            "inventory_turnover_ratio": 0.73,
            "account_receivable_turnover_ratio": 1.2,
            "reinvestment_rate": 28.08,
            "research_to_sale_ratio": 5.02,
            "price_fair": 115.36,
            "eps_avg_yearly": 3.3,
            "eps_latest_yearly": 1.84,
            "eps_growth_yearly": 35.7
        },
        "20121": {
            "year_quarter": 20121,
            "year": 2012,
            "quarter": 1,
            "eps": 0.34,
            "eps_growth_year": -55.26,
            "eps_4q": 2.32,
            "eps_4q_growth_year": -33.03,
            "roe": 1.88,
            "roe_4q": 13.190000000000001,
            "gross_profit": 114354,
            "gross_margin": 37.6,
            "gross_margin_4q_avg": 39.03,
            "net_income": 31118,
            "net_income_4q": null,
            "revenue": 304166,
            "revenue_4q": null,
            "common_shares": 910887,
            "book_valuer_per_share": 18.3,
            "book_valuer_per_share_4q_avg": 17.83,
            "equity": 1666892,
            "current_ratio": 249.95,
            "debt_ratio": 19.62,
            "inventory_turnover_ratio": 0.78,
            "account_receivable_turnover_ratio": 1.27,
            "reinvestment_rate": 30.19,
            "research_to_sale_ratio": 5.5,
            "price_fair": 111.13,
            "eps_avg_yearly": 3.18,
            "eps_latest_yearly": 1.36,
            "eps_growth_yearly": 26.95
        },
        "20122": {
            "year_quarter": 20122,
            "year": 2012,
            "quarter": 2,
            "eps": 0.46,
            "eps_growth_year": -46.66,
            "eps_4q": 1.91,
            "eps_4q_growth_year": -38.09,
            "roe": 2.68,
            "roe_4q": 10.92,
            "gross_profit": 131370,
            "gross_margin": 38.71,
            "gross_margin_4q_avg": 38.38,
            "net_income": 42286,
            "net_income_4q": null,
            "revenue": 339330,
            "revenue_4q": null,
            "common_shares": 910887,
            "book_valuer_per_share": 16.3,
            "book_valuer_per_share_4q_avg": 17.54,
            "equity": 1484836,
            "current_ratio": 135.28,
            "debt_ratio": 30.73,
            "inventory_turnover_ratio": 0.84,
            "account_receivable_turnover_ratio": 1.44,
            "reinvestment_rate": 39.94,
            "research_to_sale_ratio": 5.32,
            "price_fair": 79.2,
            "eps_avg_yearly": 3.16,
            "eps_latest_yearly": 1.84,
            "eps_growth_yearly": 15.08
        },
        "20123": {
            "year_quarter": 20123,
            "year": 2012,
            "quarter": 3,
            "eps": 0.64,
            "eps_growth_year": -1.09,
            "eps_4q": 1.91,
            "eps_4q_growth_year": -32.34,
            "roe": 3.83,
            "roe_4q": 11,
            "gross_profit": 162919,
            "gross_margin": 43.78,
            "gross_margin_4q_avg": 40.86,
            "net_income": 57922,
            "net_income_4q": null,
            "revenue": 372107,
            "revenue_4q": null,
            "common_shares": 910887,
            "book_valuer_per_share": 16.88,
            "book_valuer_per_share_4q_avg": 17.38,
            "equity": 1537542,
            "current_ratio": 127.69,
            "debt_ratio": 30.1,
            "inventory_turnover_ratio": 0.8,
            "account_receivable_turnover_ratio": 1.48,
            "reinvestment_rate": 48.02,
            "research_to_sale_ratio": 4.58,
            "price_fair": 109.46,
            "eps_avg_yearly": 3.18,
            "eps_latest_yearly": 2.56,
            "eps_growth_yearly": 24.39
        },
        "20124": {
            "year_quarter": 20124,
            "year": 2012,
            "quarter": 4,
            "eps": 0.68,
            "eps_growth_year": 47.51,
            "eps_4q": 2.13,
            "eps_4q_growth_year": -21.45,
            "roe": 3.99,
            "roe_4q": 12.379999999999999,
            "gross_profit": 179594,
            "gross_margin": 44.46,
            "gross_margin_4q_avg": 41.14,
            "net_income": 62351,
            "net_income_4q": null,
            "revenue": 403926,
            "revenue_4q": null,
            "common_shares": 910887,
            "book_valuer_per_share": 17.46,
            "book_valuer_per_share_4q_avg": 17.24,
            "equity": 1590246,
            "current_ratio": 120.26,
            "debt_ratio": 31.22,
            "inventory_turnover_ratio": 0.81,
            "account_receivable_turnover_ratio": 1.53,
            "reinvestment_rate": 61.14,
            "research_to_sale_ratio": 4.14,
            "price_fair": 87.63,
            "eps_avg_yearly": 3.17,
            "eps_latest_yearly": 2.72,
            "eps_growth_yearly": 17.62
        },
        "20131": {
            "year_quarter": 20131,
            "year": 2013,
            "quarter": 1,
            "eps": 0.7,
            "eps_growth_year": 105.88,
            "eps_4q": 2.49,
            "eps_4q_growth_year": 7.18,
            "roe": 3.94,
            "roe_4q": 14.44,
            "gross_profit": 167705,
            "gross_margin": 41.83,
            "gross_margin_4q_avg": 42.2,
            "net_income": 63843,
            "net_income_4q": null,
            "revenue": 400918,
            "revenue_4q": null,
            "common_shares": 910887,
            "book_valuer_per_share": 18.09,
            "book_valuer_per_share_4q_avg": 17.18,
            "equity": 1648102,
            "current_ratio": 148.76,
            "debt_ratio": 32,
            "inventory_turnover_ratio": 0.82,
            "account_receivable_turnover_ratio": 1.5,
            "reinvestment_rate": 79.31,
            "research_to_sale_ratio": 4.21,
            "price_fair": 89.82,
            "eps_avg_yearly": 3.17,
            "eps_latest_yearly": 2.8,
            "eps_growth_yearly": 18.36
        },
        "20132": {
            "year_quarter": 20132,
            "year": 2013,
            "quarter": 2,
            "eps": 0.59,
            "eps_growth_year": 27.09,
            "eps_4q": 2.61,
            "eps_4q_growth_year": 36.37,
            "roe": 3.35,
            "roe_4q": 15.110000000000001,
            "gross_profit": 169778,
            "gross_margin": 39.32,
            "gross_margin_4q_avg": 42.35,
            "net_income": 53480,
            "net_income_4q": null,
            "revenue": 431777,
            "revenue_4q": null,
            "common_shares": 910887,
            "book_valuer_per_share": 17.01,
            "book_valuer_per_share_4q_avg": 17.36,
            "equity": 1549385,
            "current_ratio": 114.32,
            "debt_ratio": 44.58,
            "inventory_turnover_ratio": 0.94,
            "account_receivable_turnover_ratio": 1.49,
            "reinvestment_rate": 86.55,
            "research_to_sale_ratio": 4.22,
            "price_fair": 46.18,
            "eps_avg_yearly": 3.07,
            "eps_latest_yearly": 2.36,
            "eps_growth_yearly": 5.05
        },
        "20133": {
            "year_quarter": 20133,
            "year": 2013,
            "quarter": 3,
            "eps": 0.56,
            "eps_growth_year": -11.93,
            "eps_4q": 2.53,
            "eps_4q_growth_year": 32.74,
            "roe": 3.23,
            "roe_4q": 14.51,
            "gross_profit": 167806,
            "gross_margin": 38.76,
            "gross_margin_4q_avg": 41.09,
            "net_income": 50753,
            "net_income_4q": null,
            "revenue": 432934,
            "revenue_4q": null,
            "common_shares": 910887,
            "book_valuer_per_share": 17.51,
            "book_valuer_per_share_4q_avg": 17.52,
            "equity": 1595001,
            "current_ratio": 130.31,
            "debt_ratio": 43.39,
            "inventory_turnover_ratio": 0.97,
            "account_receivable_turnover_ratio": 1.43,
            "reinvestment_rate": 97.22,
            "research_to_sale_ratio": 4.3,
            "price_fair": 8.42,
            "eps_avg_yearly": 2.81,
            "eps_latest_yearly": 2.24,
            "eps_growth_yearly": -11.87
        },
        "20134": {
            "year_quarter": 20134,
            "year": 2013,
            "quarter": 4,
            "eps": 0.57,
            "eps_growth_year": -17.15,
            "eps_4q": 2.41,
            "eps_4q_growth_year": 13.45,
            "roe": 3.18,
            "roe_4q": 13.7,
            "gross_profit": 172658,
            "gross_margin": 37.53,
            "gross_margin_4q_avg": 39.36,
            "net_income": 51658,
            "net_income_4q": null,
            "revenue": 460023,
            "revenue_4q": null,
            "common_shares": 910887,
            "book_valuer_per_share": 18.16,
            "book_valuer_per_share_4q_avg": 17.69,
            "equity": 1653960,
            "current_ratio": 144.28,
            "debt_ratio": 37.87,
            "inventory_turnover_ratio": 1.03,
            "account_receivable_turnover_ratio": 1.54,
            "reinvestment_rate": 83.68,
            "research_to_sale_ratio": 4.15,
            "price_fair": 8.18,
            "eps_avg_yearly": 2.73,
            "eps_latest_yearly": 2.28,
            "eps_growth_yearly": -0.25
        },
        "20141": {
            "year_quarter": 20141,
            "year": 2014,
            "quarter": 1,
            "eps": 0.84,
            "eps_growth_year": 20,
            "eps_4q": 2.56,
            "eps_4q_growth_year": 2.82,
            "roe": 4.53,
            "roe_4q": 14.290000000000001,
            "gross_profit": 191760,
            "gross_margin": 42.46,
            "gross_margin_4q_avg": 39.52,
            "net_income": 76899,
            "net_income_4q": null,
            "revenue": 451608,
            "revenue_4q": null,
            "common_shares": 910887,
            "book_valuer_per_share": 19.13,
            "book_valuer_per_share_4q_avg": 17.95,
            "equity": 1742437,
            "current_ratio": 112.21,
            "debt_ratio": 41.08,
            "inventory_turnover_ratio": 0.85,
            "account_receivable_turnover_ratio": 1.42,
            "reinvestment_rate": 81.65,
            "research_to_sale_ratio": 4.2,
            "price_fair": 55.32,
            "eps_avg_yearly": 2.7,
            "eps_latest_yearly": 3.36,
            "eps_growth_yearly": 10.47
        },
        "20142": {
            "year_quarter": 20142,
            "year": 2014,
            "quarter": 2,
            "eps": 0.7,
            "eps_growth_year": 18.64,
            "eps_4q": 2.67,
            "eps_4q_growth_year": 2.25,
            "roe": 3.82,
            "roe_4q": 14.76,
            "gross_profit": 209642,
            "gross_margin": 43.37,
            "gross_margin_4q_avg": 40.53,
            "net_income": 63622,
            "net_income_4q": null,
            "revenue": 483379,
            "revenue_4q": null,
            "common_shares": 910887,
            "book_valuer_per_share": 17.45,
            "book_valuer_per_share_4q_avg": 18.06,
            "equity": 1589672,
            "current_ratio": 57.18,
            "debt_ratio": 55.48,
            "inventory_turnover_ratio": 0.8,
            "account_receivable_turnover_ratio": 1.49,
            "reinvestment_rate": 103.03,
            "research_to_sale_ratio": 4.71,
            "price_fair": 25.9,
            "eps_avg_yearly": 2.59,
            "eps_latest_yearly": 2.8,
            "eps_growth_yearly": 0.39
        },
        "20143": {
            "year_quarter": 20143,
            "year": 2014,
            "quarter": 3,
            "eps": 0.65,
            "eps_growth_year": 16.07,
            "eps_4q": 2.76,
            "eps_4q_growth_year": 8.94,
            "roe": 3.62,
            "roe_4q": 15.149999999999999,
            "gross_profit": 188997,
            "gross_margin": 41.06,
            "gross_margin_4q_avg": 41.11,
            "net_income": 58850,
            "net_income_4q": null,
            "revenue": 460274,
            "revenue_4q": null,
            "common_shares": 910887,
            "book_valuer_per_share": 18.21,
            "book_valuer_per_share_4q_avg": 18.24,
            "equity": 1659045,
            "current_ratio": 58.79,
            "debt_ratio": 52.72,
            "inventory_turnover_ratio": 0.76,
            "account_receivable_turnover_ratio": 1.5,
            "reinvestment_rate": 104.72,
            "research_to_sale_ratio": 4.73,
            "price_fair": 32.58,
            "eps_avg_yearly": 2.52,
            "eps_latest_yearly": 2.6,
            "eps_growth_yearly": 2.95
        },
        "20144": {
            "year_quarter": 20144,
            "year": 2014,
            "quarter": 4,
            "eps": 0.89,
            "eps_growth_year": 56.63,
            "eps_4q": 3.08,
            "eps_4q_growth_year": 27.56,
            "roe": 4.73,
            "roe_4q": 16.700000000000003,
            "gross_profit": 192896,
            "gross_margin": 41.76,
            "gross_margin_4q_avg": 42.16,
            "net_income": 80913,
            "net_income_4q": null,
            "revenue": 461924,
            "revenue_4q": null,
            "common_shares": 910887,
            "book_valuer_per_share": 19.38,
            "book_valuer_per_share_4q_avg": 18.54,
            "equity": 1765545,
            "current_ratio": 66.53,
            "debt_ratio": 52.07,
            "inventory_turnover_ratio": 0.77,
            "account_receivable_turnover_ratio": 1.45,
            "reinvestment_rate": 105.17,
            "research_to_sale_ratio": 4.77,
            "price_fair": 81.23,
            "eps_avg_yearly": 2.59,
            "eps_latest_yearly": 3.56,
            "eps_growth_yearly": 21.39
        },
        "20151": {
            "year_quarter": 20151,
            "year": 2015,
            "quarter": 1,
            "eps": 0.63,
            "eps_growth_year": -25,
            "eps_4q": 2.86,
            "eps_4q_growth_year": 12.04,
            "roe": 3.21,
            "roe_4q": 15.38,
            "gross_profit": 190665,
            "gross_margin": 42.63,
            "gross_margin_4q_avg": 42.21,
            "net_income": 57433,
            "net_income_4q": null,
            "revenue": 447296,
            "revenue_4q": null,
            "common_shares": 910887,
            "book_valuer_per_share": 19.94,
            "book_valuer_per_share_4q_avg": 18.75,
            "equity": 1816368,
            "current_ratio": 68.67,
            "debt_ratio": 50.22,
            "inventory_turnover_ratio": 0.74,
            "account_receivable_turnover_ratio": 1.36,
            "reinvestment_rate": 101.47,
            "research_to_sale_ratio": 4.28,
            "price_fair": 44.52,
            "eps_avg_yearly": 2.56,
            "eps_latest_yearly": 2.52,
            "eps_growth_yearly": 7.42
        },
        "20152": {
            "year_quarter": 20152,
            "year": 2015,
            "quarter": 2,
            "eps": 0.81,
            "eps_growth_year": 15.71,
            "eps_4q": 2.97,
            "eps_4q_growth_year": 11.47,
            "roe": 4.28,
            "roe_4q": 15.84,
            "gross_profit": 220062,
            "gross_margin": 42.34,
            "gross_margin_4q_avg": 41.95,
            "net_income": 73595,
            "net_income_4q": null,
            "revenue": 519757,
            "revenue_4q": null,
            "common_shares": 910887,
            "book_valuer_per_share": 17.86,
            "book_valuer_per_share_4q_avg": 18.85,
            "equity": 1626661,
            "current_ratio": 60.8,
            "debt_ratio": 54.83,
            "inventory_turnover_ratio": 0.88,
            "account_receivable_turnover_ratio": 1.53,
            "reinvestment_rate": 91.67,
            "research_to_sale_ratio": 3.37,
            "price_fair": 53.21,
            "eps_avg_yearly": 2.54,
            "eps_latest_yearly": 3.24,
            "eps_growth_yearly": 10.95
        },
        "20153": {
            "year_quarter": 20153,
            "year": 2015,
            "quarter": 3,
            "eps": 1,
            "eps_growth_year": 53.85,
            "eps_4q": 3.32,
            "eps_4q_growth_year": 20.63,
            "roe": 5.38,
            "roe_4q": 17.6,
            "gross_profit": 205982,
            "gross_margin": 42.69,
            "gross_margin_4q_avg": 42.36,
            "net_income": 90865,
            "net_income_4q": null,
            "revenue": 482460,
            "revenue_4q": null,
            "common_shares": 910887,
            "book_valuer_per_share": 19.22,
            "book_valuer_per_share_4q_avg": 19.1,
            "equity": 1750612,
            "current_ratio": 67.76,
            "debt_ratio": 52.71,
            "inventory_turnover_ratio": 0.86,
            "account_receivable_turnover_ratio": 1.34,
            "reinvestment_rate": 81.72,
            "research_to_sale_ratio": 4.32,
            "price_fair": 87.9,
            "eps_avg_yearly": 2.63,
            "eps_latest_yearly": 4,
            "eps_growth_yearly": 23.42
        },
        "20154": {
            "year_quarter": 20154,
            "year": 2015,
            "quarter": 4,
            "eps": 1.26,
            "eps_growth_year": 42.17,
            "eps_4q": 3.7,
            "eps_4q_growth_year": 20.21,
            "roe": 6.37,
            "roe_4q": 19.240000000000002,
            "gross_profit": 213248,
            "gross_margin": 46.43,
            "gross_margin_4q_avg": 43.52,
            "net_income": 115032,
            "net_income_4q": null,
            "revenue": 459308,
            "revenue_4q": null,
            "common_shares": 910887,
            "book_valuer_per_share": 20.41,
            "book_valuer_per_share_4q_avg": 19.36,
            "equity": 1859488,
            "current_ratio": 92.59,
            "debt_ratio": 48.97,
            "inventory_turnover_ratio": 0.77,
            "account_receivable_turnover_ratio": 1.38,
            "reinvestment_rate": 53.09,
            "research_to_sale_ratio": 4.47,
            "price_fair": 99.05,
            "eps_avg_yearly": 2.83,
            "eps_latest_yearly": 5.04,
            "eps_growth_yearly": 36.95
        },
        "20161": {
            "year_quarter": 20161,
            "year": 2016,
            "quarter": 1,
            "eps": 1.04,
            "eps_growth_year": 65.08,
            "eps_4q": 4.11,
            "eps_4q_growth_year": 43.56,
            "roe": 5,
            "roe_4q": 21.03,
            "gross_profit": 234351,
            "gross_margin": 48.46,
            "gross_margin_4q_avg": 44.98,
            "net_income": 94949,
            "net_income_4q": null,
            "revenue": 483635,
            "revenue_4q": null,
            "common_shares": 910887,
            "book_valuer_per_share": 21.32,
            "book_valuer_per_share_4q_avg": 19.7,
            "equity": 1942097,
            "current_ratio": 99.14,
            "debt_ratio": 46.47,
            "inventory_turnover_ratio": 0.84,
            "account_receivable_turnover_ratio": 1.56,
            "reinvestment_rate": 47.17,
            "research_to_sale_ratio": 4.04,
            "price_fair": 105.18,
            "eps_avg_yearly": 3.01,
            "eps_latest_yearly": 4.16,
            "eps_growth_yearly": 39.11
        },
        "20162": {
            "year_quarter": 20162,
            "year": 2016,
            "quarter": 2,
            "eps": 1.18,
            "eps_growth_year": 45.68,
            "eps_4q": 4.48,
            "eps_4q_growth_year": 50.76,
            "roe": 5.77,
            "roe_4q": 22.52,
            "gross_profit": 246615,
            "gross_margin": 48.38,
            "gross_margin_4q_avg": 46.49,
            "net_income": 107386,
            "net_income_4q": null,
            "revenue": 509750,
            "revenue_4q": null,
            "common_shares": 910887,
            "book_valuer_per_share": 19.52,
            "book_valuer_per_share_4q_avg": 20.12,
            "equity": 1778046,
            "current_ratio": 85.56,
            "debt_ratio": 51.23,
            "inventory_turnover_ratio": 0.98,
            "account_receivable_turnover_ratio": 1.66,
            "reinvestment_rate": 34.68,
            "research_to_sale_ratio": 3.97,
            "price_fair": 111.48,
            "eps_avg_yearly": 3.19,
            "eps_latest_yearly": 4.72,
            "eps_growth_yearly": 33.65
        },
        "20163": {
            "year_quarter": 20163,
            "year": 2016,
            "quarter": 3,
            "eps": 0.89,
            "eps_growth_year": -11,
            "eps_4q": 4.54,
            "eps_4q_growth_year": 36.55,
            "roe": 4.63,
            "roe_4q": 21.77,
            "gross_profit": 228471,
            "gross_margin": 48.82,
            "gross_margin_4q_avg": 48.02,
            "net_income": 80217,
            "net_income_4q": null,
            "revenue": 468012,
            "revenue_4q": null,
            "common_shares": 910887,
            "book_valuer_per_share": 19.25,
            "book_valuer_per_share_4q_avg": 20.13,
            "equity": 1685841,
            "current_ratio": 80.78,
            "debt_ratio": 51.85,
            "inventory_turnover_ratio": 0.92,
            "account_receivable_turnover_ratio": 1.54,
            "reinvestment_rate": 22.4,
            "research_to_sale_ratio": 3.71,
            "price_fair": 90.04,
            "eps_avg_yearly": 3.25,
            "eps_latest_yearly": 3.56,
            "eps_growth_yearly": 17.72
        },
        "20164": {
            "year_quarter": 20164,
            "year": 2016,
            "quarter": 4,
            "eps": 1.07,
            "eps_growth_year": -15.22,
            "eps_4q": 4.3,
            "eps_4q_growth_year": 16.16,
            "roe": 5.41,
            "roe_4q": 20.81,
            "gross_profit": 219435,
            "gross_margin": 48,
            "gross_margin_4q_avg": 48.42,
            "net_income": 93779,
            "net_income_4q": null,
            "revenue": 457178,
            "revenue_4q": null,
            "common_shares": 875887,
            "book_valuer_per_share": 20.36,
            "book_valuer_per_share_4q_avg": 20.11,
            "equity": 1783692,
            "current_ratio": 89.27,
            "debt_ratio": 51.23,
            "inventory_turnover_ratio": 0.9,
            "account_receivable_turnover_ratio": 1.47,
            "reinvestment_rate": 9.52,
            "research_to_sale_ratio": 4.33,
            "price_fair": 104.43,
            "eps_avg_yearly": 3.35,
            "eps_latest_yearly": 4.28,
            "eps_growth_yearly": 21.22
        },
        "20171": {
            "year_quarter": 20171,
            "year": 2017,
            "quarter": 1,
            "eps": 0.54,
            "eps_growth_year": -48.08,
            "eps_4q": 3.75,
            "eps_4q_growth_year": -8.82,
            "roe": 2.62,
            "roe_4q": 18.43,
            "gross_profit": 194480,
            "gross_margin": 45.47,
            "gross_margin_4q_avg": 47.67,
            "net_income": 46929,
            "net_income_4q": null,
            "revenue": 427729,
            "revenue_4q": null,
            "common_shares": 875887,
            "book_valuer_per_share": 20.48,
            "book_valuer_per_share_4q_avg": 19.9,
            "equity": 1793546,
            "current_ratio": 90.26,
            "debt_ratio": 50.88,
            "inventory_turnover_ratio": 0.88,
            "account_receivable_turnover_ratio": 1.46,
            "reinvestment_rate": -9.29,
            "research_to_sale_ratio": 4.13,
            "price_fair": 59.82,
            "eps_avg_yearly": 3.31,
            "eps_latest_yearly": 2.16,
            "eps_growth_yearly": 8.1
        },
        "20172": {
            "year_quarter": 20172,
            "year": 2017,
            "quarter": 2,
            "eps": 0.83,
            "eps_growth_year": -29.66,
            "eps_4q": 3.35,
            "eps_4q_growth_year": -25.18,
            "roe": 4.26,
            "roe_4q": 16.919999999999998,
            "gross_profit": 203188,
            "gross_margin": 43.02,
            "gross_margin_4q_avg": 46.33,
            "net_income": 72784,
            "net_income_4q": null,
            "revenue": 472283,
            "revenue_4q": null,
            "common_shares": 875887,
            "book_valuer_per_share": 18.53,
            "book_valuer_per_share_4q_avg": 19.66,
            "equity": 1622803,
            "current_ratio": 81.25,
            "debt_ratio": 57.01,
            "inventory_turnover_ratio": 1.03,
            "account_receivable_turnover_ratio": 1.64,
            "reinvestment_rate": -12.74,
            "research_to_sale_ratio": 4.13,
            "price_fair": 117.78,
            "eps_avg_yearly": 3.37,
            "eps_latest_yearly": 3.32,
            "eps_growth_yearly": 25.45
        },
        "20173": {
            "year_quarter": 20173,
            "year": 2017,
            "quarter": 3,
            "eps": 0.2,
            "eps_growth_year": -77.53,
            "eps_4q": 2.64,
            "eps_4q_growth_year": -41.82,
            "roe": 1.09,
            "roe_4q": 13.379999999999999,
            "gross_profit": 164548,
            "gross_margin": 41.3,
            "gross_margin_4q_avg": 44.45,
            "net_income": 17827,
            "net_income_4q": null,
            "revenue": 398411,
            "revenue_4q": null,
            "common_shares": 875887,
            "book_valuer_per_share": 18.7,
            "book_valuer_per_share_4q_avg": 19.52,
            "equity": 1637600,
            "current_ratio": 72.44,
            "debt_ratio": 62.8,
            "inventory_turnover_ratio": 0.92,
            "account_receivable_turnover_ratio": 1.37,
            "reinvestment_rate": -11.38,
            "research_to_sale_ratio": 4.29,
            "price_fair": 58.13,
            "eps_avg_yearly": 3.28,
            "eps_latest_yearly": 0.8,
            "eps_growth_yearly": 7.75
        },
        "20174": {
            "year_quarter": 20174,
            "year": 2017,
            "quarter": 4,
            "eps": 3.65,
            "eps_growth_year": 241.24,
            "eps_4q": 5.22,
            "eps_4q_growth_year": 21.58,
            "roe": 17.84,
            "roe_4q": 25.81,
            "gross_profit": 159819,
            "gross_margin": 41.24,
            "gross_margin_4q_avg": 42.76,
            "net_income": 320012,
            "net_income_4q": null,
            "revenue": 387498,
            "revenue_4q": null,
            "common_shares": 875887,
            "book_valuer_per_share": 22.25,
            "book_valuer_per_share_4q_avg": 19.99,
            "equity": 1949020,
            "current_ratio": 115.21,
            "debt_ratio": 63.16,
            "inventory_turnover_ratio": 0.93,
            "account_receivable_turnover_ratio": 1.45,
            "reinvestment_rate": -16.23,
            "research_to_sale_ratio": 4.64,
            "price_fair": 141.58,
            "eps_avg_yearly": 4.05,
            "eps_latest_yearly": 14.6,
            "eps_growth_yearly": 438.55
        },
        "20181": {
            "year_quarter": 20181,
            "year": 2018,
            "quarter": 1,
            "eps": 0.42,
            "eps_growth_year": -22.22,
            "eps_4q": 3.93,
            "eps_4q_growth_year": 4.91,
            "roe": 1.77,
            "roe_4q": 24.96,
            "gross_profit": 573939,
            "gross_margin": 33.84,
            "gross_margin_4q_avg": 39.85,
            "net_income": 37198,
            "net_income_4q": null,
            "revenue": 1696079,
            "revenue_4q": null,
            "common_shares": 875887,
            "book_valuer_per_share": 23.66,
            "book_valuer_per_share_4q_avg": 20.79,
            "equity": 2249984,
            "current_ratio": 84.47,
            "debt_ratio": 66.29,
            "inventory_turnover_ratio": 2.16,
            "account_receivable_turnover_ratio": 2.51,
            "reinvestment_rate": -33.5,
            "research_to_sale_ratio": 2.43,
            "price_fair": 137.9,
            "eps_avg_yearly": 3.94,
            "eps_latest_yearly": 1.68,
            "eps_growth_yearly": 404.59
        },
        "20182": {
            "year_quarter": 20182,
            "year": 2018,
            "quarter": 2,
            "eps": -0.7,
            "eps_growth_year": -184.34,
            "eps_4q": 2.27,
            "eps_4q_growth_year": -32.41,
            "roe": -3.08,
            "roe_4q": 17.62,
            "gross_profit": 596583,
            "gross_margin": 34.27,
            "gross_margin_4q_avg": 37.66,
            "net_income": -85871,
            "net_income_4q": null,
            "revenue": 1740736,
            "revenue_4q": null,
            "common_shares": 1275887,
            "book_valuer_per_share": 26.1,
            "book_valuer_per_share_4q_avg": 22.68,
            "equity": 3329559,
            "current_ratio": 117.16,
            "debt_ratio": 48.87,
            "inventory_turnover_ratio": 1.44,
            "account_receivable_turnover_ratio": 1.56,
            "reinvestment_rate": -49.01,
            "research_to_sale_ratio": 2.41,
            "price_fair": 140.56,
            "eps_avg_yearly": 4.02,
            "eps_latest_yearly": 1.68,
            "eps_growth_yearly": 436.01
        },
        "20183": {
            "year_quarter": 20183,
            "year": 2018,
            "quarter": 3,
            "eps": 0.79,
            "eps_growth_year": 295,
            "eps_4q": 2.83,
            "eps_4q_growth_year": 7.08,
            "roe": 2.69,
            "roe_4q": 19.22,
            "gross_profit": 546260,
            "gross_margin": 33.52,
            "gross_margin_4q_avg": 35.72,
            "net_income": 89489,
            "net_income_4q": null,
            "revenue": 1629429,
            "revenue_4q": null,
            "common_shares": 1275887,
            "book_valuer_per_share": 26.09,
            "book_valuer_per_share_4q_avg": 24.53,
            "equity": 3328551,
            "current_ratio": 121.83,
            "debt_ratio": 51.05,
            "inventory_turnover_ratio": 1.37,
            "account_receivable_turnover_ratio": 1.48,
            "reinvestment_rate": -47.24,
            "research_to_sale_ratio": 2.56,
            "price_fair": 144.1,
            "eps_avg_yearly": 4.12,
            "eps_latest_yearly": 1.68,
            "eps_growth_yearly": 469.19
        },
        "20184": {
            "year_quarter": 20184,
            "year": 2018,
            "quarter": 4,
            "eps": 0.8,
            "eps_growth_year": -78,
            "eps_4q": 1.12,
            "eps_4q_growth_year": -78.49,
            "roe": 3.03,
            "roe_4q": 4.41,
            "gross_profit": 573688,
            "gross_margin": 33.26,
            "gross_margin_4q_avg": 33.72,
            "net_income": 102534,
            "net_income_4q": null,
            "revenue": 1725023,
            "revenue_4q": null,
            "common_shares": 1275887,
            "book_valuer_per_share": 26.9,
            "book_valuer_per_share_4q_avg": 25.69,
            "equity": 3431903,
            "current_ratio": 142.75,
            "debt_ratio": 49.05,
            "inventory_turnover_ratio": 1.47,
            "account_receivable_turnover_ratio": 1.6,
            "reinvestment_rate": -46.08,
            "research_to_sale_ratio": 2.36,
            "price_fair": 143.2,
            "eps_avg_yearly": 4.09,
            "eps_latest_yearly": 3.2,
            "eps_growth_yearly": 459
        },
        "20191": {
            "year_quarter": 20191,
            "year": 2019,
            "quarter": 1,
            "eps": 0.81,
            "eps_growth_year": 92.86,
            "eps_4q": 1.64,
            "eps_4q_growth_year": -58.24,
            "roe": 2.96,
            "roe_4q": 5.6,
            "gross_profit": 592480,
            "gross_margin": 34.92,
            "gross_margin_4q_avg": 33.99,
            "net_income": 103340,
            "net_income_4q": null,
            "revenue": 1696541,
            "revenue_4q": null,
            "common_shares": 1275887,
            "book_valuer_per_share": 27.79,
            "book_valuer_per_share_4q_avg": 26.72,
            "equity": 3545548,
            "current_ratio": 127.68,
            "debt_ratio": 51.15,
            "inventory_turnover_ratio": 1.4,
            "account_receivable_turnover_ratio": 1.54,
            "reinvestment_rate": -49.57,
            "research_to_sale_ratio": 2.37,
            "price_fair": 145,
            "eps_avg_yearly": 4.14,
            "eps_latest_yearly": 3.24,
            "eps_growth_yearly": 467.71
        },
        "20192": {
            "year_quarter": 20192,
            "year": 2019,
            "quarter": 2,
            "eps": 0.67,
            "eps_growth_year": null,
            "eps_4q": 2.98,
            "eps_4q_growth_year": 31.64,
            "roe": 2.46,
            "roe_4q": 11.139999999999999,
            "gross_profit": 567097,
            "gross_margin": 34.76,
            "gross_margin_4q_avg": 34.12,
            "net_income": 85281,
            "net_income_4q": null,
            "revenue": 1631588,
            "revenue_4q": null,
            "common_shares": 1275887,
            "book_valuer_per_share": 26.63,
            "book_valuer_per_share_4q_avg": 26.85,
            "equity": 3398008,
            "current_ratio": 114.4,
            "debt_ratio": 53.37,
            "inventory_turnover_ratio": 1.29,
            "account_receivable_turnover_ratio": 1.49,
            "reinvestment_rate": -47.69,
            "research_to_sale_ratio": 2.52,
            "price_fair": 143.6,
            "eps_avg_yearly": 4.1,
            "eps_latest_yearly": 2.68,
            "eps_growth_yearly": 454.6
        },
        "20193": {
            "year_quarter": 20193,
            "year": 2019,
            "quarter": 3,
            "eps": 0.6,
            "eps_growth_year": -24.05,
            "eps_4q": 2.88,
            "eps_4q_growth_year": 1.87,
            "roe": 2.23,
            "roe_4q": 10.68,
            "gross_profit": 541534,
            "gross_margin": 36.22,
            "gross_margin_4q_avg": 34.79,
            "net_income": 76420,
            "net_income_4q": null,
            "revenue": 1495218,
            "revenue_4q": null,
            "common_shares": 1275887,
            "book_valuer_per_share": 27.13,
            "book_valuer_per_share_4q_avg": 27.11,
            "equity": 3461928,
            "current_ratio": 114.56,
            "debt_ratio": 50.4,
            "inventory_turnover_ratio": 1.14,
            "account_receivable_turnover_ratio": 1.48,
            "reinvestment_rate": -51.73,
            "research_to_sale_ratio": 2.56,
            "price_fair": 139.6,
            "eps_avg_yearly": 3.99,
            "eps_latest_yearly": 2.4,
            "eps_growth_yearly": 444.92
        },
        "20194": {
            "year_quarter": 20194,
            "year": 2019,
            "quarter": 4,
            "eps": 0.68,
            "eps_growth_year": -15.1,
            "eps_4q": 2.76,
            "eps_4q_growth_year": 145.62,
            "roe": 2.52,
            "roe_4q": 10.17,
            "gross_profit": 533860,
            "gross_margin": 36.28,
            "gross_margin_4q_avg": 35.55,
            "net_income": 87055,
            "net_income_4q": null,
            "revenue": 1471424,
            "revenue_4q": null,
            "common_shares": 1275887,
            "book_valuer_per_share": 27.12,
            "book_valuer_per_share_4q_avg": 27.17,
            "equity": 3459641,
            "current_ratio": 109.16,
            "debt_ratio": 50.45,
            "inventory_turnover_ratio": 1.11,
            "account_receivable_turnover_ratio": 1.57,
            "reinvestment_rate": -16.74,
            "research_to_sale_ratio": 2.42,
            "price_fair": 133.8,
            "eps_avg_yearly": 3.82,
            "eps_latest_yearly": 2.72,
            "eps_growth_yearly": 441.3
        },
        "20201": {
            "year_quarter": 20201,
            "year": 2020,
            "quarter": 1,
            "eps": 0.36,
            "eps_growth_year": -55.56,
            "eps_4q": 2.31,
            "eps_4q_growth_year": 40.58,
            "roe": 1.31,
            "roe_4q": 8.52,
            "gross_profit": 495053,
            "gross_margin": 36.98,
            "gross_margin_4q_avg": 36.06,
            "net_income": 45752,
            "net_income_4q": null,
            "revenue": 1338676,
            "revenue_4q": null,
            "common_shares": 1275887,
            "book_valuer_per_share": 27.47,
            "book_valuer_per_share_4q_avg": 27.09,
            "equity": 3505331,
            "current_ratio": 104.48,
            "debt_ratio": 48.12,
            "inventory_turnover_ratio": 0.98,
            "account_receivable_turnover_ratio": 1.52,
            "reinvestment_rate": -17.32,
            "research_to_sale_ratio": 2.61,
            "price_fair": 127,
            "eps_avg_yearly": 3.63,
            "eps_latest_yearly": 1.44,
            "eps_growth_yearly": 432.84
        },
        "20202": {
            "year_quarter": 20202,
            "year": 2020,
            "quarter": 2,
            "eps": -0.18,
            "eps_growth_year": -126.87,
            "eps_4q": 1.46,
            "eps_4q_growth_year": -50.97,
            "roe": -0.68,
            "roe_4q": 5.38,
            "gross_profit": 232860,
            "gross_margin": 32.6,
            "gross_margin_4q_avg": 35.52,
            "net_income": -22614,
            "net_income_4q": null,
            "revenue": 714339,
            "revenue_4q": null,
            "common_shares": 1275887,
            "book_valuer_per_share": 24.49,
            "book_valuer_per_share_4q_avg": 26.55,
            "equity": 3124105,
            "current_ratio": 87.3,
            "debt_ratio": 51.07,
            "inventory_turnover_ratio": 0.56,
            "account_receivable_turnover_ratio": 1.04,
            "reinvestment_rate": -18.02,
            "research_to_sale_ratio": 6.21,
            "price_fair": 124.06,
            "eps_avg_yearly": 3.54,
            "eps_latest_yearly": 1.44,
            "eps_growth_yearly": 461.99
        },
        "20203": {
            "year_quarter": 20203,
            "year": 2020,
            "quarter": 3,
            "eps": 0.39,
            "eps_growth_year": -35,
            "eps_4q": 1.25,
            "eps_4q_growth_year": -56.6,
            "roe": 1.58,
            "roe_4q": 4.73,
            "gross_profit": 404994,
            "gross_margin": 39.29,
            "gross_margin_4q_avg": 36.29,
            "net_income": 49326,
            "net_income_4q": null,
            "revenue": 1030743,
            "revenue_4q": null,
            "common_shares": 1275887,
            "book_valuer_per_share": 24.59,
            "book_valuer_per_share_4q_avg": 25.92,
            "equity": 3137621,
            "current_ratio": 89.19,
            "debt_ratio": 50.34,
            "inventory_turnover_ratio": 0.78,
            "account_receivable_turnover_ratio": 1.77,
            "reinvestment_rate": -10.9,
            "research_to_sale_ratio": 2.74,
            "price_fair": 124.02,
            "eps_avg_yearly": 3.54,
            "eps_latest_yearly": 1.44,
            "eps_growth_yearly": 508.69
        },
        "20204": {
            "year_quarter": 20204,
            "year": 2020,
            "quarter": 4,
            "eps": 0.6,
            "eps_growth_year": -12.51,
            "eps_4q": 1.16,
            "eps_4q_growth_year": -57.79,
            "roe": 2.42,
            "roe_4q": 4.63,
            "gross_profit": 462881,
            "gross_margin": 40.05,
            "gross_margin_4q_avg": 37.23,
            "net_income": 76168,
            "net_income_4q": null,
            "revenue": 1155626,
            "revenue_4q": null,
            "common_shares": 1275887,
            "book_valuer_per_share": 24.81,
            "book_valuer_per_share_4q_avg": 25.34,
            "equity": 3165435,
            "current_ratio": 89.96,
            "debt_ratio": 51.48,
            "inventory_turnover_ratio": 0.91,
            "account_receivable_turnover_ratio": 1.84,
            "reinvestment_rate": -4.26,
            "research_to_sale_ratio": 3.08,
            "price_fair": 118.53,
            "eps_avg_yearly": 3.39,
            "eps_latest_yearly": 2.4,
            "eps_growth_yearly": 519.89
        },
        "20211": {
            "year_quarter": 20211,
            "year": 2021,
            "quarter": 1,
            "eps": 0.44,
            "eps_growth_year": 22.22,
            "eps_4q": 1.25,
            "eps_4q_growth_year": -45.92,
            "roe": 1.77,
            "roe_4q": 5.09,
            "gross_profit": 459433,
            "gross_margin": 39.66,
            "gross_margin_4q_avg": 37.9,
            "net_income": 56404,
            "net_income_4q": null,
            "revenue": 1158499,
            "revenue_4q": null,
            "common_shares": 1275887,
            "book_valuer_per_share": 25.17,
            "book_valuer_per_share_4q_avg": 24.77,
            "equity": 3211661,
            "current_ratio": 95.45,
            "debt_ratio": 50.95,
            "inventory_turnover_ratio": 0.92,
            "account_receivable_turnover_ratio": 1.76,
            "reinvestment_rate": -2.02,
            "research_to_sale_ratio": 3.09,
            "price_fair": 117.37,
            "eps_avg_yearly": 3.35,
            "eps_latest_yearly": 1.76,
            "eps_growth_yearly": 527.52
        },
        "20212": {
            "year_quarter": 20212,
            "year": 2021,
            "quarter": 2,
            "eps": 0.84,
            "eps_growth_year": null,
            "eps_4q": 2.27,
            "eps_4q_growth_year": 54.91,
            "roe": 3.37,
            "roe_4q": 9.14,
            "gross_profit": 474085,
            "gross_margin": 38.98,
            "gross_margin_4q_avg": 39.5,
            "net_income": 107189,
            "net_income_4q": null,
            "revenue": 1216350,
            "revenue_4q": null,
            "common_shares": 1275887,
            "book_valuer_per_share": 24.65,
            "book_valuer_per_share_4q_avg": 24.81,
            "equity": 3145602,
            "current_ratio": 89.95,
            "debt_ratio": 51.03,
            "inventory_turnover_ratio": 1.05,
            "account_receivable_turnover_ratio": 1.72,
            "reinvestment_rate": -1.65,
            "research_to_sale_ratio": 3.66,
            "price_fair": 117.48,
            "eps_avg_yearly": 3.36,
            "eps_latest_yearly": 3.36,
            "eps_growth_yearly": 539.92
        },
        "20213": {
            "year_quarter": 20213,
            "year": 2021,
            "quarter": 3,
            "eps": 0.48,
            "eps_growth_year": 23.08,
            "eps_4q": 2.36,
            "eps_4q_growth_year": 88.42,
            "roe": 1.92,
            "roe_4q": 9.48,
            "gross_profit": 458949,
            "gross_margin": 40.65,
            "gross_margin_4q_avg": 39.84,
            "net_income": 60801,
            "net_income_4q": null,
            "revenue": 1128937,
            "revenue_4q": null,
            "common_shares": 1275887,
            "book_valuer_per_share": 25.02,
            "book_valuer_per_share_4q_avg": 24.91,
            "equity": 3191758,
            "current_ratio": 93.35,
            "debt_ratio": 51.46,
            "inventory_turnover_ratio": 0.91,
            "account_receivable_turnover_ratio": 1.59,
            "reinvestment_rate": -1.69,
            "research_to_sale_ratio": 3.57,
            "price_fair": 120.75,
            "eps_avg_yearly": 3.45,
            "eps_latest_yearly": 1.92,
            "eps_growth_yearly": 550.93
        },
        "20214": {
            "year_quarter": 20214,
            "year": 2021,
            "quarter": 4,
            "eps": 0.88,
            "eps_growth_year": 47.3,
            "eps_4q": 2.64,
            "eps_4q_growth_year": 126.46,
            "roe": 3.47,
            "roe_4q": 10.530000000000001,
            "gross_profit": 560760,
            "gross_margin": 39.48,
            "gross_margin_4q_avg": 39.69,
            "net_income": 112196,
            "net_income_4q": null,
            "revenue": 1420422,
            "revenue_4q": null,
            "common_shares": 1275887,
            "book_valuer_per_share": 25.67,
            "book_valuer_per_share_4q_avg": 25.13,
            "equity": 3274885,
            "current_ratio": 94.9,
            "debt_ratio": 51.73,
            "inventory_turnover_ratio": 0.99,
            "account_receivable_turnover_ratio": 1.96,
            "reinvestment_rate": 9.16,
            "research_to_sale_ratio": 2.22,
            "price_fair": 34.64,
            "eps_avg_yearly": 2.53,
            "eps_latest_yearly": 3.52,
            "eps_growth_yearly": 3.71
        },
        "20221": {
            "year_quarter": 20221,
            "year": 2022,
            "quarter": 1,
            "eps": 0.89,
            "eps_growth_year": 102.27,
            "eps_4q": 3.09,
            "eps_4q_growth_year": 147.54,
            "roe": 3.38,
            "roe_4q": 12.14,
            "gross_profit": 557223,
            "gross_margin": 37.35,
            "gross_margin_4q_avg": 39.12,
            "net_income": 114106,
            "net_income_4q": null,
            "revenue": 1491820,
            "revenue_4q": null,
            "common_shares": 1275887,
            "book_valuer_per_share": 27.33,
            "book_valuer_per_share_4q_avg": 25.67,
            "equity": 3486381,
            "current_ratio": 99.59,
            "debt_ratio": 51.98,
            "inventory_turnover_ratio": 0.95,
            "account_receivable_turnover_ratio": 1.74,
            "reinvestment_rate": 35.38,
            "research_to_sale_ratio": 2.01,
            "price_fair": 93.92,
            "eps_avg_yearly": 2.68,
            "eps_latest_yearly": 3.56,
            "eps_growth_yearly": 33.59
        },
        "20222": {
            "year_quarter": 20222,
            "year": 2022,
            "quarter": 2,
            "eps": 1.07,
            "eps_growth_year": 27.38,
            "eps_4q": 3.32,
            "eps_4q_growth_year": 46.37,
            "roe": 3.93,
            "roe_4q": 12.700000000000001,
            "gross_profit": 622339,
            "gross_margin": 40.32,
            "gross_margin_4q_avg": 39.45,
            "net_income": 136036,
            "net_income_4q": null,
            "revenue": 1543615,
            "revenue_4q": null,
            "common_shares": 1275887,
            "book_valuer_per_share": 26.99,
            "book_valuer_per_share_4q_avg": 26.25,
            "equity": 3444199,
            "current_ratio": 98.61,
            "debt_ratio": 53.5,
            "inventory_turnover_ratio": 0.88,
            "account_receivable_turnover_ratio": 1.68,
            "reinvestment_rate": 28.92,
            "research_to_sale_ratio": 2.2,
            "price_fair": 98.22,
            "eps_avg_yearly": 2.81,
            "eps_latest_yearly": 4.28,
            "eps_growth_yearly": 37.23
        },
        "20223": {
            "year_quarter": 20223,
            "year": 2022,
            "quarter": 3,
            "eps": 2.24,
            "eps_growth_year": 366.67,
            "eps_4q": 5.08,
            "eps_4q_growth_year": 115.7,
            "roe": 7.78,
            "roe_4q": 18.56,
            "gross_profit": 532137,
            "gross_margin": 40.06,
            "gross_margin_4q_avg": 39.3,
            "net_income": 285970,
            "net_income_4q": null,
            "revenue": 1328213,
            "revenue_4q": null,
            "common_shares": 1275887,
            "book_valuer_per_share": 30.59,
            "book_valuer_per_share_4q_avg": 27.65,
            "equity": 3902561,
            "current_ratio": 110.26,
            "debt_ratio": 51.55,
            "inventory_turnover_ratio": 0.72,
            "account_receivable_turnover_ratio": 1.57,
            "reinvestment_rate": 29.68,
            "research_to_sale_ratio": 2.73,
            "price_fair": 113.6,
            "eps_avg_yearly": 3.25,
            "eps_latest_yearly": 8.96,
            "eps_growth_yearly": 65.81
        },
        "20224": {
            "year_quarter": 20224,
            "year": 2022,
            "quarter": 4,
            "eps": 1.12,
            "eps_growth_year": 27.01,
            "eps_4q": 5.32,
            "eps_4q_growth_year": 101.61,
            "roe": 3.62,
            "roe_4q": 18.71,
            "gross_profit": 509145,
            "gross_margin": 38.01,
            "gross_margin_4q_avg": 38.94,
            "net_income": 142497,
            "net_income_4q": null,
            "revenue": 1339559,
            "revenue_4q": null,
            "common_shares": 1275887,
            "book_valuer_per_share": 31.14,
            "book_valuer_per_share_4q_avg": 29.01,
            "equity": 3973443,
            "current_ratio": 112.25,
            "debt_ratio": 49.2,
            "inventory_turnover_ratio": 0.69,
            "account_receivable_turnover_ratio": 1.71,
            "reinvestment_rate": 29.05,
            "research_to_sale_ratio": 2.77,
            "price_fair": 116.8,
            "eps_avg_yearly": 3.34,
            "eps_latest_yearly": 4.48,
            "eps_growth_yearly": 51.16
        },
        "20231": {
            "year_quarter": 20231,
            "year": 2023,
            "quarter": 1,
            "eps": 0.98,
            "eps_growth_year": 10.11,
            "eps_4q": 5.41,
            "eps_4q_growth_year": 74.92,
            "roe": 3.22,
            "roe_4q": 18.55,
            "gross_profit": 560901,
            "gross_margin": 40.96,
            "gross_margin_4q_avg": 39.84,
            "net_income": 125203,
            "net_income_4q": null,
            "revenue": 1369524,
            "revenue_4q": null,
            "common_shares": 1275887,
            "book_valuer_per_share": 29.82,
            "book_valuer_per_share_4q_avg": 29.64,
            "equity": 3805290,
            "current_ratio": 100.75,
            "debt_ratio": 50.6,
            "inventory_turnover_ratio": 0.68,
            "account_receivable_turnover_ratio": 1.7,
            "reinvestment_rate": 36.46,
            "research_to_sale_ratio": 2.35,
            "price_fair": 118.5,
            "eps_avg_yearly": 3.39,
            "eps_latest_yearly": 3.92,
            "eps_growth_yearly": 47.23
        },
        "20232": {
            "year_quarter": 20232,
            "year": 2023,
            "quarter": 2,
            "eps": 0.71,
            "eps_growth_year": -33.64,
            "eps_4q": 5.05,
            "eps_4q_growth_year": 52.31,
            "roe": 2.33,
            "roe_4q": 16.950000000000003,
            "gross_profit": 548076,
            "gross_margin": 41.7,
            "gross_margin_4q_avg": 40.18,
            "net_income": 90815,
            "net_income_4q": null,
            "revenue": 1314442,
            "revenue_4q": null,
            "common_shares": 1275887,
            "book_valuer_per_share": 31.25,
            "book_valuer_per_share_4q_avg": 30.7,
            "equity": 3987540,
            "current_ratio": 104.45,
            "debt_ratio": 49.32,
            "inventory_turnover_ratio": 0.7,
            "account_receivable_turnover_ratio": 1.57,
            "reinvestment_rate": 41.6,
            "research_to_sale_ratio": 2.6,
            "price_fair": 118.9,
            "eps_avg_yearly": 3.4,
            "eps_latest_yearly": 2.84,
            "eps_growth_yearly": 44.3
        },
        "20233": {
            "year_quarter": 20233,
            "year": 2023,
            "quarter": 3,
            "eps": 0.73,
            "eps_growth_year": -67.41,
            "eps_4q": 3.53,
            "eps_4q_growth_year": -30.49,
            "roe": 2.26,
            "roe_4q": 11.43,
            "gross_profit": 535394,
            "gross_margin": 41.25,
            "gross_margin_4q_avg": 40.48,
            "net_income": 92123,
            "net_income_4q": null,
            "revenue": 1297954,
            "revenue_4q": null,
            "common_shares": 1275887,
            "book_valuer_per_share": 32.78,
            "book_valuer_per_share_4q_avg": 31.25,
            "equity": 4181977,
            "current_ratio": 107.89,
            "debt_ratio": 47.87,
            "inventory_turnover_ratio": 0.77,
            "account_receivable_turnover_ratio": 1.58,
            "reinvestment_rate": 43.21,
            "research_to_sale_ratio": 2.89,
            "price_fair": 120.2,
            "eps_avg_yearly": 3.43,
            "eps_latest_yearly": 2.92,
            "eps_growth_yearly": 48.09
        }
    },
    "months": {
        "2001-12": {
            "month": "2001-12",
            "price": "60.90",
            "revenue": 65037
        },
        "2002-01": {
            "month": "2002-01",
            "price": "116.68",
            "revenue": 122865
        },
        "2002-02": {
            "month": "2002-02",
            "price": "121.54",
            "revenue": 99278
        },
        "2002-03": {
            "month": "2002-03",
            "price": "110.76",
            "revenue": 119587
        },
        "2002-04": {
            "month": "2002-04",
            "price": "113.24",
            "revenue": 135959
        },
        "2002-05": {
            "month": "2002-05",
            "price": "95.45",
            "revenue": 114621
        },
        "2002-06": {
            "month": "2002-06",
            "price": "80.58",
            "revenue": 135515
        },
        "2002-07": {
            "month": "2002-07",
            "price": "66.24",
            "revenue": 144559
        },
        "2002-08": {
            "month": "2002-08",
            "price": "63.45",
            "revenue": 103878
        },
        "2002-09": {
            "month": "2002-09",
            "price": "55.98",
            "revenue": 87907
        },
        "2002-10": {
            "month": "2002-10",
            "price": "44.76",
            "revenue": 77210
        },
        "2002-11": {
            "month": "2002-11",
            "price": "43.37",
            "revenue": 104287
        },
        "2002-12": {
            "month": "2002-12",
            "price": "42.15",
            "revenue": 101280
        },
        "2003-01": {
            "month": "2003-01",
            "price": "41.82",
            "revenue": 86463
        },
        "2003-02": {
            "month": "2003-02",
            "price": "39.19",
            "revenue": 69897
        },
        "2003-03": {
            "month": "2003-03",
            "price": "38.00",
            "revenue": 110245
        },
        "2003-04": {
            "month": "2003-04",
            "price": "37.17",
            "revenue": 106017
        },
        "2003-05": {
            "month": "2003-05",
            "price": "37.39",
            "revenue": 87828
        },
        "2003-06": {
            "month": "2003-06",
            "price": "38.86",
            "revenue": 88355
        },
        "2003-07": {
            "month": "2003-07",
            "price": "37.58",
            "revenue": 87560
        },
        "2003-08": {
            "month": "2003-08",
            "price": "32.55",
            "revenue": 103157
        },
        "2003-09": {
            "month": "2003-09",
            "price": "30.54",
            "revenue": 80073
        },
        "2003-10": {
            "month": "2003-10",
            "price": "29.81",
            "revenue": 84036
        },
        "2003-11": {
            "month": "2003-11",
            "price": "34.68",
            "revenue": 90954
        },
        "2003-12": {
            "month": "2003-12",
            "price": "36.44",
            "revenue": 104335
        },
        "2004-01": {
            "month": "2004-01",
            "price": "36.66",
            "revenue": 64295
        },
        "2004-02": {
            "month": "2004-02",
            "price": "35.26",
            "revenue": 100659
        },
        "2004-03": {
            "month": "2004-03",
            "price": "33.41",
            "revenue": 125595
        },
        "2004-04": {
            "month": "2004-04",
            "price": "34.13",
            "revenue": 103062
        },
        "2004-05": {
            "month": "2004-05",
            "price": "31.28",
            "revenue": 104310
        },
        "2004-06": {
            "month": "2004-06",
            "price": "30.47",
            "revenue": 103911
        },
        "2004-07": {
            "month": "2004-07",
            "price": "31.13",
            "revenue": 104480
        },
        "2004-08": {
            "month": "2004-08",
            "price": "28.91",
            "revenue": 83573
        },
        "2004-09": {
            "month": "2004-09",
            "price": "24.84",
            "revenue": 62235
        },
        "2004-10": {
            "month": "2004-10",
            "price": "22.89",
            "revenue": 78575
        },
        "2004-11": {
            "month": "2004-11",
            "price": "21.43",
            "revenue": 92709
        },
        "2004-12": {
            "month": "2004-12",
            "price": "20.59",
            "revenue": 97650
        },
        "2005-01": {
            "month": "2005-01",
            "price": "20.70",
            "revenue": 90704
        },
        "2005-02": {
            "month": "2005-02",
            "price": "23.41",
            "revenue": 67988
        },
        "2005-03": {
            "month": "2005-03",
            "price": "24.11",
            "revenue": 89782
        },
        "2005-04": {
            "month": "2005-04",
            "price": "22.83",
            "revenue": 93552
        },
        "2005-05": {
            "month": "2005-05",
            "price": "18.35",
            "revenue": 105083
        },
        "2005-06": {
            "month": "2005-06",
            "price": "19.50",
            "revenue": 99974
        },
        "2005-07": {
            "month": "2005-07",
            "price": "19.72",
            "revenue": 91978
        },
        "2005-08": {
            "month": "2005-08",
            "price": "17.69",
            "revenue": 66643
        },
        "2005-09": {
            "month": "2005-09",
            "price": "15.41",
            "revenue": 81474
        },
        "2005-10": {
            "month": "2005-10",
            "price": "14.63",
            "revenue": 80966
        },
        "2005-11": {
            "month": "2005-11",
            "price": "14.02",
            "revenue": 113377
        },
        "2005-12": {
            "month": "2005-12",
            "price": "15.35",
            "revenue": 107537
        },
        "2006-01": {
            "month": "2006-01",
            "price": "15.59",
            "revenue": 96304
        },
        "2006-02": {
            "month": "2006-02",
            "price": "15.67",
            "revenue": 100644
        },
        "2006-03": {
            "month": "2006-03",
            "price": "21.01",
            "revenue": 140003
        },
        "2006-04": {
            "month": "2006-04",
            "price": "28.36",
            "revenue": 135484
        },
        "2006-05": {
            "month": "2006-05",
            "price": "33.36",
            "revenue": 140104
        },
        "2006-06": {
            "month": "2006-06",
            "price": "30.13",
            "revenue": 118490
        },
        "2006-07": {
            "month": "2006-07",
            "price": "28.77",
            "revenue": 85932
        },
        "2006-08": {
            "month": "2006-08",
            "price": "28.60",
            "revenue": 95169
        },
        "2006-09": {
            "month": "2006-09",
            "price": "29.28",
            "revenue": 90137
        },
        "2006-10": {
            "month": "2006-10",
            "price": "29.09",
            "revenue": 80247
        },
        "2006-11": {
            "month": "2006-11",
            "price": "29.27",
            "revenue": 109230
        },
        "2006-12": {
            "month": "2006-12",
            "price": "30.45",
            "revenue": 108545
        },
        "2007-01": {
            "month": "2007-01",
            "price": "33.18",
            "revenue": 101394
        },
        "2007-02": {
            "month": "2007-02",
            "price": "31.37",
            "revenue": 81068
        },
        "2007-03": {
            "month": "2007-03",
            "price": "30.86",
            "revenue": 117564
        },
        "2007-04": {
            "month": "2007-04",
            "price": "31.92",
            "revenue": 109786
        },
        "2007-05": {
            "month": "2007-05",
            "price": "30.84",
            "revenue": 139478
        },
        "2007-06": {
            "month": "2007-06",
            "price": "32.06",
            "revenue": 99201
        },
        "2007-07": {
            "month": "2007-07",
            "price": "34.26",
            "revenue": 114717
        },
        "2007-08": {
            "month": "2007-08",
            "price": "30.20",
            "revenue": 107436
        },
        "2007-09": {
            "month": "2007-09",
            "price": "27.87",
            "revenue": 95339
        },
        "2007-10": {
            "month": "2007-10",
            "price": "27.40",
            "revenue": 102656
        },
        "2007-11": {
            "month": "2007-11",
            "price": "25.07",
            "revenue": 100979
        },
        "2007-12": {
            "month": "2007-12",
            "price": "22.18",
            "revenue": 104775
        },
        "2008-01": {
            "month": "2008-01",
            "price": "19.74",
            "revenue": 108069
        },
        "2008-02": {
            "month": "2008-02",
            "price": "19.99",
            "revenue": 96018
        },
        "2008-03": {
            "month": "2008-03",
            "price": "20.65",
            "revenue": 113667
        },
        "2008-04": {
            "month": "2008-04",
            "price": "21.84",
            "revenue": 98376
        },
        "2008-05": {
            "month": "2008-05",
            "price": "21.49",
            "revenue": 128682
        },
        "2008-06": {
            "month": "2008-06",
            "price": "19.35",
            "revenue": 106632
        },
        "2008-07": {
            "month": "2008-07",
            "price": "17.12",
            "revenue": 115317
        },
        "2008-08": {
            "month": "2008-08",
            "price": "15.35",
            "revenue": 95802
        },
        "2008-09": {
            "month": "2008-09",
            "price": "12.88",
            "revenue": 94852
        },
        "2008-10": {
            "month": "2008-10",
            "price": "11.60",
            "revenue": 120176
        },
        "2008-11": {
            "month": "2008-11",
            "price": "11.29",
            "revenue": 123308
        },
        "2008-12": {
            "month": "2008-12",
            "price": "12.62",
            "revenue": 111235
        },
        "2009-01": {
            "month": "2009-01",
            "price": "13.35",
            "revenue": 72440
        },
        "2009-02": {
            "month": "2009-02",
            "price": "13.55",
            "revenue": 99363
        },
        "2009-03": {
            "month": "2009-03",
            "price": "15.82",
            "revenue": 122633
        },
        "2009-04": {
            "month": "2009-04",
            "price": "20.63",
            "revenue": 128263
        },
        "2009-05": {
            "month": "2009-05",
            "price": "26.45",
            "revenue": 130587
        },
        "2009-06": {
            "month": "2009-06",
            "price": "27.55",
            "revenue": 147424
        },
        "2009-07": {
            "month": "2009-07",
            "price": "33.02",
            "revenue": 149266
        },
        "2009-08": {
            "month": "2009-08",
            "price": "33.93",
            "revenue": 150284
        },
        "2009-09": {
            "month": "2009-09",
            "price": "42.57",
            "revenue": 142732
        },
        "2009-10": {
            "month": "2009-10",
            "price": "49.75",
            "revenue": 154197
        },
        "2009-11": {
            "month": "2009-11",
            "price": "50.50",
            "revenue": 145741
        },
        "2009-12": {
            "month": "2009-12",
            "price": "50.22",
            "revenue": 164023
        },
        "2010-01": {
            "month": "2010-01",
            "price": "49.47",
            "revenue": 121872
        },
        "2010-02": {
            "month": "2010-02",
            "price": "41.35",
            "revenue": 111767
        },
        "2010-03": {
            "month": "2010-03",
            "price": "44.52",
            "revenue": 152102
        },
        "2010-04": {
            "month": "2010-04",
            "price": "46.55",
            "revenue": 167144
        },
        "2010-05": {
            "month": "2010-05",
            "price": "45.78",
            "revenue": 171556
        },
        "2010-06": {
            "month": "2010-06",
            "price": "45.32",
            "revenue": 163155
        },
        "2010-07": {
            "month": "2010-07",
            "price": "46.38",
            "revenue": 151514
        },
        "2010-08": {
            "month": "2010-08",
            "price": "41.96",
            "revenue": 145356
        },
        "2010-09": {
            "month": "2010-09",
            "price": "39.63",
            "revenue": 135578
        },
        "2010-10": {
            "month": "2010-10",
            "price": "36.60",
            "revenue": 123265
        },
        "2010-11": {
            "month": "2010-11",
            "price": "34.30",
            "revenue": 131247
        },
        "2010-12": {
            "month": "2010-12",
            "price": "35.58",
            "revenue": 130911
        },
        "2011-01": {
            "month": "2011-01",
            "price": "35.33",
            "revenue": 123669
        },
        "2011-02": {
            "month": "2011-02",
            "price": "36.17",
            "revenue": 106401
        },
        "2011-03": {
            "month": "2011-03",
            "price": "36.44",
            "revenue": 147421
        },
        "2011-04": {
            "month": "2011-04",
            "price": "36.22",
            "revenue": 121455
        },
        "2011-05": {
            "month": "2011-05",
            "price": "35.00",
            "revenue": 143098
        },
        "2011-06": {
            "month": "2011-06",
            "price": "35.03",
            "revenue": 129842
        },
        "2011-07": {
            "month": "2011-07",
            "price": "31.43",
            "revenue": 98581
        },
        "2011-08": {
            "month": "2011-08",
            "price": "26.22",
            "revenue": 105386
        },
        "2011-09": {
            "month": "2011-09",
            "price": "25.70",
            "revenue": 115024
        },
        "2011-10": {
            "month": "2011-10",
            "price": "26.06",
            "revenue": 112183
        },
        "2011-11": {
            "month": "2011-11",
            "price": "26.80",
            "revenue": 115658
        },
        "2011-12": {
            "month": "2011-12",
            "price": "25.75",
            "revenue": 112268
        },
        "2012-01": {
            "month": "2012-01",
            "price": "26.06",
            "revenue": 81157
        },
        "2012-02": {
            "month": "2012-02",
            "price": "28.67",
            "revenue": 110605
        },
        "2012-03": {
            "month": "2012-03",
            "price": "30.63",
            "revenue": 113393
        },
        "2012-04": {
            "month": "2012-04",
            "price": "28.55",
            "revenue": 112284
        },
        "2012-05": {
            "month": "2012-05",
            "price": "27.65",
            "revenue": 113363
        },
        "2012-06": {
            "month": "2012-06",
            "price": "27.71",
            "revenue": 109769
        },
        "2012-07": {
            "month": "2012-07",
            "price": "24.88",
            "revenue": 129177
        },
        "2012-08": {
            "month": "2012-08",
            "price": "25.48",
            "revenue": 124845
        },
        "2012-09": {
            "month": "2012-09",
            "price": "26.09",
            "revenue": 119313
        },
        "2012-10": {
            "month": "2012-10",
            "price": "25.40",
            "revenue": 135481
        },
        "2012-11": {
            "month": "2012-11",
            "price": "25.04",
            "revenue": 125607
        },
        "2012-12": {
            "month": "2012-12",
            "price": "25.65",
            "revenue": 137786
        },
        "2013-01": {
            "month": "2013-01",
            "price": "27.22",
            "revenue": 145751
        },
        "2013-02": {
            "month": "2013-02",
            "price": "29.66",
            "revenue": 105495
        },
        "2013-03": {
            "month": "2013-03",
            "price": "29.33",
            "revenue": 149576
        },
        "2013-04": {
            "month": "2013-04",
            "price": "28.96",
            "revenue": 149439
        },
        "2013-05": {
            "month": "2013-05",
            "price": "29.24",
            "revenue": 134624
        },
        "2013-06": {
            "month": "2013-06",
            "price": "30.99",
            "revenue": 147801
        },
        "2013-07": {
            "month": "2013-07",
            "price": "29.31",
            "revenue": 154049
        },
        "2013-08": {
            "month": "2013-08",
            "price": "30.95",
            "revenue": 141098
        },
        "2013-09": {
            "month": "2013-09",
            "price": "30.46",
            "revenue": 137782
        },
        "2013-10": {
            "month": "2013-10",
            "price": "30.72",
            "revenue": 148958
        },
        "2013-11": {
            "month": "2013-11",
            "price": "30.27",
            "revenue": 165554
        },
        "2013-12": {
            "month": "2013-12",
            "price": "30.74",
            "revenue": 145532
        },
        "2014-01": {
            "month": "2014-01",
            "price": "32.36",
            "revenue": 150543
        },
        "2014-02": {
            "month": "2014-02",
            "price": "33.49",
            "revenue": 125921
        },
        "2014-03": {
            "month": "2014-03",
            "price": "34.71",
            "revenue": 175135
        },
        "2014-04": {
            "month": "2014-04",
            "price": "35.91",
            "revenue": 167232
        },
        "2014-05": {
            "month": "2014-05",
            "price": "36.38",
            "revenue": 166685
        },
        "2014-06": {
            "month": "2014-06",
            "price": "38.23",
            "revenue": 149457
        },
        "2014-07": {
            "month": "2014-07",
            "price": "36.61",
            "revenue": 163772
        },
        "2014-08": {
            "month": "2014-08",
            "price": "35.06",
            "revenue": 140896
        },
        "2014-09": {
            "month": "2014-09",
            "price": "34.70",
            "revenue": 155597
        },
        "2014-10": {
            "month": "2014-10",
            "price": "33.29",
            "revenue": 144565
        },
        "2014-11": {
            "month": "2014-11",
            "price": "32.41",
            "revenue": 134867
        },
        "2014-12": {
            "month": "2014-12",
            "price": "32.79",
            "revenue": 182385
        },
        "2015-01": {
            "month": "2015-01",
            "price": "34.45",
            "revenue": 157064
        },
        "2015-02": {
            "month": "2015-02",
            "price": "34.58",
            "revenue": 122254
        },
        "2015-03": {
            "month": "2015-03",
            "price": "35.45",
            "revenue": 167983
        },
        "2015-04": {
            "month": "2015-04",
            "price": "36.99",
            "revenue": 181444
        },
        "2015-05": {
            "month": "2015-05",
            "price": "36.76",
            "revenue": 168837
        },
        "2015-06": {
            "month": "2015-06",
            "price": "35.79",
            "revenue": 169539
        },
        "2015-07": {
            "month": "2015-07",
            "price": "32.22",
            "revenue": 182929
        },
        "2015-08": {
            "month": "2015-08",
            "price": "31.44",
            "revenue": 142606
        },
        "2015-09": {
            "month": "2015-09",
            "price": "30.68",
            "revenue": 157045
        },
        "2015-10": {
            "month": "2015-10",
            "price": "33.92",
            "revenue": 145255
        },
        "2015-11": {
            "month": "2015-11",
            "price": "34.81",
            "revenue": 157882
        },
        "2015-12": {
            "month": "2015-12",
            "price": "34.25",
            "revenue": 156008
        },
        "2016-01": {
            "month": "2016-01",
            "price": "33.67",
            "revenue": 167347
        },
        "2016-02": {
            "month": "2016-02",
            "price": "34.74",
            "revenue": 147382
        },
        "2016-03": {
            "month": "2016-03",
            "price": "37.75",
            "revenue": 168893
        },
        "2016-04": {
            "month": "2016-04",
            "price": "39.18",
            "revenue": 164191
        },
        "2016-05": {
            "month": "2016-05",
            "price": "38.23",
            "revenue": 178985
        },
        "2016-06": {
            "month": "2016-06",
            "price": "39.53",
            "revenue": 166569
        },
        "2016-07": {
            "month": "2016-07",
            "price": "43.32",
            "revenue": 156303
        },
        "2016-08": {
            "month": "2016-08",
            "price": "43.98",
            "revenue": 149371
        },
        "2016-09": {
            "month": "2016-09",
            "price": "44.21",
            "revenue": 162398
        },
        "2016-10": {
            "month": "2016-10",
            "price": "43.79",
            "revenue": 151539
        },
        "2016-11": {
            "month": "2016-11",
            "price": "41.55",
            "revenue": 159909
        },
        "2016-12": {
            "month": "2016-12",
            "price": "41.63",
            "revenue": 145713
        },
        "2017-01": {
            "month": "2017-01",
            "price": "42.05",
            "revenue": 145691
        },
        "2017-02": {
            "month": "2017-02",
            "price": "43.35",
            "revenue": 118870
        },
        "2017-03": {
            "month": "2017-03",
            "price": "42.62",
            "revenue": 163213
        },
        "2017-04": {
            "month": "2017-04",
            "price": "41.43",
            "revenue": 167097
        },
        "2017-05": {
            "month": "2017-05",
            "price": "41.34",
            "revenue": 162915
        },
        "2017-06": {
            "month": "2017-06",
            "price": "41.63",
            "revenue": 142260
        },
        "2017-07": {
            "month": "2017-07",
            "price": "38.18",
            "revenue": 128827
        },
        "2017-08": {
            "month": "2017-08",
            "price": "39.62",
            "revenue": 134248
        },
        "2017-09": {
            "month": "2017-09",
            "price": "43.44",
            "revenue": 135350
        },
        "2017-10": {
            "month": "2017-10",
            "price": "43.39",
            "revenue": 130356
        },
        "2017-11": {
            "month": "2017-11",
            "price": "40.50",
            "revenue": 139037
        },
        "2017-12": {
            "month": "2017-12",
            "price": "39.69",
            "revenue": 118131
        },
        "2018-01": {
            "month": "2018-01",
            "price": "38.51",
            "revenue": 464137
        },
        "2018-02": {
            "month": "2018-02",
            "price": "40.40",
            "revenue": 550543
        },
        "2018-03": {
            "month": "2018-03",
            "price": "40.44",
            "revenue": 695229
        },
        "2018-04": {
            "month": "2018-04",
            "price": "37.86",
            "revenue": 565510
        },
        "2018-05": {
            "month": "2018-05",
            "price": "38.35",
            "revenue": 521796
        },
        "2018-06": {
            "month": "2018-06",
            "price": "36.94",
            "revenue": 653626
        },
        "2018-07": {
            "month": "2018-07",
            "price": "36.20",
            "revenue": 517181
        },
        "2018-08": {
            "month": "2018-08",
            "price": "32.81",
            "revenue": 471865
        },
        "2018-09": {
            "month": "2018-09",
            "price": "31.24",
            "revenue": 634828
        },
        "2018-10": {
            "month": "2018-10",
            "price": "29.03",
            "revenue": 585954
        },
        "2018-11": {
            "month": "2018-11",
            "price": "27.20",
            "revenue": 537788
        },
        "2018-12": {
            "month": "2018-12",
            "price": "28.29",
            "revenue": 598797
        },
        "2019-01": {
            "month": "2019-01",
            "price": "30.47",
            "revenue": 591608
        },
        "2019-02": {
            "month": "2019-02",
            "price": "33.47",
            "revenue": 525162
        },
        "2019-03": {
            "month": "2019-03",
            "price": "34.09",
            "revenue": 579542
        },
        "2019-04": {
            "month": "2019-04",
            "price": "34.87",
            "revenue": 535488
        },
        "2019-05": {
            "month": "2019-05",
            "price": "34.89",
            "revenue": 572219
        },
        "2019-06": {
            "month": "2019-06",
            "price": "35.04",
            "revenue": 523958
        },
        "2019-07": {
            "month": "2019-07",
            "price": "34.56",
            "revenue": 509768
        },
        "2019-08": {
            "month": "2019-08",
            "price": "31.15",
            "revenue": 443839
        },
        "2019-09": {
            "month": "2019-09",
            "price": "31.97",
            "revenue": 539867
        },
        "2019-10": {
            "month": "2019-10",
            "price": "31.34",
            "revenue": 538105
        },
        "2019-11": {
            "month": "2019-11",
            "price": "31.04",
            "revenue": 498436
        },
        "2019-12": {
            "month": "2019-12",
            "price": "30.53",
            "revenue": 438423
        },
        "2020-01": {
            "month": "2020-01",
            "price": "30.39",
            "revenue": 465036
        },
        "2020-02": {
            "month": "2020-02",
            "price": "29.68",
            "revenue": 424101
        },
        "2020-03": {
            "month": "2020-03",
            "price": "27.05",
            "revenue": 449209
        },
        "2020-04": {
            "month": "2020-04",
            "price": "28.38",
            "revenue": 188256
        },
        "2020-05": {
            "month": "2020-05",
            "price": "28.92",
            "revenue": 222317
        },
        "2020-06": {
            "month": "2020-06",
            "price": "29.84",
            "revenue": 305394
        },
        "2020-07": {
            "month": "2020-07",
            "price": "29.04",
            "revenue": 325940
        },
        "2020-08": {
            "month": "2020-08",
            "price": "26.96",
            "revenue": 299400
        },
        "2020-09": {
            "month": "2020-09",
            "price": "26.96",
            "revenue": 406024
        },
        "2020-10": {
            "month": "2020-10",
            "price": "26.92",
            "revenue": 416403
        },
        "2020-11": {
            "month": "2020-11",
            "price": "27.62",
            "revenue": 363724
        },
        "2020-12": {
            "month": "2020-12",
            "price": "27.68",
            "revenue": 371884
        },
        "2021-01": {
            "month": "2021-01",
            "price": "27.46",
            "revenue": 361663
        },
        "2021-02": {
            "month": "2021-02",
            "price": "27.03",
            "revenue": 373670
        },
        "2021-03": {
            "month": "2021-03",
            "price": "27.20",
            "revenue": 423054
        },
        "2021-04": {
            "month": "2021-04",
            "price": "26.73",
            "revenue": 401770
        },
        "2021-05": {
            "month": "2021-05",
            "price": "24.96",
            "revenue": 403868
        },
        "2021-06": {
            "month": "2021-06",
            "price": "25.08",
            "revenue": 411020
        },
        "2021-07": {
            "month": "2021-07",
            "price": "25.29",
            "revenue": 360322
        },
        "2021-08": {
            "month": "2021-08",
            "price": "24.98",
            "revenue": 320197
        },
        "2021-09": {
            "month": "2021-09",
            "price": "25.02",
            "revenue": 448819
        },
        "2021-10": {
            "month": "2021-10",
            "price": "25.36",
            "revenue": 474641
        },
        "2021-11": {
            "month": "2021-11",
            "price": "27.98",
            "revenue": 486537
        },
        "2021-12": {
            "month": "2021-12",
            "price": "29.15",
            "revenue": 457246
        },
        "2022-01": {
            "month": "2022-01",
            "price": "28.19",
            "revenue": 449054
        },
        "2022-02": {
            "month": "2022-02",
            "price": "27.85",
            "revenue": 452325
        },
        "2022-03": {
            "month": "2022-03",
            "price": "28.26",
            "revenue": 590441
        },
        "2022-04": {
            "month": "2022-04",
            "price": "30.38",
            "revenue": 481064
        },
        "2022-05": {
            "month": "2022-05",
            "price": "30.06",
            "revenue": 552201
        },
        "2022-06": {
            "month": "2022-06",
            "price": "30.89",
            "revenue": 510350
        },
        "2022-07": {
            "month": "2022-07",
            "price": "28.12",
            "revenue": 423073
        },
        "2022-08": {
            "month": "2022-08",
            "price": "29.57",
            "revenue": 436810
        },
        "2022-09": {
            "month": "2022-09",
            "price": "29.14",
            "revenue": 468330
        },
        "2022-10": {
            "month": "2022-10",
            "price": "27.70",
            "revenue": 454523
        },
        "2022-11": {
            "month": "2022-11",
            "price": "28.81",
            "revenue": 475905
        },
        "2022-12": {
            "month": "2022-12",
            "price": "29.50",
            "revenue": 409634
        },
        "2023-01": {
            "month": "2023-01",
            "price": "29.98",
            "revenue": 439342
        },
        "2023-02": {
            "month": "2023-02",
            "price": "31.86",
            "revenue": 424899
        },
        "2023-03": {
            "month": "2023-03",
            "price": "34.24",
            "revenue": 505283
        },
        "2023-04": {
            "month": "2023-04",
            "price": "34.26",
            "revenue": 397973
        },
        "2023-05": {
            "month": "2023-05",
            "price": "33.78",
            "revenue": 453336
        },
        "2023-06": {
            "month": "2023-06",
            "price": "34.96",
            "revenue": 463133
        },
        "2023-07": {
            "month": "2023-07",
            "price": "33.70",
            "revenue": 398734
        },
        "2023-08": {
            "month": "2023-08",
            "price": "33.65",
            "revenue": 414499
        },
        "2023-09": {
            "month": "2023-09",
            "price": "33.65",
            "revenue": 484721
        },
        "2023-10": {
            "month": "2023-10",
            "price": "34.29",
            "revenue": 455298
        },
        "2023-11": {
            "month": "2023-11",
            "price": "34.55",
            "revenue": 459567
        },
        "2023-12": {
            "month": "2023-12",
            "price": "34.74",
            "revenue": 416635
        }
    }
}
