{
    "summary": {
        "stock_name": "普誠",
        "stock_id": "6129",
        "category": "半導體",
        "main_business": "消費性IC之設計、製造與銷售",
        "website_url": "http://www.princeton.com.tw",
        "ceo": "姜長安",
        "pe_ratio": 46,
        "report_year_from": 2001,
        "report_year_to": 2023,
        "age": 23,
        "eps_negative_percentage": 26,
        "eps_growth_avg": {
            "last_all": -22.61,
            "last_2y": -9.41,
            "last_4y": -9.41,
            "last_8y": -54.7,
            "last_12y": -56.7,
            "last_16y": -30.85,
            "last_20y": -30.79,
            "at_2006_last_3y": -30.62,
            "at_2007_last_3y": -37.5,
            "at_2008_last_3y": -49.28,
            "at_2009_last_3y": -16.01,
            "at_2010_last_3y": 14.38,
            "at_2011_last_3y": 3.43,
            "at_2012_last_3y": 28.79,
            "at_2013_last_3y": -21.21,
            "at_2014_last_3y": -59.36,
            "at_2015_last_3y": -64.91,
            "at_2016_last_3y": -100,
            "at_2017_last_3y": -100,
            "at_2018_last_3y": -100,
            "at_2019_last_3y": -100,
            "at_2020_last_3y": -100,
            "at_2021_last_3y": null,
            "at_2022_last_3y": 50,
            "at_2023_last_3y": -9.41,
            "at_2024_last_3y": -9.41,
            "at_2006_last_all": -4.49,
            "at_2007_last_all": -10.33,
            "at_2008_last_all": -22.59,
            "at_2009_last_all": -7.27,
            "at_2010_last_all": 3.9,
            "at_2011_last_all": -4.83,
            "at_2012_last_all": -3.91,
            "at_2013_last_all": -11.92,
            "at_2014_last_all": -11.92,
            "at_2015_last_all": -18.69,
            "at_2016_last_all": -18.69,
            "at_2017_last_all": -24.5,
            "at_2018_last_all": -24.5,
            "at_2019_last_all": -24.5,
            "at_2020_last_all": -24.5,
            "at_2021_last_all": -24.5,
            "at_2022_last_all": -19.53,
            "at_2023_last_all": -22.61,
            "at_2024_last_all": -22.61
        },
        "latest_eps": 0.64,
        "latest_price": 29.15,
        "latest_roe": 4.8,
        "latest_gross_margin": 34.99,
        "latest_equity": 2245276,
        "latest_revenue": 368058,
        "latest_gross_profit": 128800,
        "latest_net_income": -468,
        "latest_debt_ratio": 12.02,
        "latest_current_ratio": 600.98,
        "latest_account_receivable_turnover_ratio": 1.3,
        "latest_inventory_turnover_ratio": 0.38,
        "latest_reinvestment_rate": 23.76,
        "latest_research_to_sale_ratio": 25.11
    },
    "eps_dividends": {
        "2000": {
            "cash": 0,
            "stock": 3.1,
            "eps": 0
        },
        "2001": {
            "cash": 0,
            "stock": 2,
            "eps": 2.73
        },
        "2002": {
            "cash": 0.5,
            "stock": 1.5,
            "eps": 6
        },
        "2003": {
            "cash": 2,
            "stock": 2,
            "eps": 5.28
        },
        "2004": {
            "cash": 2,
            "stock": 2,
            "eps": 2.69
        },
        "2005": {
            "cash": 1,
            "stock": 1,
            "eps": 1.8
        },
        "2006": {
            "cash": 0.7,
            "stock": 0.5,
            "eps": 1.29
        },
        "2007": {
            "cash": 0.48,
            "stock": 0.39,
            "eps": 0.78
        },
        "2008": {
            "cash": 0.36,
            "stock": 0.24,
            "eps": 0.03
        },
        "2009": {
            "cash": 0,
            "stock": 0,
            "eps": 0.59
        },
        "2010": {
            "cash": 0.6,
            "stock": 0,
            "eps": 1.14
        },
        "2011": {
            "cash": 1,
            "stock": 0,
            "eps": 0.19
        },
        "2012": {
            "cash": 0,
            "stock": 0,
            "eps": 0.2
        },
        "2013": {
            "cash": 0.2,
            "stock": 0,
            "eps": -0.54
        },
        "2014": {
            "cash": 0,
            "stock": 0,
            "eps": 0.45
        },
        "2015": {
            "cash": 0,
            "stock": 0,
            "eps": -0.81
        },
        "2016": {
            "cash": 0,
            "stock": 0,
            "eps": 0.01
        },
        "2017": {
            "cash": 0,
            "stock": 0,
            "eps": -0.23
        },
        "2018": {
            "cash": 0,
            "stock": 0,
            "eps": -0.51
        },
        "2019": {
            "cash": 0,
            "stock": 0,
            "eps": -0.18
        },
        "2020": {
            "cash": 0,
            "stock": 0,
            "eps": -0.42
        },
        "2021": {
            "cash": 0,
            "stock": 0,
            "eps": 0.62
        },
        "2022": {
            "cash": 0,
            "stock": 0,
            "eps": 0.93
        },
        "2023": {
            "cash": 0.65,
            "stock": 0,
            "eps": 0.29
        }
    },
    "dividends": {
        "2000-06-09": {
            "cash": 0,
            "stock": 3.1
        },
        "2001-07-04": {
            "cash": 0,
            "stock": 2
        },
        "2002-05-17": {
            "cash": 0.5,
            "stock": 1.5
        },
        "2003-06-06": {
            "cash": 2,
            "stock": 2
        },
        "2004-03-02": {
            "cash": 2,
            "stock": 2
        },
        "2005-04-27": {
            "cash": 1,
            "stock": 1
        },
        "2006-03-03": {
            "cash": 0.7,
            "stock": 0.5
        },
        "2007-03-22": {
            "cash": 0.48,
            "stock": 0.39
        },
        "2008-04-29": {
            "cash": 0.36,
            "stock": 0.24
        },
        "2010-04-28": {
            "cash": 0.6,
            "stock": 0
        },
        "2011-04-28": {
            "cash": 1,
            "stock": 0
        },
        "2013-06-10": {
            "cash": 0.2,
            "stock": 0
        },
        "2023-07-26": {
            "cash": 0.65,
            "stock": 0
        }
    },
    "prices": {
        "200101": "無",
        "200102": "無",
        "200103": "無",
        "200104": "無",
        "200105": "無",
        "200106": "無",
        "200107": "無",
        "200108": "無",
        "200109": "無",
        "200110": "無",
        "200111": "無",
        "200112": "26.92",
        "200201": "55.86",
        "200202": "77.96",
        "200203": "103.38",
        "200204": "118.90",
        "200205": "114.25",
        "200206": "102.60",
        "200207": "84.83",
        "200208": "83.86",
        "200209": "89.45",
        "200210": "82.02",
        "200211": "83.76",
        "200212": "88.18",
        "200301": "73.55",
        "200302": "60.03",
        "200303": "49.48",
        "200304": "50.55",
        "200305": "45.23",
        "200306": "53.28",
        "200307": "53.73",
        "200308": "45.69",
        "200309": "49.51",
        "200310": "50.01",
        "200311": "51.63",
        "200312": "56.04",
        "200401": "57.17",
        "200402": "62.58",
        "200403": "59.33",
        "200404": "59.02",
        "200405": "49.76",
        "200406": "42.82",
        "200407": "37.46",
        "200408": "32.28",
        "200409": "31.56",
        "200410": "26.42",
        "200411": "26.02",
        "200412": "25.92",
        "200501": "24.17",
        "200502": "26.38",
        "200503": "29.98",
        "200504": "30.95",
        "200505": "26.88",
        "200506": "32.92",
        "200507": "30.92",
        "200508": "23.09",
        "200509": "20.83",
        "200510": "18.89",
        "200511": "18.21",
        "200512": "21.01",
        "200601": "22.85",
        "200602": "19.43",
        "200603": "21.31",
        "200604": "23.69",
        "200605": "24.18",
        "200606": "22.39",
        "200607": "21.15",
        "200608": "20.03",
        "200609": "20.49",
        "200610": "23.50",
        "200611": "32.53",
        "200612": "35.84",
        "200701": "31.86",
        "200702": "28.06",
        "200703": "34.91",
        "200704": "34.50",
        "200705": "32.76",
        "200706": "45.82",
        "200707": "63.64",
        "200708": "49.74",
        "200709": "42.12",
        "200710": "35.20",
        "200711": "26.54",
        "200712": "24.24",
        "200801": "22.20",
        "200802": "20.35",
        "200803": "22.54",
        "200804": "23.50",
        "200805": "24.44",
        "200806": "18.67",
        "200807": "14.59",
        "200808": "14.68",
        "200809": "10.18",
        "200810": "8.15",
        "200811": "6.26",
        "200812": "6.14",
        "200901": "6.45",
        "200902": "6.65",
        "200903": "8.56",
        "200904": "11.93",
        "200905": "13.11",
        "200906": "12.94",
        "200907": "13.90",
        "200908": "14.52",
        "200909": "14.47",
        "200910": "17.40",
        "200911": "20.70",
        "200912": "24.07",
        "201001": "26.09",
        "201002": "22.35",
        "201003": "24.46",
        "201004": "25.36",
        "201005": "21.11",
        "201006": "20.42",
        "201007": "22.10",
        "201008": "22.93",
        "201009": "24.02",
        "201010": "23.00",
        "201011": "22.16",
        "201012": "22.39",
        "201101": "21.86",
        "201102": "21.42",
        "201103": "21.22",
        "201104": "20.32",
        "201105": "19.48",
        "201106": "18.39",
        "201107": "15.04",
        "201108": "12.18",
        "201109": "11.55",
        "201110": "11.03",
        "201111": "10.27",
        "201112": "8.80",
        "201201": "9.02",
        "201202": "11.91",
        "201203": "12.16",
        "201204": "10.56",
        "201205": "10.46",
        "201206": "9.88",
        "201207": "9.75",
        "201208": "9.56",
        "201209": "9.54",
        "201210": "8.56",
        "201211": "7.87",
        "201212": "8.36",
        "201301": "8.58",
        "201302": "8.58",
        "201303": "8.76",
        "201304": "8.60",
        "201305": "8.89",
        "201306": "9.08",
        "201307": "8.87",
        "201308": "8.49",
        "201309": "8.37",
        "201310": "8.42",
        "201311": "7.88",
        "201312": "7.95",
        "201401": "8.81",
        "201402": "10.37",
        "201403": "11.00",
        "201404": "10.65",
        "201405": "12.06",
        "201406": "13.72",
        "201407": "13.79",
        "201408": "14.15",
        "201409": "14.13",
        "201410": "11.84",
        "201411": "11.18",
        "201412": "11.93",
        "201501": "12.13",
        "201502": "11.60",
        "201503": "11.81",
        "201504": "11.64",
        "201505": "9.92",
        "201506": "8.66",
        "201507": "7.85",
        "201508": "6.54",
        "201509": "6.69",
        "201510": "7.22",
        "201511": "7.26",
        "201512": "7.03",
        "201601": "6.57",
        "201602": "6.69",
        "201603": "7.29",
        "201604": "7.03",
        "201605": "6.69",
        "201606": "7.38",
        "201607": "8.40",
        "201608": "8.93",
        "201609": "9.68",
        "201610": "8.72",
        "201611": "7.94",
        "201612": "8.42",
        "201701": "8.40",
        "201702": "8.97",
        "201703": "9.45",
        "201704": "8.97",
        "201705": "8.73",
        "201706": "8.53",
        "201707": "8.29",
        "201708": "7.72",
        "201709": "7.80",
        "201710": "8.15",
        "201711": "8.72",
        "201712": "8.31",
        "201801": "8.56",
        "201802": "7.65",
        "201803": "8.38",
        "201804": "7.89",
        "201805": "7.91",
        "201806": "9.87",
        "201807": "9.41",
        "201808": "8.86",
        "201809": "7.92",
        "201810": "6.91",
        "201811": "7.00",
        "201812": "7.03",
        "201901": "6.67",
        "201902": "6.90",
        "201903": "7.95",
        "201904": "8.55",
        "201905": "8.32",
        "201906": "7.95",
        "201907": "8.46",
        "201908": "7.85",
        "201909": "8.15",
        "201910": "8.58",
        "201911": "8.18",
        "201912": "8.58",
        "202001": "8.16",
        "202002": "7.33",
        "202003": "5.78",
        "202004": "5.88",
        "202005": "6.06",
        "202006": "6.13",
        "202007": "7.22",
        "202008": "7.09",
        "202009": "7.47",
        "202010": "7.68",
        "202011": "7.93",
        "202012": "11.72",
        "202101": "16.96",
        "202102": "17.75",
        "202103": "32.86",
        "202104": "42.61",
        "202105": "29.52",
        "202106": "35.91",
        "202107": "39.17",
        "202108": "33.08",
        "202109": "29.43",
        "202110": "28.42",
        "202111": "32.15",
        "202112": "35.96",
        "202201": "36.18",
        "202202": "37.00",
        "202203": "35.02",
        "202204": "32.34",
        "202205": "30.49",
        "202206": "33.83",
        "202207": "31.58",
        "202208": "38.97",
        "202209": "33.62",
        "202210": "29.00",
        "202211": "30.58",
        "202212": "31.54",
        "202301": "31.34",
        "202302": "34.66",
        "202303": "35.79",
        "202304": "35.55",
        "202305": "33.35",
        "202306": "32.80",
        "202307": "31.26",
        "202308": "29.14",
        "202309": "29.64",
        "202310": "29.17",
        "202311": "29.92",
        "202312": "30.32"
    },
    "quarters": {
        "20011": {
            "year_quarter": 20011,
            "year": 2001,
            "quarter": 1,
            "eps": 0.38,
            "eps_growth_year": 31.03,
            "eps_4q": 2.27,
            "eps_4q_growth_year": null,
            "roe": 2.73,
            "roe_4q": 2.73,
            "gross_profit": 93027,
            "gross_margin": 30.79,
            "gross_margin_4q_avg": 30.79,
            "net_income": 23744,
            "net_income_4q": null,
            "revenue": 302121,
            "revenue_4q": null,
            "common_shares": 623250,
            "book_valuer_per_share": 14.12,
            "book_valuer_per_share_4q_avg": 14.12,
            "equity": 880242,
            "current_ratio": 253.07,
            "debt_ratio": 22.02,
            "inventory_turnover_ratio": 0.85,
            "account_receivable_turnover_ratio": null,
            "reinvestment_rate": null,
            "research_to_sale_ratio": null,
            "price_fair": 0,
            "eps_avg_yearly": 0,
            "eps_latest_yearly": 0,
            "eps_growth_yearly": 0
        },
        "20012": {
            "year_quarter": 20012,
            "year": 2001,
            "quarter": 2,
            "eps": 0.69,
            "eps_growth_year": -20.69,
            "eps_4q": 2.33,
            "eps_4q_growth_year": null,
            "roe": 4.78,
            "roe_4q": 7.51,
            "gross_profit": 113125,
            "gross_margin": 32.08,
            "gross_margin_4q_avg": 31.44,
            "net_income": 43134,
            "net_income_4q": null,
            "revenue": 352670,
            "revenue_4q": null,
            "common_shares": 623250,
            "book_valuer_per_share": 14.82,
            "book_valuer_per_share_4q_avg": 14.47,
            "equity": 923377,
            "current_ratio": 278.7,
            "debt_ratio": 20.93,
            "inventory_turnover_ratio": 1.18,
            "account_receivable_turnover_ratio": null,
            "reinvestment_rate": null,
            "research_to_sale_ratio": null,
            "price_fair": 0,
            "eps_avg_yearly": 0,
            "eps_latest_yearly": 0,
            "eps_growth_yearly": 0
        },
        "20013": {
            "year_quarter": 20013,
            "year": 2001,
            "quarter": 3,
            "eps": 0.59,
            "eps_growth_year": -26.25,
            "eps_4q": 1.84,
            "eps_4q_growth_year": null,
            "roe": 4.79,
            "roe_4q": 12.3,
            "gross_profit": 136654,
            "gross_margin": 34.67,
            "gross_margin_4q_avg": 32.51,
            "net_income": 45235,
            "net_income_4q": null,
            "revenue": 394161,
            "revenue_4q": null,
            "common_shares": 623250,
            "book_valuer_per_share": 15.48,
            "book_valuer_per_share_4q_avg": 14.81,
            "equity": 964872,
            "current_ratio": 272.99,
            "debt_ratio": 22.69,
            "inventory_turnover_ratio": 1.69,
            "account_receivable_turnover_ratio": null,
            "reinvestment_rate": null,
            "research_to_sale_ratio": null,
            "price_fair": 0,
            "eps_avg_yearly": 0,
            "eps_latest_yearly": 0,
            "eps_growth_yearly": 0
        },
        "20014": {
            "year_quarter": 20014,
            "year": 2001,
            "quarter": 4,
            "eps": 1.07,
            "eps_growth_year": 132.61,
            "eps_4q": 2.53,
            "eps_4q_growth_year": 21.41,
            "roe": 8.14,
            "roe_4q": 20.44,
            "gross_profit": 175781,
            "gross_margin": 39.22,
            "gross_margin_4q_avg": 34.19,
            "net_income": 81912,
            "net_income_4q": null,
            "revenue": 448154,
            "revenue_4q": null,
            "common_shares": 766598,
            "book_valuer_per_share": 13.65,
            "book_valuer_per_share_4q_avg": 14.52,
            "equity": 1046784,
            "current_ratio": 348.49,
            "debt_ratio": 19.7,
            "inventory_turnover_ratio": 1.85,
            "account_receivable_turnover_ratio": null,
            "reinvestment_rate": null,
            "research_to_sale_ratio": null,
            "price_fair": 0,
            "eps_avg_yearly": 0,
            "eps_latest_yearly": 0,
            "eps_growth_yearly": 0
        },
        "20021": {
            "year_quarter": 20021,
            "year": 2002,
            "quarter": 1,
            "eps": 1.7,
            "eps_growth_year": 347.37,
            "eps_4q": 3.92,
            "eps_4q_growth_year": 73.02,
            "roe": 11.72,
            "roe_4q": 29.43,
            "gross_profit": 215613,
            "gross_margin": 41.6,
            "gross_margin_4q_avg": 36.89,
            "net_income": 130261,
            "net_income_4q": null,
            "revenue": 518277,
            "revenue_4q": null,
            "common_shares": 766598,
            "book_valuer_per_share": 15.35,
            "book_valuer_per_share_4q_avg": 14.83,
            "equity": 1177046,
            "current_ratio": 365.2,
            "debt_ratio": 15.44,
            "inventory_turnover_ratio": 1.73,
            "account_receivable_turnover_ratio": null,
            "reinvestment_rate": null,
            "research_to_sale_ratio": null,
            "price_fair": 238,
            "eps_avg_yearly": 6.8,
            "eps_latest_yearly": 6.8,
            "eps_growth_yearly": 235.51
        },
        "20022": {
            "year_quarter": 20022,
            "year": 2002,
            "quarter": 2,
            "eps": 1.53,
            "eps_growth_year": 121.74,
            "eps_4q": 4.36,
            "eps_4q_growth_year": 87.23,
            "roe": 11.36,
            "roe_4q": 36.01,
            "gross_profit": 277592,
            "gross_margin": 43.65,
            "gross_margin_4q_avg": 39.79,
            "net_income": 139079,
            "net_income_4q": null,
            "revenue": 635987,
            "revenue_4q": null,
            "common_shares": 766598,
            "book_valuer_per_share": 16.59,
            "book_valuer_per_share_4q_avg": 15.27,
            "equity": 1271461,
            "current_ratio": 246.97,
            "debt_ratio": 39.91,
            "inventory_turnover_ratio": 1.7,
            "account_receivable_turnover_ratio": null,
            "reinvestment_rate": null,
            "research_to_sale_ratio": null,
            "price_fair": 226.1,
            "eps_avg_yearly": 6.46,
            "eps_latest_yearly": 6.12,
            "eps_growth_yearly": 97.76
        },
        "20023": {
            "year_quarter": 20023,
            "year": 2002,
            "quarter": 3,
            "eps": 1.29,
            "eps_growth_year": 118.64,
            "eps_4q": 5.16,
            "eps_4q_growth_year": 180.88,
            "roe": 8.79,
            "roe_4q": 40.01,
            "gross_profit": 240856,
            "gross_margin": 39.34,
            "gross_margin_4q_avg": 40.95,
            "net_income": 116988,
            "net_income_4q": null,
            "revenue": 612236,
            "revenue_4q": null,
            "common_shares": 908231,
            "book_valuer_per_share": 15.31,
            "book_valuer_per_share_4q_avg": 15.23,
            "equity": 1390534,
            "current_ratio": 342.03,
            "debt_ratio": 32.82,
            "inventory_turnover_ratio": 1.61,
            "account_receivable_turnover_ratio": null,
            "reinvestment_rate": null,
            "research_to_sale_ratio": null,
            "price_fair": 210.93,
            "eps_avg_yearly": 6.03,
            "eps_latest_yearly": 5.16,
            "eps_growth_yearly": 44.26
        },
        "20024": {
            "year_quarter": 20024,
            "year": 2002,
            "quarter": 4,
            "eps": 1.48,
            "eps_growth_year": 38.32,
            "eps_4q": 5.75,
            "eps_4q_growth_year": 126.76,
            "roe": 9.18,
            "roe_4q": 41.05,
            "gross_profit": 253676,
            "gross_margin": 42.6,
            "gross_margin_4q_avg": 41.8,
            "net_income": 133988,
            "net_income_4q": null,
            "revenue": 595427,
            "revenue_4q": null,
            "common_shares": 908742,
            "book_valuer_per_share": 16.82,
            "book_valuer_per_share_4q_avg": 16.02,
            "equity": 1528344,
            "current_ratio": 424.74,
            "debt_ratio": 29.76,
            "inventory_turnover_ratio": 1.41,
            "account_receivable_turnover_ratio": null,
            "reinvestment_rate": null,
            "research_to_sale_ratio": null,
            "price_fair": 210,
            "eps_avg_yearly": 6,
            "eps_latest_yearly": 5.92,
            "eps_growth_yearly": 47.92
        },
        "20031": {
            "year_quarter": 20031,
            "year": 2003,
            "quarter": 1,
            "eps": 0.96,
            "eps_growth_year": -43.53,
            "eps_4q": 5.26,
            "eps_4q_growth_year": 34.22,
            "roe": 5.53,
            "roe_4q": 34.86,
            "gross_profit": 191358,
            "gross_margin": 40.81,
            "gross_margin_4q_avg": 41.6,
            "net_income": 86992,
            "net_income_4q": null,
            "revenue": 468905,
            "revenue_4q": null,
            "common_shares": 908742,
            "book_valuer_per_share": 17.77,
            "book_valuer_per_share_4q_avg": 16.62,
            "equity": 1615264,
            "current_ratio": 519.81,
            "debt_ratio": 27.59,
            "inventory_turnover_ratio": 1.03,
            "account_receivable_turnover_ratio": null,
            "reinvestment_rate": null,
            "research_to_sale_ratio": null,
            "price_fair": 112.63,
            "eps_avg_yearly": 5.57,
            "eps_latest_yearly": 3.84,
            "eps_growth_yearly": 10.23
        },
        "20032": {
            "year_quarter": 20032,
            "year": 2003,
            "quarter": 2,
            "eps": 1.31,
            "eps_growth_year": -14.38,
            "eps_4q": 4.32,
            "eps_4q_growth_year": -0.98,
            "roe": 9.34,
            "roe_4q": 32.84,
            "gross_profit": 209712,
            "gross_margin": 39.49,
            "gross_margin_4q_avg": 40.56,
            "net_income": 147142,
            "net_income_4q": null,
            "revenue": 531044,
            "revenue_4q": null,
            "common_shares": 908742,
            "book_valuer_per_share": 16.88,
            "book_valuer_per_share_4q_avg": 16.7,
            "equity": 1533989,
            "current_ratio": 328.05,
            "debt_ratio": 35.31,
            "inventory_turnover_ratio": 1.09,
            "account_receivable_turnover_ratio": null,
            "reinvestment_rate": null,
            "research_to_sale_ratio": null,
            "price_fair": 192.97,
            "eps_avg_yearly": 5.51,
            "eps_latest_yearly": 5.24,
            "eps_growth_yearly": 32.83
        },
        "20033": {
            "year_quarter": 20033,
            "year": 2003,
            "quarter": 3,
            "eps": 1.16,
            "eps_growth_year": -10.08,
            "eps_4q": 4.43,
            "eps_4q_growth_year": -14.14,
            "roe": 8.15,
            "roe_4q": 32.2,
            "gross_profit": 271519,
            "gross_margin": 39.92,
            "gross_margin_4q_avg": 40.71,
            "net_income": 130469,
            "net_income_4q": null,
            "revenue": 680110,
            "revenue_4q": null,
            "common_shares": 1123736,
            "book_valuer_per_share": 14.83,
            "book_valuer_per_share_4q_avg": 16.58,
            "equity": 1666667,
            "current_ratio": 430.16,
            "debt_ratio": 29.5,
            "inventory_turnover_ratio": 1.38,
            "account_receivable_turnover_ratio": null,
            "reinvestment_rate": null,
            "research_to_sale_ratio": null,
            "price_fair": 170.26,
            "eps_avg_yearly": 5.39,
            "eps_latest_yearly": 4.64,
            "eps_growth_yearly": 21.6
        },
        "20034": {
            "year_quarter": 20034,
            "year": 2003,
            "quarter": 4,
            "eps": 1.85,
            "eps_growth_year": 25,
            "eps_4q": 5.1,
            "eps_4q_growth_year": -11.25,
            "roe": 11.72,
            "roe_4q": 34.74,
            "gross_profit": 345002,
            "gross_margin": 38.49,
            "gross_margin_4q_avg": 39.68,
            "net_income": 207514,
            "net_income_4q": null,
            "revenue": 896344,
            "revenue_4q": null,
            "common_shares": 1124225,
            "book_valuer_per_share": 16.67,
            "book_valuer_per_share_4q_avg": 16.54,
            "equity": 1874502,
            "current_ratio": 380.1,
            "debt_ratio": 30.51,
            "inventory_turnover_ratio": 1.83,
            "account_receivable_turnover_ratio": null,
            "reinvestment_rate": 11.71,
            "research_to_sale_ratio": null,
            "price_fair": 197.4,
            "eps_avg_yearly": 5.64,
            "eps_latest_yearly": 7.4,
            "eps_growth_yearly": 48.64
        },
        "20041": {
            "year_quarter": 20041,
            "year": 2004,
            "quarter": 1,
            "eps": 1.13,
            "eps_growth_year": 17.71,
            "eps_4q": 5.45,
            "eps_4q_growth_year": 3.51,
            "roe": 6.55,
            "roe_4q": 35.760000000000005,
            "gross_profit": 236244,
            "gross_margin": 36.88,
            "gross_margin_4q_avg": 38.7,
            "net_income": 126913,
            "net_income_4q": null,
            "revenue": 640547,
            "revenue_4q": null,
            "common_shares": 1124225,
            "book_valuer_per_share": 17.8,
            "book_valuer_per_share_4q_avg": 16.55,
            "equity": 2000636,
            "current_ratio": 429.58,
            "debt_ratio": 28.11,
            "inventory_turnover_ratio": 1.18,
            "account_receivable_turnover_ratio": null,
            "reinvestment_rate": 11.38,
            "research_to_sale_ratio": null,
            "price_fair": 193.04,
            "eps_avg_yearly": 5.52,
            "eps_latest_yearly": 4.52,
            "eps_growth_yearly": 25.94
        },
        "20042": {
            "year_quarter": 20042,
            "year": 2004,
            "quarter": 2,
            "eps": 0.82,
            "eps_growth_year": -37.4,
            "eps_4q": 4.16,
            "eps_4q_growth_year": -3.59,
            "roe": 5.93,
            "roe_4q": 32.35,
            "gross_profit": 267769,
            "gross_margin": 35.07,
            "gross_margin_4q_avg": 37.59,
            "net_income": 114005,
            "net_income_4q": null,
            "revenue": 763570,
            "revenue_4q": null,
            "common_shares": 1124225,
            "book_valuer_per_share": 16.38,
            "book_valuer_per_share_4q_avg": 16.42,
            "equity": 1841748,
            "current_ratio": 265.25,
            "debt_ratio": 38.05,
            "inventory_turnover_ratio": 1.25,
            "account_receivable_turnover_ratio": null,
            "reinvestment_rate": 8.9,
            "research_to_sale_ratio": null,
            "price_fair": 118.38,
            "eps_avg_yearly": 5.29,
            "eps_latest_yearly": 3.28,
            "eps_growth_yearly": 12.37
        },
        "20043": {
            "year_quarter": 20043,
            "year": 2004,
            "quarter": 3,
            "eps": 0.73,
            "eps_growth_year": -37.07,
            "eps_4q": 3.98,
            "eps_4q_growth_year": -10.28,
            "roe": 5.33,
            "roe_4q": 29.53,
            "gross_profit": 262004,
            "gross_margin": 34.38,
            "gross_margin_4q_avg": 36.21,
            "net_income": 100809,
            "net_income_4q": null,
            "revenue": 762066,
            "revenue_4q": null,
            "common_shares": 1389461,
            "book_valuer_per_share": 13.98,
            "book_valuer_per_share_4q_avg": 16.21,
            "equity": 1942571,
            "current_ratio": 419.3,
            "debt_ratio": 28.14,
            "inventory_turnover_ratio": 1.21,
            "account_receivable_turnover_ratio": null,
            "reinvestment_rate": 7.81,
            "research_to_sale_ratio": null,
            "price_fair": 87.59,
            "eps_avg_yearly": 5.08,
            "eps_latest_yearly": 2.92,
            "eps_growth_yearly": 7.25
        },
        "20044": {
            "year_quarter": 20044,
            "year": 2004,
            "quarter": 4,
            "eps": 0.01,
            "eps_growth_year": -99.46,
            "eps_4q": 2.48,
            "eps_4q_growth_year": -51.38,
            "roe": 0.1,
            "roe_4q": 17.91,
            "gross_profit": 223620,
            "gross_margin": 30.02,
            "gross_margin_4q_avg": 34.09,
            "net_income": 1889,
            "net_income_4q": null,
            "revenue": 744834,
            "revenue_4q": null,
            "common_shares": 1389461,
            "book_valuer_per_share": 13.48,
            "book_valuer_per_share_4q_avg": 15.41,
            "equity": 1872489,
            "current_ratio": 387.53,
            "debt_ratio": 28.82,
            "inventory_turnover_ratio": 1.36,
            "account_receivable_turnover_ratio": null,
            "reinvestment_rate": 5.11,
            "research_to_sale_ratio": null,
            "price_fair": 13.97,
            "eps_avg_yearly": 4.66,
            "eps_latest_yearly": 0.04,
            "eps_growth_yearly": -26.23
        },
        "20051": {
            "year_quarter": 20051,
            "year": 2005,
            "quarter": 1,
            "eps": 0.18,
            "eps_growth_year": -84.07,
            "eps_4q": 1.84,
            "eps_4q_growth_year": -66.16,
            "roe": 1.24,
            "roe_4q": 12.6,
            "gross_profit": 161340,
            "gross_margin": 29.66,
            "gross_margin_4q_avg": 32.28,
            "net_income": 23439,
            "net_income_4q": null,
            "revenue": 543926,
            "revenue_4q": null,
            "common_shares": 1389461,
            "book_valuer_per_share": 13.62,
            "book_valuer_per_share_4q_avg": 14.37,
            "equity": 1892731,
            "current_ratio": 378.54,
            "debt_ratio": 27.05,
            "inventory_turnover_ratio": 0.97,
            "account_receivable_turnover_ratio": null,
            "reinvestment_rate": 4.52,
            "research_to_sale_ratio": null,
            "price_fair": 152.38,
            "eps_avg_yearly": 4.35,
            "eps_latest_yearly": 0.72,
            "eps_growth_yearly": 498.87
        },
        "20052": {
            "year_quarter": 20052,
            "year": 2005,
            "quarter": 2,
            "eps": 0.42,
            "eps_growth_year": -48.78,
            "eps_4q": 1.25,
            "eps_4q_growth_year": -70.06,
            "roe": 3.47,
            "roe_4q": 10.14,
            "gross_profit": 206825,
            "gross_margin": 27.83,
            "gross_margin_4q_avg": 30.47,
            "net_income": 64073,
            "net_income_4q": null,
            "revenue": 743288,
            "revenue_4q": null,
            "common_shares": 1389461,
            "book_valuer_per_share": 12.92,
            "book_valuer_per_share_4q_avg": 13.5,
            "equity": 1795872,
            "current_ratio": 273.61,
            "debt_ratio": 32.07,
            "inventory_turnover_ratio": 1.47,
            "account_receivable_turnover_ratio": null,
            "reinvestment_rate": 6.31,
            "research_to_sale_ratio": null,
            "price_fair": 145.7,
            "eps_avg_yearly": 4.16,
            "eps_latest_yearly": 1.68,
            "eps_growth_yearly": 501.33
        },
        "20053": {
            "year_quarter": 20053,
            "year": 2005,
            "quarter": 3,
            "eps": 0.55,
            "eps_growth_year": -24.66,
            "eps_4q": 1.14,
            "eps_4q_growth_year": -71.27,
            "roe": 4.57,
            "roe_4q": 9.38,
            "gross_profit": 259585,
            "gross_margin": 33.97,
            "gross_margin_4q_avg": 30.37,
            "net_income": 82980,
            "net_income_4q": null,
            "revenue": 764190,
            "revenue_4q": null,
            "common_shares": 1549410,
            "book_valuer_per_share": 11.87,
            "book_valuer_per_share_4q_avg": 12.97,
            "equity": 1839547,
            "current_ratio": 322.78,
            "debt_ratio": 27.96,
            "inventory_turnover_ratio": 1.69,
            "account_receivable_turnover_ratio": null,
            "reinvestment_rate": 6.78,
            "research_to_sale_ratio": null,
            "price_fair": 141.12,
            "eps_avg_yearly": 4.03,
            "eps_latest_yearly": 2.2,
            "eps_growth_yearly": 476.16
        },
        "20054": {
            "year_quarter": 20054,
            "year": 2005,
            "quarter": 4,
            "eps": 0.65,
            "eps_growth_year": 6400,
            "eps_4q": 1.77,
            "eps_4q_growth_year": -28.45,
            "roe": 5.26,
            "roe_4q": 14.540000000000001,
            "gross_profit": 248908,
            "gross_margin": 33.16,
            "gross_margin_4q_avg": 31.16,
            "net_income": 98548,
            "net_income_4q": null,
            "revenue": 750514,
            "revenue_4q": null,
            "common_shares": 1509410,
            "book_valuer_per_share": 12.64,
            "book_valuer_per_share_4q_avg": 12.76,
            "equity": 1908524,
            "current_ratio": 312.4,
            "debt_ratio": 31.34,
            "inventory_turnover_ratio": 1.45,
            "account_receivable_turnover_ratio": null,
            "reinvestment_rate": 7.22,
            "research_to_sale_ratio": null,
            "price_fair": 137.99,
            "eps_avg_yearly": 3.94,
            "eps_latest_yearly": 2.6,
            "eps_growth_yearly": 450.95
        },
        "20061": {
            "year_quarter": 20061,
            "year": 2006,
            "quarter": 1,
            "eps": 0.17,
            "eps_growth_year": -5.56,
            "eps_4q": 1.86,
            "eps_4q_growth_year": 0.69,
            "roe": 1.29,
            "roe_4q": 14.590000000000002,
            "gross_profit": 179010,
            "gross_margin": 33.55,
            "gross_margin_4q_avg": 32.13,
            "net_income": 24750,
            "net_income_4q": null,
            "revenue": 533609,
            "revenue_4q": null,
            "common_shares": 1509410,
            "book_valuer_per_share": 12.81,
            "book_valuer_per_share_4q_avg": 12.56,
            "equity": 1933615,
            "current_ratio": 466.89,
            "debt_ratio": 21.38,
            "inventory_turnover_ratio": 0.91,
            "account_receivable_turnover_ratio": null,
            "reinvestment_rate": 11.01,
            "research_to_sale_ratio": null,
            "price_fair": 124.6,
            "eps_avg_yearly": 3.56,
            "eps_latest_yearly": 0.68,
            "eps_growth_yearly": 417.77
        },
        "20062": {
            "year_quarter": 20062,
            "year": 2006,
            "quarter": 2,
            "eps": 0.21,
            "eps_growth_year": -50,
            "eps_4q": 1.53,
            "eps_4q_growth_year": 22.92,
            "roe": 1.73,
            "roe_4q": 12.85,
            "gross_profit": 212889,
            "gross_margin": 31.65,
            "gross_margin_4q_avg": 33.08,
            "net_income": 32751,
            "net_income_4q": null,
            "revenue": 672548,
            "revenue_4q": null,
            "common_shares": 1510025,
            "book_valuer_per_share": 12.2,
            "book_valuer_per_share_4q_avg": 12.38,
            "equity": 1842470,
            "current_ratio": 323.54,
            "debt_ratio": 27.27,
            "inventory_turnover_ratio": 1.31,
            "account_receivable_turnover_ratio": null,
            "reinvestment_rate": 6.16,
            "research_to_sale_ratio": null,
            "price_fair": 113.05,
            "eps_avg_yearly": 3.23,
            "eps_latest_yearly": 0.84,
            "eps_growth_yearly": 426.15
        },
        "20063": {
            "year_quarter": 20063,
            "year": 2006,
            "quarter": 3,
            "eps": 0.18,
            "eps_growth_year": -67.27,
            "eps_4q": 1.15,
            "eps_4q_growth_year": 0.99,
            "roe": 1.55,
            "roe_4q": 9.83,
            "gross_profit": 222557,
            "gross_margin": 32.31,
            "gross_margin_4q_avg": 32.67,
            "net_income": 28843,
            "net_income_4q": null,
            "revenue": 688754,
            "revenue_4q": null,
            "common_shares": 1603385,
            "book_valuer_per_share": 11.69,
            "book_valuer_per_share_4q_avg": 12.34,
            "equity": 1874260,
            "current_ratio": 247.82,
            "debt_ratio": 28.45,
            "inventory_turnover_ratio": 1.39,
            "account_receivable_turnover_ratio": null,
            "reinvestment_rate": 3.13,
            "research_to_sale_ratio": null,
            "price_fair": 103.34,
            "eps_avg_yearly": 2.95,
            "eps_latest_yearly": 0.72,
            "eps_growth_yearly": 426.5
        },
        "20064": {
            "year_quarter": 20064,
            "year": 2006,
            "quarter": 4,
            "eps": 0.73,
            "eps_growth_year": 12.31,
            "eps_4q": 1.28,
            "eps_4q_growth_year": -27.88,
            "roe": 5.91,
            "roe_4q": 10.48,
            "gross_profit": 266238,
            "gross_margin": 31.32,
            "gross_margin_4q_avg": 32.21,
            "net_income": 114636,
            "net_income_4q": null,
            "revenue": 850105,
            "revenue_4q": null,
            "common_shares": 1603385,
            "book_valuer_per_share": 12.49,
            "book_valuer_per_share_4q_avg": 12.3,
            "equity": 2003191,
            "current_ratio": 275.1,
            "debt_ratio": 29.33,
            "inventory_turnover_ratio": 1.38,
            "account_receivable_turnover_ratio": null,
            "reinvestment_rate": 0.71,
            "research_to_sale_ratio": null,
            "price_fair": 96.78,
            "eps_avg_yearly": 2.77,
            "eps_latest_yearly": 2.92,
            "eps_growth_yearly": 499.2
        },
        "20071": {
            "year_quarter": 20071,
            "year": 2007,
            "quarter": 1,
            "eps": 0.19,
            "eps_growth_year": 11.76,
            "eps_4q": 1.29,
            "eps_4q_growth_year": -30.74,
            "roe": 1.51,
            "roe_4q": 10.700000000000001,
            "gross_profit": 177635,
            "gross_margin": 33.72,
            "gross_margin_4q_avg": 32.25,
            "net_income": 30547,
            "net_income_4q": null,
            "revenue": 526864,
            "revenue_4q": null,
            "common_shares": 1609390,
            "book_valuer_per_share": 12.69,
            "book_valuer_per_share_4q_avg": 12.27,
            "equity": 2041960,
            "current_ratio": 359.44,
            "debt_ratio": 18.56,
            "inventory_turnover_ratio": 0.71,
            "account_receivable_turnover_ratio": null,
            "reinvestment_rate": -0.98,
            "research_to_sale_ratio": null,
            "price_fair": 90.04,
            "eps_avg_yearly": 2.57,
            "eps_latest_yearly": 0.76,
            "eps_growth_yearly": 489.5
        },
        "20072": {
            "year_quarter": 20072,
            "year": 2007,
            "quarter": 2,
            "eps": 0.29,
            "eps_growth_year": 38.1,
            "eps_4q": 1.34,
            "eps_4q_growth_year": -12.85,
            "roe": 2.31,
            "roe_4q": 11.280000000000001,
            "gross_profit": 206626,
            "gross_margin": 29.93,
            "gross_margin_4q_avg": 31.82,
            "net_income": 48263,
            "net_income_4q": null,
            "revenue": 690336,
            "revenue_4q": null,
            "common_shares": 1610710,
            "book_valuer_per_share": 13.27,
            "book_valuer_per_share_4q_avg": 12.54,
            "equity": 2137776,
            "current_ratio": 313.17,
            "debt_ratio": 22.1,
            "inventory_turnover_ratio": 1.03,
            "account_receivable_turnover_ratio": null,
            "reinvestment_rate": -1.34,
            "research_to_sale_ratio": null,
            "price_fair": 81.11,
            "eps_avg_yearly": 2.32,
            "eps_latest_yearly": 1.16,
            "eps_growth_yearly": 493.54
        },
        "20073": {
            "year_quarter": 20073,
            "year": 2007,
            "quarter": 3,
            "eps": 0.34,
            "eps_growth_year": 88.89,
            "eps_4q": 1.49,
            "eps_4q_growth_year": 29.39,
            "roe": 2.61,
            "roe_4q": 12.34,
            "gross_profit": 208869,
            "gross_margin": 27.39,
            "gross_margin_4q_avg": 30.59,
            "net_income": 57043,
            "net_income_4q": null,
            "revenue": 762499,
            "revenue_4q": null,
            "common_shares": 1709016,
            "book_valuer_per_share": 13.06,
            "book_valuer_per_share_4q_avg": 12.88,
            "equity": 2231789,
            "current_ratio": 332.54,
            "debt_ratio": 21.46,
            "inventory_turnover_ratio": 1.26,
            "account_receivable_turnover_ratio": null,
            "reinvestment_rate": -3.14,
            "research_to_sale_ratio": null,
            "price_fair": 73.94,
            "eps_avg_yearly": 2.11,
            "eps_latest_yearly": 1.36,
            "eps_growth_yearly": 500.71
        },
        "20074": {
            "year_quarter": 20074,
            "year": 2007,
            "quarter": 4,
            "eps": -0.04,
            "eps_growth_year": -105.48,
            "eps_4q": 0.77,
            "eps_4q_growth_year": -39.84,
            "roe": -0.27,
            "roe_4q": 6.16,
            "gross_profit": 206113,
            "gross_margin": 29.1,
            "gross_margin_4q_avg": 30.04,
            "net_income": -5959,
            "net_income_4q": null,
            "revenue": 708170,
            "revenue_4q": null,
            "common_shares": 1723273,
            "book_valuer_per_share": 12.82,
            "book_valuer_per_share_4q_avg": 12.96,
            "equity": 2209388,
            "current_ratio": 337.44,
            "debt_ratio": 24.65,
            "inventory_turnover_ratio": 0.93,
            "account_receivable_turnover_ratio": null,
            "reinvestment_rate": -2.1,
            "research_to_sale_ratio": null,
            "price_fair": 61.6,
            "eps_avg_yearly": 1.76,
            "eps_latest_yearly": 1.36,
            "eps_growth_yearly": 518.23
        },
        "20081": {
            "year_quarter": 20081,
            "year": 2008,
            "quarter": 1,
            "eps": -0.12,
            "eps_growth_year": -163.16,
            "eps_4q": 0.47,
            "eps_4q_growth_year": -63.69,
            "roe": -0.92,
            "roe_4q": 3.73,
            "gross_profit": 166503,
            "gross_margin": 28.31,
            "gross_margin_4q_avg": 28.68,
            "net_income": -20310,
            "net_income_4q": null,
            "revenue": 588081,
            "revenue_4q": null,
            "common_shares": 1729483,
            "book_valuer_per_share": 12.7,
            "book_valuer_per_share_4q_avg": 12.96,
            "equity": 2196020,
            "current_ratio": 443.51,
            "debt_ratio": 17.94,
            "inventory_turnover_ratio": 0.69,
            "account_receivable_turnover_ratio": null,
            "reinvestment_rate": -2.57,
            "research_to_sale_ratio": null,
            "price_fair": 54.7,
            "eps_avg_yearly": 1.56,
            "eps_latest_yearly": 1.36,
            "eps_growth_yearly": 566.37
        },
        "20082": {
            "year_quarter": 20082,
            "year": 2008,
            "quarter": 2,
            "eps": -0.12,
            "eps_growth_year": -141.38,
            "eps_4q": 0.05,
            "eps_4q_growth_year": -96.05,
            "roe": -1,
            "roe_4q": 0.41999999999999993,
            "gross_profit": 170021,
            "gross_margin": 28.18,
            "gross_margin_4q_avg": 28.25,
            "net_income": -21622,
            "net_income_4q": null,
            "revenue": 603367,
            "revenue_4q": null,
            "common_shares": 1734788,
            "book_valuer_per_share": 12.19,
            "book_valuer_per_share_4q_avg": 12.69,
            "equity": 2115296,
            "current_ratio": 439.82,
            "debt_ratio": 20.7,
            "inventory_turnover_ratio": 0.85,
            "account_receivable_turnover_ratio": null,
            "reinvestment_rate": -10.82,
            "research_to_sale_ratio": null,
            "price_fair": 50.08,
            "eps_avg_yearly": 1.43,
            "eps_latest_yearly": 1.36,
            "eps_growth_yearly": 618.37
        },
        "20083": {
            "year_quarter": 20083,
            "year": 2008,
            "quarter": 3,
            "eps": 0.05,
            "eps_growth_year": -85.29,
            "eps_4q": -0.21,
            "eps_4q_growth_year": -113.9,
            "roe": 0.44,
            "roe_4q": -1.75,
            "gross_profit": 165694,
            "gross_margin": 27.58,
            "gross_margin_4q_avg": 28.29,
            "net_income": 9299,
            "net_income_4q": null,
            "revenue": 600780,
            "revenue_4q": null,
            "common_shares": 1789622,
            "book_valuer_per_share": 11.85,
            "book_valuer_per_share_4q_avg": 12.39,
            "equity": 2121528,
            "current_ratio": 484.4,
            "debt_ratio": 18.89,
            "inventory_turnover_ratio": 1.06,
            "account_receivable_turnover_ratio": null,
            "reinvestment_rate": -8.31,
            "research_to_sale_ratio": null,
            "price_fair": 45.73,
            "eps_avg_yearly": 1.31,
            "eps_latest_yearly": 1.36,
            "eps_growth_yearly": 673.56
        },
        "20084": {
            "year_quarter": 20084,
            "year": 2008,
            "quarter": 4,
            "eps": 0.22,
            "eps_growth_year": null,
            "eps_4q": 0.04,
            "eps_4q_growth_year": -95.18,
            "roe": 1.83,
            "roe_4q": 0.35,
            "gross_profit": 148182,
            "gross_margin": 34.12,
            "gross_margin_4q_avg": 29.55,
            "net_income": 39256,
            "net_income_4q": null,
            "revenue": 434257,
            "revenue_4q": null,
            "common_shares": 1789622,
            "book_valuer_per_share": 12.06,
            "book_valuer_per_share_4q_avg": 12.2,
            "equity": 2158726,
            "current_ratio": 631.61,
            "debt_ratio": 14.39,
            "inventory_turnover_ratio": 0.76,
            "account_receivable_turnover_ratio": 3.54,
            "reinvestment_rate": -0.44,
            "research_to_sale_ratio": null,
            "price_fair": 48.18,
            "eps_avg_yearly": 1.38,
            "eps_latest_yearly": 0.88,
            "eps_growth_yearly": 819.77
        },
        "20091": {
            "year_quarter": 20091,
            "year": 2009,
            "quarter": 1,
            "eps": -0.14,
            "eps_growth_year": null,
            "eps_4q": 0.01,
            "eps_4q_growth_year": -98.33,
            "roe": -1.18,
            "roe_4q": 0.09000000000000008,
            "gross_profit": 95380,
            "gross_margin": 32.99,
            "gross_margin_4q_avg": 30.72,
            "net_income": -25539,
            "net_income_4q": null,
            "revenue": 289076,
            "revenue_4q": null,
            "common_shares": 1789622,
            "book_valuer_per_share": 12.14,
            "book_valuer_per_share_4q_avg": 12.06,
            "equity": 2173162,
            "current_ratio": 796.74,
            "debt_ratio": 10.21,
            "inventory_turnover_ratio": 0.55,
            "account_receivable_turnover_ratio": 1.34,
            "reinvestment_rate": 27.58,
            "research_to_sale_ratio": null,
            "price_fair": 50.27,
            "eps_avg_yearly": 1.44,
            "eps_latest_yearly": 0.88,
            "eps_growth_yearly": 276.12
        },
        "20092": {
            "year_quarter": 20092,
            "year": 2009,
            "quarter": 2,
            "eps": -0.11,
            "eps_growth_year": null,
            "eps_4q": 0.02,
            "eps_4q_growth_year": -70.43,
            "roe": -0.94,
            "roe_4q": 0.14999999999999997,
            "gross_profit": 132358,
            "gross_margin": 34.08,
            "gross_margin_4q_avg": 32.19,
            "net_income": -20224,
            "net_income_4q": null,
            "revenue": 388418,
            "revenue_4q": null,
            "common_shares": 1789622,
            "book_valuer_per_share": 12.01,
            "book_valuer_per_share_4q_avg": 12.02,
            "equity": 2148919,
            "current_ratio": 608.51,
            "debt_ratio": 13.02,
            "inventory_turnover_ratio": 0.85,
            "account_receivable_turnover_ratio": 1.86,
            "reinvestment_rate": 23.4,
            "research_to_sale_ratio": null,
            "price_fair": 49.42,
            "eps_avg_yearly": 1.41,
            "eps_latest_yearly": 0.88,
            "eps_growth_yearly": 250.4
        },
        "20093": {
            "year_quarter": 20093,
            "year": 2009,
            "quarter": 3,
            "eps": 0.44,
            "eps_growth_year": 780,
            "eps_4q": 0.4,
            "eps_4q_growth_year": null,
            "roe": 3.61,
            "roe_4q": 3.3200000000000003,
            "gross_profit": 188594,
            "gross_margin": 35.86,
            "gross_margin_4q_avg": 34.26,
            "net_income": 78960,
            "net_income_4q": null,
            "revenue": 525984,
            "revenue_4q": null,
            "common_shares": 1789622,
            "book_valuer_per_share": 12.46,
            "book_valuer_per_share_4q_avg": 12.17,
            "equity": 2229636,
            "current_ratio": 553.14,
            "debt_ratio": 13.56,
            "inventory_turnover_ratio": 1.28,
            "account_receivable_turnover_ratio": 1.95,
            "reinvestment_rate": 18.1,
            "research_to_sale_ratio": null,
            "price_fair": 46.36,
            "eps_avg_yearly": 1.32,
            "eps_latest_yearly": 0.88,
            "eps_growth_yearly": 264.46
        },
        "20094": {
            "year_quarter": 20094,
            "year": 2009,
            "quarter": 4,
            "eps": 0.4,
            "eps_growth_year": 81.82,
            "eps_4q": 0.58,
            "eps_4q_growth_year": 1464,
            "roe": 3.14,
            "roe_4q": 4.630000000000001,
            "gross_profit": 203122,
            "gross_margin": 38.09,
            "gross_margin_4q_avg": 35.26,
            "net_income": 71383,
            "net_income_4q": null,
            "revenue": 533208,
            "revenue_4q": null,
            "common_shares": 1789622,
            "book_valuer_per_share": 12.82,
            "book_valuer_per_share_4q_avg": 12.36,
            "equity": 2309865,
            "current_ratio": 524.29,
            "debt_ratio": 14.38,
            "inventory_turnover_ratio": 1.33,
            "account_receivable_turnover_ratio": 3.14,
            "reinvestment_rate": 57.4,
            "research_to_sale_ratio": null,
            "price_fair": 42.47,
            "eps_avg_yearly": 1.21,
            "eps_latest_yearly": 1.6,
            "eps_growth_yearly": 252.34
        },
        "20101": {
            "year_quarter": 20101,
            "year": 2010,
            "quarter": 1,
            "eps": 0.13,
            "eps_growth_year": null,
            "eps_4q": 0.85,
            "eps_4q_growth_year": 10865.08,
            "roe": 1.03,
            "roe_4q": 6.84,
            "gross_profit": 173876,
            "gross_margin": 36.56,
            "gross_margin_4q_avg": 36.15,
            "net_income": 24032,
            "net_income_4q": null,
            "revenue": 475615,
            "revenue_4q": null,
            "common_shares": 1797292,
            "book_valuer_per_share": 12.96,
            "book_valuer_per_share_4q_avg": 12.56,
            "equity": 2339720,
            "current_ratio": 604.38,
            "debt_ratio": 12.71,
            "inventory_turnover_ratio": 1.25,
            "account_receivable_turnover_ratio": 1.46,
            "reinvestment_rate": 41.87,
            "research_to_sale_ratio": 17.11,
            "price_fair": 41.84,
            "eps_avg_yearly": 1.2,
            "eps_latest_yearly": 0.52,
            "eps_growth_yearly": 255.16
        },
        "20102": {
            "year_quarter": 20102,
            "year": 2010,
            "quarter": 2,
            "eps": 0.4,
            "eps_growth_year": null,
            "eps_4q": 1.37,
            "eps_4q_growth_year": 8654.09,
            "roe": 3.1,
            "roe_4q": 10.879999999999999,
            "gross_profit": 236468,
            "gross_margin": 39,
            "gross_margin_4q_avg": 37.38,
            "net_income": 72014,
            "net_income_4q": null,
            "revenue": 606393,
            "revenue_4q": null,
            "common_shares": 1801677,
            "book_valuer_per_share": 12.8,
            "book_valuer_per_share_4q_avg": 12.76,
            "equity": 2308677,
            "current_ratio": 384.88,
            "debt_ratio": 20.04,
            "inventory_turnover_ratio": 1.48,
            "account_receivable_turnover_ratio": 1.77,
            "reinvestment_rate": 40.64,
            "research_to_sale_ratio": 14.37,
            "price_fair": 44.8,
            "eps_avg_yearly": 1.28,
            "eps_latest_yearly": 1.6,
            "eps_growth_yearly": 337.01
        },
        "20103": {
            "year_quarter": 20103,
            "year": 2010,
            "quarter": 3,
            "eps": 0.41,
            "eps_growth_year": -7.22,
            "eps_4q": 1.33,
            "eps_4q_growth_year": 230.34,
            "roe": 3.15,
            "roe_4q": 10.42,
            "gross_profit": 234259,
            "gross_margin": 38.1,
            "gross_margin_4q_avg": 37.94,
            "net_income": 73851,
            "net_income_4q": null,
            "revenue": 614916,
            "revenue_4q": null,
            "common_shares": 1803059,
            "book_valuer_per_share": 13.19,
            "book_valuer_per_share_4q_avg": 12.94,
            "equity": 2386330,
            "current_ratio": 473.8,
            "debt_ratio": 16.54,
            "inventory_turnover_ratio": 1.29,
            "account_receivable_turnover_ratio": 1.7,
            "reinvestment_rate": 32.7,
            "research_to_sale_ratio": 15.29,
            "price_fair": 48.38,
            "eps_avg_yearly": 1.38,
            "eps_latest_yearly": 1.64,
            "eps_growth_yearly": 344.47
        },
        "20104": {
            "year_quarter": 20104,
            "year": 2010,
            "quarter": 4,
            "eps": 0.2,
            "eps_growth_year": -50.43,
            "eps_4q": 1.14,
            "eps_4q_growth_year": 96.06,
            "roe": 1.5,
            "roe_4q": 8.78,
            "gross_profit": 175194,
            "gross_margin": 37,
            "gross_margin_4q_avg": 37.67,
            "net_income": 35839,
            "net_income_4q": null,
            "revenue": 473554,
            "revenue_4q": null,
            "common_shares": 1807097,
            "book_valuer_per_share": 13.18,
            "book_valuer_per_share_4q_avg": 13.03,
            "equity": 2383102,
            "current_ratio": 657.58,
            "debt_ratio": 11.91,
            "inventory_turnover_ratio": 1.05,
            "account_receivable_turnover_ratio": 1.54,
            "reinvestment_rate": 45.69,
            "research_to_sale_ratio": 16.3,
            "price_fair": 40.13,
            "eps_avg_yearly": 1.15,
            "eps_latest_yearly": 0.8,
            "eps_growth_yearly": 185.9
        },
        "20111": {
            "year_quarter": 20111,
            "year": 2011,
            "quarter": 1,
            "eps": -0.05,
            "eps_growth_year": -138.46,
            "eps_4q": 0.95,
            "eps_4q_growth_year": 11.39,
            "roe": -0.4,
            "roe_4q": 7.35,
            "gross_profit": 124621,
            "gross_margin": 31.79,
            "gross_margin_4q_avg": 36.47,
            "net_income": -9594,
            "net_income_4q": null,
            "revenue": 391956,
            "revenue_4q": null,
            "common_shares": 1807497,
            "book_valuer_per_share": 13.18,
            "book_valuer_per_share_4q_avg": 13.09,
            "equity": 2384426,
            "current_ratio": 632.17,
            "debt_ratio": 12.44,
            "inventory_turnover_ratio": 1.11,
            "account_receivable_turnover_ratio": 1.53,
            "reinvestment_rate": 50.28,
            "research_to_sale_ratio": 24.27,
            "price_fair": 41.83,
            "eps_avg_yearly": 1.2,
            "eps_latest_yearly": 0.8,
            "eps_growth_yearly": 246.13
        },
        "20112": {
            "year_quarter": 20112,
            "year": 2011,
            "quarter": 2,
            "eps": 0.11,
            "eps_growth_year": -72.16,
            "eps_4q": 0.66,
            "eps_4q_growth_year": -51.36,
            "roe": 0.87,
            "roe_4q": 5.12,
            "gross_profit": 181459,
            "gross_margin": 36.02,
            "gross_margin_4q_avg": 35.73,
            "net_income": 20106,
            "net_income_4q": null,
            "revenue": 503838,
            "revenue_4q": null,
            "common_shares": 1808567,
            "book_valuer_per_share": 12.24,
            "book_valuer_per_share_4q_avg": 12.95,
            "equity": 2214442,
            "current_ratio": 395.12,
            "debt_ratio": 19.81,
            "inventory_turnover_ratio": 1.31,
            "account_receivable_turnover_ratio": 1.86,
            "reinvestment_rate": 52.91,
            "research_to_sale_ratio": 20.5,
            "price_fair": 42,
            "eps_avg_yearly": 1.2,
            "eps_latest_yearly": 0.8,
            "eps_growth_yearly": 251.21
        },
        "20113": {
            "year_quarter": 20113,
            "year": 2011,
            "quarter": 3,
            "eps": 0.06,
            "eps_growth_year": -84.79,
            "eps_4q": 0.32,
            "eps_4q_growth_year": -76.14,
            "roe": 0.5,
            "roe_4q": 2.47,
            "gross_profit": 161867,
            "gross_margin": 34.63,
            "gross_margin_4q_avg": 34.86,
            "net_income": 11238,
            "net_income_4q": null,
            "revenue": 467404,
            "revenue_4q": null,
            "common_shares": 1808567,
            "book_valuer_per_share": 12.41,
            "book_valuer_per_share_4q_avg": 12.75,
            "equity": 2245401,
            "current_ratio": 589.93,
            "debt_ratio": 13.8,
            "inventory_turnover_ratio": 1.13,
            "account_receivable_turnover_ratio": 1.67,
            "reinvestment_rate": 41.43,
            "research_to_sale_ratio": 20.36,
            "price_fair": 36.4,
            "eps_avg_yearly": 1.04,
            "eps_latest_yearly": 0.24,
            "eps_growth_yearly": 215.39
        },
        "20114": {
            "year_quarter": 20114,
            "year": 2011,
            "quarter": 4,
            "eps": 0.07,
            "eps_growth_year": -63.54,
            "eps_4q": 0.19,
            "eps_4q_growth_year": -83.09,
            "roe": 0.58,
            "roe_4q": 1.5500000000000003,
            "gross_profit": 161211,
            "gross_margin": 36.51,
            "gross_margin_4q_avg": 34.74,
            "net_income": 13078,
            "net_income_4q": null,
            "revenue": 441536,
            "revenue_4q": null,
            "common_shares": 1809207,
            "book_valuer_per_share": 12.39,
            "book_valuer_per_share_4q_avg": 12.56,
            "equity": 2241414,
            "current_ratio": 750.94,
            "debt_ratio": 11.69,
            "inventory_turnover_ratio": 1.05,
            "account_receivable_turnover_ratio": 1.58,
            "reinvestment_rate": 25.07,
            "research_to_sale_ratio": 22.4,
            "price_fair": 33.08,
            "eps_avg_yearly": 0.95,
            "eps_latest_yearly": 0.28,
            "eps_growth_yearly": 196.8
        },
        "20121": {
            "year_quarter": 20121,
            "year": 2012,
            "quarter": 1,
            "eps": 0.07,
            "eps_growth_year": null,
            "eps_4q": 0.32,
            "eps_4q_growth_year": -66.79,
            "roe": 0.57,
            "roe_4q": 2.52,
            "gross_profit": 150051,
            "gross_margin": 37.61,
            "gross_margin_4q_avg": 36.19,
            "net_income": 12741,
            "net_income_4q": null,
            "revenue": 398961,
            "revenue_4q": null,
            "common_shares": 1809207,
            "book_valuer_per_share": 12.51,
            "book_valuer_per_share_4q_avg": 12.39,
            "equity": 2263989,
            "current_ratio": 689.09,
            "debt_ratio": 12.78,
            "inventory_turnover_ratio": 1.04,
            "account_receivable_turnover_ratio": 1.4,
            "reinvestment_rate": 14.28,
            "research_to_sale_ratio": 24.96,
            "price_fair": 30.49,
            "eps_avg_yearly": 0.87,
            "eps_latest_yearly": 0.28,
            "eps_growth_yearly": 174.93
        },
        "20122": {
            "year_quarter": 20122,
            "year": 2012,
            "quarter": 2,
            "eps": -0.01,
            "eps_growth_year": -112.85,
            "eps_4q": 0.19,
            "eps_4q_growth_year": -71.32,
            "roe": -0.18,
            "roe_4q": 1.47,
            "gross_profit": 164066,
            "gross_margin": 34.99,
            "gross_margin_4q_avg": 35.94,
            "net_income": -4031,
            "net_income_4q": null,
            "revenue": 468865,
            "revenue_4q": null,
            "common_shares": 1809207,
            "book_valuer_per_share": 12.04,
            "book_valuer_per_share_4q_avg": 12.34,
            "equity": 2184773,
            "current_ratio": 490.88,
            "debt_ratio": 17.69,
            "inventory_turnover_ratio": 1.2,
            "account_receivable_turnover_ratio": 1.47,
            "reinvestment_rate": 22.54,
            "research_to_sale_ratio": 21.64,
            "price_fair": 30.49,
            "eps_avg_yearly": 0.87,
            "eps_latest_yearly": 0.28,
            "eps_growth_yearly": 174.93
        },
        "20123": {
            "year_quarter": 20123,
            "year": 2012,
            "quarter": 3,
            "eps": 0.16,
            "eps_growth_year": 156.05,
            "eps_4q": 0.29,
            "eps_4q_growth_year": -9.68,
            "roe": 1.17,
            "roe_4q": 2.14,
            "gross_profit": 171814,
            "gross_margin": 37.45,
            "gross_margin_4q_avg": 36.64,
            "net_income": 25764,
            "net_income_4q": null,
            "revenue": 458740,
            "revenue_4q": null,
            "common_shares": 1809207,
            "book_valuer_per_share": 12.14,
            "book_valuer_per_share_4q_avg": 12.27,
            "equity": 2212504,
            "current_ratio": 616.86,
            "debt_ratio": 14.33,
            "inventory_turnover_ratio": 0.99,
            "account_receivable_turnover_ratio": 1.31,
            "reinvestment_rate": 16.73,
            "research_to_sale_ratio": 24.79,
            "price_fair": 30.49,
            "eps_avg_yearly": 0.87,
            "eps_latest_yearly": 0.28,
            "eps_growth_yearly": 174.93
        },
        "20124": {
            "year_quarter": 20124,
            "year": 2012,
            "quarter": 4,
            "eps": -0.02,
            "eps_growth_year": -133.38,
            "eps_4q": 0.19,
            "eps_4q_growth_year": -0.76,
            "roe": -0.32,
            "roe_4q": 1.2399999999999998,
            "gross_profit": 127468,
            "gross_margin": 34.65,
            "gross_margin_4q_avg": 36.18,
            "net_income": -7165,
            "net_income_4q": null,
            "revenue": 367838,
            "revenue_4q": null,
            "common_shares": 1809207,
            "book_valuer_per_share": 12.09,
            "book_valuer_per_share_4q_avg": 12.2,
            "equity": 2200059,
            "current_ratio": 781.06,
            "debt_ratio": 11.63,
            "inventory_turnover_ratio": 0.8,
            "account_receivable_turnover_ratio": 1.25,
            "reinvestment_rate": 19.63,
            "research_to_sale_ratio": 27.45,
            "price_fair": 30.45,
            "eps_avg_yearly": 0.87,
            "eps_latest_yearly": 0.28,
            "eps_growth_yearly": 26.8
        },
        "20131": {
            "year_quarter": 20131,
            "year": 2013,
            "quarter": 1,
            "eps": -0.18,
            "eps_growth_year": -357.14,
            "eps_4q": -0.06,
            "eps_4q_growth_year": -118.24,
            "roe": -1.61,
            "roe_4q": -0.9400000000000002,
            "gross_profit": 118570,
            "gross_margin": 35.82,
            "gross_margin_4q_avg": 35.73,
            "net_income": -34996,
            "net_income_4q": null,
            "revenue": 331041,
            "revenue_4q": null,
            "common_shares": 1809207,
            "book_valuer_per_share": 11.87,
            "book_valuer_per_share_4q_avg": 12.04,
            "equity": 2157634,
            "current_ratio": 740.81,
            "debt_ratio": 13.05,
            "inventory_turnover_ratio": 0.65,
            "account_receivable_turnover_ratio": 1.31,
            "reinvestment_rate": -18.91,
            "research_to_sale_ratio": 35.2,
            "price_fair": 30.45,
            "eps_avg_yearly": 0.87,
            "eps_latest_yearly": 0.28,
            "eps_growth_yearly": 26.8
        },
        "20132": {
            "year_quarter": 20132,
            "year": 2013,
            "quarter": 2,
            "eps": -0.16,
            "eps_growth_year": null,
            "eps_4q": -0.21,
            "eps_4q_growth_year": -208.98,
            "roe": -1.53,
            "roe_4q": -2.29,
            "gross_profit": 136284,
            "gross_margin": 34.7,
            "gross_margin_4q_avg": 35.66,
            "net_income": -32505,
            "net_income_4q": null,
            "revenue": 392755,
            "revenue_4q": null,
            "common_shares": 1809207,
            "book_valuer_per_share": 11.51,
            "book_valuer_per_share_4q_avg": 11.9,
            "equity": 2089904,
            "current_ratio": 737.98,
            "debt_ratio": 13.04,
            "inventory_turnover_ratio": 0.77,
            "account_receivable_turnover_ratio": 1.44,
            "reinvestment_rate": -11.17,
            "research_to_sale_ratio": 29.19,
            "price_fair": 30.45,
            "eps_avg_yearly": 0.87,
            "eps_latest_yearly": 0.28,
            "eps_growth_yearly": 26.8
        },
        "20133": {
            "year_quarter": 20133,
            "year": 2013,
            "quarter": 3,
            "eps": -0.15,
            "eps_growth_year": -194.33,
            "eps_4q": -0.51,
            "eps_4q_growth_year": -278.76,
            "roe": -1.42,
            "roe_4q": -4.880000000000001,
            "gross_profit": 133984,
            "gross_margin": 34.2,
            "gross_margin_4q_avg": 34.84,
            "net_income": -29441,
            "net_income_4q": null,
            "revenue": 391722,
            "revenue_4q": null,
            "common_shares": 1809207,
            "book_valuer_per_share": 11.31,
            "book_valuer_per_share_4q_avg": 11.7,
            "equity": 2051883,
            "current_ratio": 753.86,
            "debt_ratio": 12.64,
            "inventory_turnover_ratio": 0.85,
            "account_receivable_turnover_ratio": 1.5,
            "reinvestment_rate": 5.82,
            "research_to_sale_ratio": 27.67,
            "price_fair": 30.45,
            "eps_avg_yearly": 0.87,
            "eps_latest_yearly": 0.28,
            "eps_growth_yearly": 26.8
        },
        "20134": {
            "year_quarter": 20134,
            "year": 2013,
            "quarter": 4,
            "eps": -0.05,
            "eps_growth_year": null,
            "eps_4q": -0.54,
            "eps_4q_growth_year": -380.4,
            "roe": -0.49,
            "roe_4q": -5.05,
            "gross_profit": 130759,
            "gross_margin": 34.9,
            "gross_margin_4q_avg": 34.91,
            "net_income": -10079,
            "net_income_4q": null,
            "revenue": 374633,
            "revenue_4q": null,
            "common_shares": 1809207,
            "book_valuer_per_share": 11.29,
            "book_valuer_per_share_4q_avg": 11.5,
            "equity": 2045613,
            "current_ratio": 702.62,
            "debt_ratio": 13.21,
            "inventory_turnover_ratio": 0.87,
            "account_receivable_turnover_ratio": 1.68,
            "reinvestment_rate": -82.75,
            "research_to_sale_ratio": 33.67,
            "price_fair": 26.8,
            "eps_avg_yearly": 0.77,
            "eps_latest_yearly": 0.28,
            "eps_growth_yearly": 35.82
        },
        "20141": {
            "year_quarter": 20141,
            "year": 2014,
            "quarter": 1,
            "eps": 0.07,
            "eps_growth_year": null,
            "eps_4q": -0.29,
            "eps_4q_growth_year": null,
            "roe": 0.52,
            "roe_4q": -2.92,
            "gross_profit": 131360,
            "gross_margin": 34.67,
            "gross_margin_4q_avg": 34.62,
            "net_income": 10766,
            "net_income_4q": null,
            "revenue": 378840,
            "revenue_4q": null,
            "common_shares": 1809207,
            "book_valuer_per_share": 11.42,
            "book_valuer_per_share_4q_avg": 11.38,
            "equity": 2067321,
            "current_ratio": 702.04,
            "debt_ratio": 13.25,
            "inventory_turnover_ratio": 0.93,
            "account_receivable_turnover_ratio": 1.78,
            "reinvestment_rate": -80.01,
            "research_to_sale_ratio": 22.67,
            "price_fair": 28.23,
            "eps_avg_yearly": 0.81,
            "eps_latest_yearly": 0.28,
            "eps_growth_yearly": 86.79
        },
        "20142": {
            "year_quarter": 20142,
            "year": 2014,
            "quarter": 2,
            "eps": 0.25,
            "eps_growth_year": null,
            "eps_4q": 0.13,
            "eps_4q_growth_year": null,
            "roe": 2.17,
            "roe_4q": 0.7800000000000002,
            "gross_profit": 135548,
            "gross_margin": 34.54,
            "gross_margin_4q_avg": 34.58,
            "net_income": 45330,
            "net_income_4q": null,
            "revenue": 392470,
            "revenue_4q": null,
            "common_shares": 1809207,
            "book_valuer_per_share": 11.62,
            "book_valuer_per_share_4q_avg": 11.41,
            "equity": 2104074,
            "current_ratio": 707.41,
            "debt_ratio": 13.62,
            "inventory_turnover_ratio": 0.96,
            "account_receivable_turnover_ratio": 1.76,
            "reinvestment_rate": -166.92,
            "research_to_sale_ratio": 24.62,
            "price_fair": 24.73,
            "eps_avg_yearly": 0.71,
            "eps_latest_yearly": 1,
            "eps_growth_yearly": 119.76
        },
        "20143": {
            "year_quarter": 20143,
            "year": 2014,
            "quarter": 3,
            "eps": 0.03,
            "eps_growth_year": null,
            "eps_4q": 0.31,
            "eps_4q_growth_year": null,
            "roe": 0.27,
            "roe_4q": 2.4699999999999998,
            "gross_profit": 125302,
            "gross_margin": 31.59,
            "gross_margin_4q_avg": 33.93,
            "net_income": 5769,
            "net_income_4q": null,
            "revenue": 396620,
            "revenue_4q": null,
            "common_shares": 1809437,
            "book_valuer_per_share": 11.69,
            "book_valuer_per_share_4q_avg": 11.51,
            "equity": 2116799,
            "current_ratio": 728.05,
            "debt_ratio": 13.27,
            "inventory_turnover_ratio": 1,
            "account_receivable_turnover_ratio": 1.66,
            "reinvestment_rate": -289.71,
            "research_to_sale_ratio": 21.45,
            "price_fair": 15.87,
            "eps_avg_yearly": 0.45,
            "eps_latest_yearly": 0.12,
            "eps_growth_yearly": 59.42
        },
        "20144": {
            "year_quarter": 20144,
            "year": 2014,
            "quarter": 4,
            "eps": 0.1,
            "eps_growth_year": null,
            "eps_4q": 0.45,
            "eps_4q_growth_year": null,
            "roe": 0.79,
            "roe_4q": 3.75,
            "gross_profit": 119817,
            "gross_margin": 35.07,
            "gross_margin_4q_avg": 33.97,
            "net_income": 16912,
            "net_income_4q": null,
            "revenue": 341660,
            "revenue_4q": null,
            "common_shares": 1809437,
            "book_valuer_per_share": 11.86,
            "book_valuer_per_share_4q_avg": 11.65,
            "equity": 2146913,
            "current_ratio": 835.75,
            "debt_ratio": 11.88,
            "inventory_turnover_ratio": 0.83,
            "account_receivable_turnover_ratio": 1.56,
            "reinvestment_rate": -423.79,
            "research_to_sale_ratio": 24.57,
            "price_fair": 13.53,
            "eps_avg_yearly": 0.39,
            "eps_latest_yearly": 0.4,
            "eps_growth_yearly": 249.13
        },
        "20151": {
            "year_quarter": 20151,
            "year": 2015,
            "quarter": 1,
            "eps": -0.27,
            "eps_growth_year": -485.71,
            "eps_4q": 0.11,
            "eps_4q_growth_year": null,
            "roe": -2.34,
            "roe_4q": 0.8900000000000001,
            "gross_profit": 99357,
            "gross_margin": 33.39,
            "gross_margin_4q_avg": 33.65,
            "net_income": -49717,
            "net_income_4q": null,
            "revenue": 297596,
            "revenue_4q": null,
            "common_shares": 1809437,
            "book_valuer_per_share": 11.59,
            "book_valuer_per_share_4q_avg": 11.69,
            "equity": 2097186,
            "current_ratio": 815.6,
            "debt_ratio": 11.84,
            "inventory_turnover_ratio": 0.75,
            "account_receivable_turnover_ratio": 1.63,
            "reinvestment_rate": -1386.53,
            "research_to_sale_ratio": 30.41,
            "price_fair": 13.53,
            "eps_avg_yearly": 0.39,
            "eps_latest_yearly": 0.4,
            "eps_growth_yearly": 249.13
        },
        "20152": {
            "year_quarter": 20152,
            "year": 2015,
            "quarter": 2,
            "eps": -0.43,
            "eps_growth_year": -272,
            "eps_4q": -0.58,
            "eps_4q_growth_year": -551.78,
            "roe": -3.84,
            "roe_4q": -5.119999999999999,
            "gross_profit": 105827,
            "gross_margin": 32.7,
            "gross_margin_4q_avg": 33.19,
            "net_income": -78761,
            "net_income_4q": null,
            "revenue": 323643,
            "revenue_4q": null,
            "common_shares": 1809437,
            "book_valuer_per_share": 11.1,
            "book_valuer_per_share_4q_avg": 11.56,
            "equity": 2008747,
            "current_ratio": 700.19,
            "debt_ratio": 13.3,
            "inventory_turnover_ratio": 0.84,
            "account_receivable_turnover_ratio": 1.81,
            "reinvestment_rate": null,
            "research_to_sale_ratio": 29.49,
            "price_fair": 13.53,
            "eps_avg_yearly": 0.39,
            "eps_latest_yearly": 0.4,
            "eps_growth_yearly": 249.13
        },
        "20153": {
            "year_quarter": 20153,
            "year": 2015,
            "quarter": 3,
            "eps": -0.09,
            "eps_growth_year": -400,
            "eps_4q": -0.7,
            "eps_4q_growth_year": -326.73,
            "roe": -0.81,
            "roe_4q": -6.2,
            "gross_profit": 122641,
            "gross_margin": 35.29,
            "gross_margin_4q_avg": 34.11,
            "net_income": -16304,
            "net_income_4q": null,
            "revenue": 347508,
            "revenue_4q": null,
            "common_shares": 1809437,
            "book_valuer_per_share": 11.24,
            "book_valuer_per_share_4q_avg": 11.45,
            "equity": 2033907,
            "current_ratio": 727.9,
            "debt_ratio": 13.31,
            "inventory_turnover_ratio": 0.88,
            "account_receivable_turnover_ratio": 1.7,
            "reinvestment_rate": null,
            "research_to_sale_ratio": 27.37,
            "price_fair": 14.56,
            "eps_avg_yearly": 0.42,
            "eps_latest_yearly": 0.4,
            "eps_growth_yearly": 335.31
        },
        "20154": {
            "year_quarter": 20154,
            "year": 2015,
            "quarter": 4,
            "eps": -0.02,
            "eps_growth_year": -119.99,
            "eps_4q": -0.81,
            "eps_4q_growth_year": -280.91,
            "roe": -0.17,
            "roe_4q": -7.16,
            "gross_profit": 107755,
            "gross_margin": 34.93,
            "gross_margin_4q_avg": 34.08,
            "net_income": -3484,
            "net_income_4q": null,
            "revenue": 308462,
            "revenue_4q": null,
            "common_shares": 1809437,
            "book_valuer_per_share": 11.14,
            "book_valuer_per_share_4q_avg": 11.27,
            "equity": 2015128,
            "current_ratio": 802.07,
            "debt_ratio": 12.06,
            "inventory_turnover_ratio": 0.79,
            "account_receivable_turnover_ratio": 1.65,
            "reinvestment_rate": null,
            "research_to_sale_ratio": 24.42,
            "price_fair": 15.75,
            "eps_avg_yearly": 0.45,
            "eps_latest_yearly": 0.4,
            "eps_growth_yearly": 402.48
        },
        "20161": {
            "year_quarter": 20161,
            "year": 2016,
            "quarter": 1,
            "eps": 0.01,
            "eps_growth_year": null,
            "eps_4q": -0.53,
            "eps_4q_growth_year": -575.71,
            "roe": 0.11,
            "roe_4q": -4.71,
            "gross_profit": 109969,
            "gross_margin": 33.67,
            "gross_margin_4q_avg": 34.15,
            "net_income": 2246,
            "net_income_4q": null,
            "revenue": 326655,
            "revenue_4q": null,
            "common_shares": 1809437,
            "book_valuer_per_share": 11.09,
            "book_valuer_per_share_4q_avg": 11.14,
            "equity": 2006706,
            "current_ratio": 805.96,
            "debt_ratio": 12.1,
            "inventory_turnover_ratio": 0.89,
            "account_receivable_turnover_ratio": 1.94,
            "reinvestment_rate": null,
            "research_to_sale_ratio": 25.92,
            "price_fair": 17.73,
            "eps_avg_yearly": 0.51,
            "eps_latest_yearly": 0.4,
            "eps_growth_yearly": 536.63
        },
        "20162": {
            "year_quarter": 20162,
            "year": 2016,
            "quarter": 2,
            "eps": 0.08,
            "eps_growth_year": null,
            "eps_4q": -0.02,
            "eps_4q_growth_year": null,
            "roe": 0.71,
            "roe_4q": -0.16000000000000014,
            "gross_profit": 126345,
            "gross_margin": 35.46,
            "gross_margin_4q_avg": 34.84,
            "net_income": 14231,
            "net_income_4q": null,
            "revenue": 356336,
            "revenue_4q": null,
            "common_shares": 1809437,
            "book_valuer_per_share": 11.18,
            "book_valuer_per_share_4q_avg": 11.16,
            "equity": 2021998,
            "current_ratio": 757.4,
            "debt_ratio": 12.74,
            "inventory_turnover_ratio": 1,
            "account_receivable_turnover_ratio": 1.73,
            "reinvestment_rate": null,
            "research_to_sale_ratio": 27.25,
            "price_fair": 16.1,
            "eps_avg_yearly": 0.46,
            "eps_latest_yearly": 0.32,
            "eps_growth_yearly": 1102.48
        },
        "20163": {
            "year_quarter": 20163,
            "year": 2016,
            "quarter": 3,
            "eps": -0.05,
            "eps_growth_year": null,
            "eps_4q": 0.03,
            "eps_4q_growth_year": null,
            "roe": -0.42,
            "roe_4q": 0.22999999999999995,
            "gross_profit": 111812,
            "gross_margin": 37.68,
            "gross_margin_4q_avg": 35.44,
            "net_income": -8375,
            "net_income_4q": null,
            "revenue": 296771,
            "revenue_4q": null,
            "common_shares": 1809437,
            "book_valuer_per_share": 11.02,
            "book_valuer_per_share_4q_avg": 11.11,
            "equity": 1993573,
            "current_ratio": 749.99,
            "debt_ratio": 12.24,
            "inventory_turnover_ratio": 0.79,
            "account_receivable_turnover_ratio": 1.37,
            "reinvestment_rate": null,
            "research_to_sale_ratio": 27.98,
            "price_fair": 16.1,
            "eps_avg_yearly": 0.46,
            "eps_latest_yearly": 0.32,
            "eps_growth_yearly": 1102.48
        },
        "20164": {
            "year_quarter": 20164,
            "year": 2016,
            "quarter": 4,
            "eps": -0.03,
            "eps_growth_year": null,
            "eps_4q": 0.01,
            "eps_4q_growth_year": null,
            "roe": -0.28,
            "roe_4q": 0.12000000000000001,
            "gross_profit": 142399,
            "gross_margin": 45.72,
            "gross_margin_4q_avg": 38.13,
            "net_income": -5533,
            "net_income_4q": null,
            "revenue": 311462,
            "revenue_4q": null,
            "common_shares": 1809437,
            "book_valuer_per_share": 11.13,
            "book_valuer_per_share_4q_avg": 11.11,
            "equity": 2014326,
            "current_ratio": 834.63,
            "debt_ratio": 10.8,
            "inventory_turnover_ratio": 0.7,
            "account_receivable_turnover_ratio": 1.5,
            "reinvestment_rate": null,
            "research_to_sale_ratio": 30.16,
            "price_fair": 16.1,
            "eps_avg_yearly": 0.46,
            "eps_latest_yearly": 0.32,
            "eps_growth_yearly": 1102.48
        },
        "20171": {
            "year_quarter": 20171,
            "year": 2017,
            "quarter": 1,
            "eps": -0.12,
            "eps_growth_year": -1300,
            "eps_4q": -0.12,
            "eps_4q_growth_year": null,
            "roe": -1.08,
            "roe_4q": -1.07,
            "gross_profit": 112302,
            "gross_margin": 38.34,
            "gross_margin_4q_avg": 39.3,
            "net_income": -21365,
            "net_income_4q": null,
            "revenue": 292940,
            "revenue_4q": null,
            "common_shares": 1809437,
            "book_valuer_per_share": 10.81,
            "book_valuer_per_share_4q_avg": 11.04,
            "equity": 1955536,
            "current_ratio": 942.97,
            "debt_ratio": 19.4,
            "inventory_turnover_ratio": 0.73,
            "account_receivable_turnover_ratio": 1.51,
            "reinvestment_rate": null,
            "research_to_sale_ratio": 28.74,
            "price_fair": 16.1,
            "eps_avg_yearly": 0.46,
            "eps_latest_yearly": 0.32,
            "eps_growth_yearly": 1102.48
        },
        "20172": {
            "year_quarter": 20172,
            "year": 2017,
            "quarter": 2,
            "eps": -0.07,
            "eps_growth_year": -187.5,
            "eps_4q": -0.27,
            "eps_4q_growth_year": null,
            "roe": -0.69,
            "roe_4q": -2.4699999999999998,
            "gross_profit": 114694,
            "gross_margin": 41.09,
            "gross_margin_4q_avg": 40.71,
            "net_income": -13499,
            "net_income_4q": null,
            "revenue": 279144,
            "revenue_4q": null,
            "common_shares": 1809437,
            "book_valuer_per_share": 10.77,
            "book_valuer_per_share_4q_avg": 10.93,
            "equity": 1949262,
            "current_ratio": 925.47,
            "debt_ratio": 19.09,
            "inventory_turnover_ratio": 0.63,
            "account_receivable_turnover_ratio": 1.53,
            "reinvestment_rate": null,
            "research_to_sale_ratio": 28.2,
            "price_fair": 16.1,
            "eps_avg_yearly": 0.46,
            "eps_latest_yearly": 0.32,
            "eps_growth_yearly": 1102.48
        },
        "20173": {
            "year_quarter": 20173,
            "year": 2017,
            "quarter": 3,
            "eps": -0.05,
            "eps_growth_year": null,
            "eps_4q": -0.28,
            "eps_4q_growth_year": -1174.12,
            "roe": -0.51,
            "roe_4q": -2.5600000000000005,
            "gross_profit": 107357,
            "gross_margin": 39.68,
            "gross_margin_4q_avg": 41.21,
            "net_income": -9948,
            "net_income_4q": null,
            "revenue": 270544,
            "revenue_4q": null,
            "common_shares": 1809437,
            "book_valuer_per_share": 10.69,
            "book_valuer_per_share_4q_avg": 10.85,
            "equity": 1935031,
            "current_ratio": 854.51,
            "debt_ratio": 19.02,
            "inventory_turnover_ratio": 0.6,
            "account_receivable_turnover_ratio": 1.54,
            "reinvestment_rate": null,
            "research_to_sale_ratio": 28.26,
            "price_fair": 16.1,
            "eps_avg_yearly": 0.46,
            "eps_latest_yearly": 0.32,
            "eps_growth_yearly": 1102.48
        },
        "20174": {
            "year_quarter": 20174,
            "year": 2017,
            "quarter": 4,
            "eps": 0.01,
            "eps_growth_year": null,
            "eps_4q": -0.24,
            "eps_4q_growth_year": -1759.09,
            "roe": 0.08,
            "roe_4q": -2.2,
            "gross_profit": 97606,
            "gross_margin": 36.53,
            "gross_margin_4q_avg": 38.91,
            "net_income": 1478,
            "net_income_4q": null,
            "revenue": 267168,
            "revenue_4q": null,
            "common_shares": 1809437,
            "book_valuer_per_share": 10.67,
            "book_valuer_per_share_4q_avg": 10.74,
            "equity": 1930382,
            "current_ratio": 934.28,
            "debt_ratio": 17.98,
            "inventory_turnover_ratio": 0.65,
            "account_receivable_turnover_ratio": 1.65,
            "reinvestment_rate": null,
            "research_to_sale_ratio": 21.93,
            "price_fair": 16.1,
            "eps_avg_yearly": 0.46,
            "eps_latest_yearly": 0.32,
            "eps_growth_yearly": 1102.48
        },
        "20181": {
            "year_quarter": 20181,
            "year": 2018,
            "quarter": 1,
            "eps": -0.16,
            "eps_growth_year": null,
            "eps_4q": -0.28,
            "eps_4q_growth_year": null,
            "roe": -1.49,
            "roe_4q": -2.61,
            "gross_profit": 74781,
            "gross_margin": 37.76,
            "gross_margin_4q_avg": 38.77,
            "net_income": -28281,
            "net_income_4q": null,
            "revenue": 198051,
            "revenue_4q": null,
            "common_shares": 1809437,
            "book_valuer_per_share": 10.37,
            "book_valuer_per_share_4q_avg": 10.63,
            "equity": 1877210,
            "current_ratio": 905.7,
            "debt_ratio": 17.55,
            "inventory_turnover_ratio": 0.49,
            "account_receivable_turnover_ratio": 1.38,
            "reinvestment_rate": null,
            "research_to_sale_ratio": 34.77,
            "price_fair": 16.1,
            "eps_avg_yearly": 0.46,
            "eps_latest_yearly": 0.32,
            "eps_growth_yearly": 1102.48
        },
        "20182": {
            "year_quarter": 20182,
            "year": 2018,
            "quarter": 2,
            "eps": -0.04,
            "eps_growth_year": null,
            "eps_4q": -0.25,
            "eps_4q_growth_year": null,
            "roe": -0.42,
            "roe_4q": -2.34,
            "gross_profit": 86017,
            "gross_margin": 37.31,
            "gross_margin_4q_avg": 37.82,
            "net_income": -7934,
            "net_income_4q": null,
            "revenue": 230534,
            "revenue_4q": null,
            "common_shares": 1809437,
            "book_valuer_per_share": 10.62,
            "book_valuer_per_share_4q_avg": 10.59,
            "equity": 1922384,
            "current_ratio": 765.55,
            "debt_ratio": 18.7,
            "inventory_turnover_ratio": 0.58,
            "account_receivable_turnover_ratio": 1.6,
            "reinvestment_rate": null,
            "research_to_sale_ratio": 27.57,
            "price_fair": 9.8,
            "eps_avg_yearly": 0.28,
            "eps_latest_yearly": 0.32,
            "eps_growth_yearly": 1127.11
        },
        "20183": {
            "year_quarter": 20183,
            "year": 2018,
            "quarter": 3,
            "eps": -0.14,
            "eps_growth_year": null,
            "eps_4q": -0.34,
            "eps_4q_growth_year": null,
            "roe": -1.36,
            "roe_4q": -3.19,
            "gross_profit": 103030,
            "gross_margin": 39.16,
            "gross_margin_4q_avg": 37.69,
            "net_income": -25887,
            "net_income_4q": null,
            "revenue": 263121,
            "revenue_4q": null,
            "common_shares": 1809437,
            "book_valuer_per_share": 10.46,
            "book_valuer_per_share_4q_avg": 10.53,
            "equity": 1893320,
            "current_ratio": 687.31,
            "debt_ratio": 18.99,
            "inventory_turnover_ratio": 0.66,
            "account_receivable_turnover_ratio": 1.56,
            "reinvestment_rate": null,
            "research_to_sale_ratio": 25.56,
            "price_fair": 12.6,
            "eps_avg_yearly": 0.36,
            "eps_latest_yearly": 0.32,
            "eps_growth_yearly": 1866.67
        },
        "20184": {
            "year_quarter": 20184,
            "year": 2018,
            "quarter": 4,
            "eps": -0.17,
            "eps_growth_year": -2190.4,
            "eps_4q": -0.51,
            "eps_4q_growth_year": null,
            "roe": -1.52,
            "roe_4q": -4.79,
            "gross_profit": 77175,
            "gross_margin": 35,
            "gross_margin_4q_avg": 37.31,
            "net_income": -29181,
            "net_income_4q": null,
            "revenue": 220490,
            "revenue_4q": null,
            "common_shares": 1809437,
            "book_valuer_per_share": 10.29,
            "book_valuer_per_share_4q_avg": 10.44,
            "equity": 1958395,
            "current_ratio": 664.37,
            "debt_ratio": 19.54,
            "inventory_turnover_ratio": 0.53,
            "account_receivable_turnover_ratio": 1.14,
            "reinvestment_rate": null,
            "research_to_sale_ratio": 28.68,
            "price_fair": 11.2,
            "eps_avg_yearly": 0.32,
            "eps_latest_yearly": 0.32,
            "eps_growth_yearly": 2800
        },
        "20191": {
            "year_quarter": 20191,
            "year": 2019,
            "quarter": 1,
            "eps": -0.03,
            "eps_growth_year": null,
            "eps_4q": -0.39,
            "eps_4q_growth_year": null,
            "roe": -0.41,
            "roe_4q": -3.71,
            "gross_profit": 93295,
            "gross_margin": 36.45,
            "gross_margin_4q_avg": 36.98,
            "net_income": -7960,
            "net_income_4q": null,
            "revenue": 255939,
            "revenue_4q": null,
            "common_shares": 1809437,
            "book_valuer_per_share": 10.33,
            "book_valuer_per_share_4q_avg": 10.43,
            "equity": 1964855,
            "current_ratio": 740.99,
            "debt_ratio": 17.31,
            "inventory_turnover_ratio": 0.54,
            "account_receivable_turnover_ratio": 1.2,
            "reinvestment_rate": null,
            "research_to_sale_ratio": 29.55,
            "price_fair": 11.2,
            "eps_avg_yearly": 0.32,
            "eps_latest_yearly": 0.32,
            "eps_growth_yearly": 2800
        },
        "20192": {
            "year_quarter": 20192,
            "year": 2019,
            "quarter": 2,
            "eps": -0.09,
            "eps_growth_year": null,
            "eps_4q": -0.45,
            "eps_4q_growth_year": null,
            "roe": -0.85,
            "roe_4q": -4.140000000000001,
            "gross_profit": 110530,
            "gross_margin": 36.53,
            "gross_margin_4q_avg": 36.79,
            "net_income": -16731,
            "net_income_4q": null,
            "revenue": 302598,
            "revenue_4q": null,
            "common_shares": 1809437,
            "book_valuer_per_share": 10.24,
            "book_valuer_per_share_4q_avg": 10.33,
            "equity": 1950517,
            "current_ratio": 729.63,
            "debt_ratio": 17.51,
            "inventory_turnover_ratio": 0.64,
            "account_receivable_turnover_ratio": 1.36,
            "reinvestment_rate": null,
            "research_to_sale_ratio": 23.75,
            "price_fair": 11.2,
            "eps_avg_yearly": 0.32,
            "eps_latest_yearly": 0.32,
            "eps_growth_yearly": 2800
        },
        "20193": {
            "year_quarter": 20193,
            "year": 2019,
            "quarter": 3,
            "eps": 0.02,
            "eps_growth_year": null,
            "eps_4q": -0.3,
            "eps_4q_growth_year": null,
            "roe": 0.12,
            "roe_4q": -2.66,
            "gross_profit": 106351,
            "gross_margin": 37.69,
            "gross_margin_4q_avg": 36.42,
            "net_income": 2393,
            "net_income_4q": null,
            "revenue": 282208,
            "revenue_4q": null,
            "common_shares": 1809437,
            "book_valuer_per_share": 10.23,
            "book_valuer_per_share_4q_avg": 10.27,
            "equity": 1948852,
            "current_ratio": 650.66,
            "debt_ratio": 17.35,
            "inventory_turnover_ratio": 0.59,
            "account_receivable_turnover_ratio": 1.21,
            "reinvestment_rate": null,
            "research_to_sale_ratio": 24.68,
            "price_fair": 11.2,
            "eps_avg_yearly": 0.32,
            "eps_latest_yearly": 0.32,
            "eps_growth_yearly": 2800
        },
        "20194": {
            "year_quarter": 20194,
            "year": 2019,
            "quarter": 4,
            "eps": -0.08,
            "eps_growth_year": null,
            "eps_4q": -0.2,
            "eps_4q_growth_year": null,
            "roe": -0.58,
            "roe_4q": -1.72,
            "gross_profit": 94800,
            "gross_margin": 35.52,
            "gross_margin_4q_avg": 36.55,
            "net_income": -11176,
            "net_income_4q": null,
            "revenue": 266872,
            "revenue_4q": null,
            "common_shares": 1809437,
            "book_valuer_per_share": 10.05,
            "book_valuer_per_share_4q_avg": 10.21,
            "equity": 1916202,
            "current_ratio": 723.73,
            "debt_ratio": 16.19,
            "inventory_turnover_ratio": 0.59,
            "account_receivable_turnover_ratio": 1.24,
            "reinvestment_rate": null,
            "research_to_sale_ratio": 23.33,
            "price_fair": 11.2,
            "eps_avg_yearly": 0.32,
            "eps_latest_yearly": 0.32,
            "eps_growth_yearly": 2800
        },
        "20201": {
            "year_quarter": 20201,
            "year": 2020,
            "quarter": 1,
            "eps": -0.33,
            "eps_growth_year": null,
            "eps_4q": -0.5,
            "eps_4q_growth_year": null,
            "roe": -3.24,
            "roe_4q": -4.55,
            "gross_profit": 76136,
            "gross_margin": 35.87,
            "gross_margin_4q_avg": 36.4,
            "net_income": -61017,
            "net_income_4q": null,
            "revenue": 212283,
            "revenue_4q": null,
            "common_shares": 1809437,
            "book_valuer_per_share": 9.68,
            "book_valuer_per_share_4q_avg": 10.05,
            "equity": 1849291,
            "current_ratio": 650.29,
            "debt_ratio": 15.41,
            "inventory_turnover_ratio": 0.48,
            "account_receivable_turnover_ratio": 1.09,
            "reinvestment_rate": null,
            "research_to_sale_ratio": 30.54,
            "price_fair": 11.2,
            "eps_avg_yearly": 0.32,
            "eps_latest_yearly": 0.32,
            "eps_growth_yearly": 2800
        },
        "20202": {
            "year_quarter": 20202,
            "year": 2020,
            "quarter": 2,
            "eps": -0.09,
            "eps_growth_year": null,
            "eps_4q": -0.49,
            "eps_4q_growth_year": null,
            "roe": -0.66,
            "roe_4q": -4.36,
            "gross_profit": 86979,
            "gross_margin": 34.3,
            "gross_margin_4q_avg": 35.85,
            "net_income": -12226,
            "net_income_4q": null,
            "revenue": 253566,
            "revenue_4q": null,
            "common_shares": 1809437,
            "book_valuer_per_share": 9.56,
            "book_valuer_per_share_4q_avg": 9.88,
            "equity": 1829217,
            "current_ratio": 614.35,
            "debt_ratio": 16.01,
            "inventory_turnover_ratio": 0.59,
            "account_receivable_turnover_ratio": 1.28,
            "reinvestment_rate": null,
            "research_to_sale_ratio": 24.79,
            "price_fair": 0,
            "eps_avg_yearly": 0,
            "eps_latest_yearly": 0,
            "eps_growth_yearly": 0
        },
        "20203": {
            "year_quarter": 20203,
            "year": 2020,
            "quarter": 3,
            "eps": -0.07,
            "eps_growth_year": -450,
            "eps_4q": -0.57,
            "eps_4q_growth_year": null,
            "roe": -0.38,
            "roe_4q": -4.86,
            "gross_profit": 101277,
            "gross_margin": 35.72,
            "gross_margin_4q_avg": 35.35,
            "net_income": -6993,
            "net_income_4q": null,
            "revenue": 283568,
            "revenue_4q": null,
            "common_shares": 1809437,
            "book_valuer_per_share": 9.42,
            "book_valuer_per_share_4q_avg": 9.68,
            "equity": 1808591,
            "current_ratio": 532.58,
            "debt_ratio": 15.42,
            "inventory_turnover_ratio": 0.67,
            "account_receivable_turnover_ratio": 1.34,
            "reinvestment_rate": null,
            "research_to_sale_ratio": 23.25,
            "price_fair": 0,
            "eps_avg_yearly": 0,
            "eps_latest_yearly": 0,
            "eps_growth_yearly": 0
        },
        "20204": {
            "year_quarter": 20204,
            "year": 2020,
            "quarter": 4,
            "eps": 0.07,
            "eps_growth_year": null,
            "eps_4q": -0.42,
            "eps_4q_growth_year": null,
            "roe": 1.21,
            "roe_4q": -3.0700000000000003,
            "gross_profit": 115066,
            "gross_margin": 32.63,
            "gross_margin_4q_avg": 34.63,
            "net_income": 21940,
            "net_income_4q": null,
            "revenue": 352600,
            "revenue_4q": null,
            "common_shares": 1809437,
            "book_valuer_per_share": 9.48,
            "book_valuer_per_share_4q_avg": 9.54,
            "equity": 1824757,
            "current_ratio": 444.08,
            "debt_ratio": 15.91,
            "inventory_turnover_ratio": 0.99,
            "account_receivable_turnover_ratio": 1.44,
            "reinvestment_rate": null,
            "research_to_sale_ratio": 19.02,
            "price_fair": 0,
            "eps_avg_yearly": 0,
            "eps_latest_yearly": 0,
            "eps_growth_yearly": 0
        },
        "20211": {
            "year_quarter": 20211,
            "year": 2021,
            "quarter": 1,
            "eps": 0.08,
            "eps_growth_year": null,
            "eps_4q": -0.01,
            "eps_4q_growth_year": null,
            "roe": 1.19,
            "roe_4q": 1.3599999999999999,
            "gross_profit": 135073,
            "gross_margin": 39.06,
            "gross_margin_4q_avg": 35.43,
            "net_income": 21924,
            "net_income_4q": null,
            "revenue": 345767,
            "revenue_4q": null,
            "common_shares": 1809437,
            "book_valuer_per_share": 9.59,
            "book_valuer_per_share_4q_avg": 9.51,
            "equity": 1852727,
            "current_ratio": 557.77,
            "debt_ratio": 13.12,
            "inventory_turnover_ratio": 0.96,
            "account_receivable_turnover_ratio": 1.25,
            "reinvestment_rate": null,
            "research_to_sale_ratio": 20.62,
            "price_fair": 11.2,
            "eps_avg_yearly": 0.32,
            "eps_latest_yearly": 0.32,
            "eps_growth_yearly": 57.14
        },
        "20212": {
            "year_quarter": 20212,
            "year": 2021,
            "quarter": 2,
            "eps": 0.18,
            "eps_growth_year": null,
            "eps_4q": 0.27,
            "eps_4q_growth_year": null,
            "roe": 2.46,
            "roe_4q": 4.4799999999999995,
            "gross_profit": 156635,
            "gross_margin": 38.87,
            "gross_margin_4q_avg": 36.57,
            "net_income": 46029,
            "net_income_4q": null,
            "revenue": 402926,
            "revenue_4q": null,
            "common_shares": 1809437,
            "book_valuer_per_share": 9.71,
            "book_valuer_per_share_4q_avg": 9.55,
            "equity": 1884813,
            "current_ratio": 490.16,
            "debt_ratio": 15.07,
            "inventory_turnover_ratio": 1.1,
            "account_receivable_turnover_ratio": 1.32,
            "reinvestment_rate": null,
            "research_to_sale_ratio": 18.54,
            "price_fair": 18.2,
            "eps_avg_yearly": 0.52,
            "eps_latest_yearly": 0.72,
            "eps_growth_yearly": 278.57
        },
        "20213": {
            "year_quarter": 20213,
            "year": 2021,
            "quarter": 3,
            "eps": 0.16,
            "eps_growth_year": null,
            "eps_4q": 0.5,
            "eps_4q_growth_year": null,
            "roe": 2.42,
            "roe_4q": 7.28,
            "gross_profit": 174072,
            "gross_margin": 39.91,
            "gross_margin_4q_avg": 37.62,
            "net_income": 46243,
            "net_income_4q": null,
            "revenue": 436157,
            "revenue_4q": null,
            "common_shares": 1809437,
            "book_valuer_per_share": 9.88,
            "book_valuer_per_share_4q_avg": 9.67,
            "equity": 1931640,
            "current_ratio": 562,
            "debt_ratio": 16.98,
            "inventory_turnover_ratio": 1.05,
            "account_receivable_turnover_ratio": 1.28,
            "reinvestment_rate": null,
            "research_to_sale_ratio": 17.35,
            "price_fair": 19.6,
            "eps_avg_yearly": 0.56,
            "eps_latest_yearly": 0.64,
            "eps_growth_yearly": 170.9
        },
        "20214": {
            "year_quarter": 20214,
            "year": 2021,
            "quarter": 4,
            "eps": 0.2,
            "eps_growth_year": 190.46,
            "eps_4q": 0.63,
            "eps_4q_growth_year": null,
            "roe": 2.22,
            "roe_4q": 8.290000000000001,
            "gross_profit": 169313,
            "gross_margin": 37.39,
            "gross_margin_4q_avg": 38.81,
            "net_income": 43394,
            "net_income_4q": null,
            "revenue": 452852,
            "revenue_4q": null,
            "common_shares": 1809437,
            "book_valuer_per_share": 10.14,
            "book_valuer_per_share_4q_avg": 9.83,
            "equity": 1984888,
            "current_ratio": 577.4,
            "debt_ratio": 19.36,
            "inventory_turnover_ratio": 0.96,
            "account_receivable_turnover_ratio": 1.27,
            "reinvestment_rate": null,
            "research_to_sale_ratio": 19.73,
            "price_fair": 21.7,
            "eps_avg_yearly": 0.62,
            "eps_latest_yearly": 0.8,
            "eps_growth_yearly": 153.17
        },
        "20221": {
            "year_quarter": 20221,
            "year": 2022,
            "quarter": 1,
            "eps": 0.22,
            "eps_growth_year": 175,
            "eps_4q": 0.76,
            "eps_4q_growth_year": null,
            "roe": 1.93,
            "roe_4q": 9.030000000000001,
            "gross_profit": 161249,
            "gross_margin": 37.38,
            "gross_margin_4q_avg": 38.39,
            "net_income": 38912,
            "net_income_4q": null,
            "revenue": 431344,
            "revenue_4q": null,
            "common_shares": 1809437,
            "book_valuer_per_share": 10.49,
            "book_valuer_per_share_4q_avg": 10.06,
            "equity": 2053526,
            "current_ratio": 666.84,
            "debt_ratio": 19.54,
            "inventory_turnover_ratio": 0.76,
            "account_receivable_turnover_ratio": 1.25,
            "reinvestment_rate": null,
            "research_to_sale_ratio": 18.56,
            "price_fair": 23.52,
            "eps_avg_yearly": 0.67,
            "eps_latest_yearly": 0.88,
            "eps_growth_yearly": 130.54
        },
        "20222": {
            "year_quarter": 20222,
            "year": 2022,
            "quarter": 2,
            "eps": 0.14,
            "eps_growth_year": -22.22,
            "eps_4q": 0.72,
            "eps_4q_growth_year": 168.94,
            "roe": 1.53,
            "roe_4q": 8.1,
            "gross_profit": 173910,
            "gross_margin": 35.46,
            "gross_margin_4q_avg": 37.54,
            "net_income": 31852,
            "net_income_4q": null,
            "revenue": 490381,
            "revenue_4q": null,
            "common_shares": 1809437,
            "book_valuer_per_share": 10.72,
            "book_valuer_per_share_4q_avg": 10.31,
            "equity": 2106865,
            "current_ratio": 570.08,
            "debt_ratio": 21.09,
            "inventory_turnover_ratio": 0.74,
            "account_receivable_turnover_ratio": 1.34,
            "reinvestment_rate": -1508.7,
            "research_to_sale_ratio": 17.27,
            "price_fair": 22.87,
            "eps_avg_yearly": 0.65,
            "eps_latest_yearly": 0.56,
            "eps_growth_yearly": 84.54
        },
        "20223": {
            "year_quarter": 20223,
            "year": 2022,
            "quarter": 3,
            "eps": 0.23,
            "eps_growth_year": 43.75,
            "eps_4q": 0.79,
            "eps_4q_growth_year": 58.89,
            "roe": 1.88,
            "roe_4q": 7.5600000000000005,
            "gross_profit": 174350,
            "gross_margin": 35.66,
            "gross_margin_4q_avg": 36.47,
            "net_income": 40557,
            "net_income_4q": null,
            "revenue": 488952,
            "revenue_4q": null,
            "common_shares": 1809437,
            "book_valuer_per_share": 11.16,
            "book_valuer_per_share_4q_avg": 10.63,
            "equity": 2196896,
            "current_ratio": 467.45,
            "debt_ratio": 23.42,
            "inventory_turnover_ratio": 0.56,
            "account_receivable_turnover_ratio": 1.22,
            "reinvestment_rate": -117.43,
            "research_to_sale_ratio": 17.71,
            "price_fair": 24.2,
            "eps_avg_yearly": 0.69,
            "eps_latest_yearly": 0.92,
            "eps_growth_yearly": 109.2
        },
        "20224": {
            "year_quarter": 20224,
            "year": 2022,
            "quarter": 4,
            "eps": 0.34,
            "eps_growth_year": 68.74,
            "eps_4q": 0.93,
            "eps_4q_growth_year": 47.51,
            "roe": 2.57,
            "roe_4q": 7.909999999999999,
            "gross_profit": 184791,
            "gross_margin": 34.34,
            "gross_margin_4q_avg": 35.71,
            "net_income": 56861,
            "net_income_4q": null,
            "revenue": 538178,
            "revenue_4q": null,
            "common_shares": 1809437,
            "book_valuer_per_share": 11.39,
            "book_valuer_per_share_4q_avg": 10.94,
            "equity": 2228377,
            "current_ratio": 575.16,
            "debt_ratio": 18.78,
            "inventory_turnover_ratio": 0.51,
            "account_receivable_turnover_ratio": 1.35,
            "reinvestment_rate": -29.33,
            "research_to_sale_ratio": 16.18,
            "price_fair": 27.13,
            "eps_avg_yearly": 0.78,
            "eps_latest_yearly": 1.36,
            "eps_growth_yearly": 119.46
        },
        "20231": {
            "year_quarter": 20231,
            "year": 2023,
            "quarter": 1,
            "eps": 0.26,
            "eps_growth_year": 18.18,
            "eps_4q": 0.98,
            "eps_4q_growth_year": 27.61,
            "roe": 2.04,
            "roe_4q": 8.02,
            "gross_profit": 165575,
            "gross_margin": 34.03,
            "gross_margin_4q_avg": 34.87,
            "net_income": 45986,
            "net_income_4q": null,
            "revenue": 486610,
            "revenue_4q": null,
            "common_shares": 1809437,
            "book_valuer_per_share": 11.7,
            "book_valuer_per_share_4q_avg": 11.24,
            "equity": 2281315,
            "current_ratio": 611.48,
            "debt_ratio": 14.99,
            "inventory_turnover_ratio": 0.47,
            "account_receivable_turnover_ratio": 1.24,
            "reinvestment_rate": -14.93,
            "research_to_sale_ratio": 15.72,
            "price_fair": 28.16,
            "eps_avg_yearly": 0.8,
            "eps_latest_yearly": 1.04,
            "eps_growth_yearly": 95.73
        },
        "20232": {
            "year_quarter": 20232,
            "year": 2023,
            "quarter": 2,
            "eps": 0.03,
            "eps_growth_year": -78.57,
            "eps_4q": 0.86,
            "eps_4q_growth_year": 19.25,
            "roe": 0.19,
            "roe_4q": 6.68,
            "gross_profit": 115517,
            "gross_margin": 30.13,
            "gross_margin_4q_avg": 33.54,
            "net_income": 4286,
            "net_income_4q": null,
            "revenue": 383431,
            "revenue_4q": null,
            "common_shares": 1809437,
            "book_valuer_per_share": 11.21,
            "book_valuer_per_share_4q_avg": 11.37,
            "equity": 2195857,
            "current_ratio": 426.06,
            "debt_ratio": 16.21,
            "inventory_turnover_ratio": 0.41,
            "account_receivable_turnover_ratio": 1.13,
            "reinvestment_rate": -0.02,
            "research_to_sale_ratio": 21.53,
            "price_fair": 25.76,
            "eps_avg_yearly": 0.74,
            "eps_latest_yearly": 0.12,
            "eps_growth_yearly": 50.77
        },
        "20233": {
            "year_quarter": 20233,
            "year": 2023,
            "quarter": 3,
            "eps": 0,
            "eps_growth_year": -100,
            "eps_4q": 0.64,
            "eps_4q_growth_year": -19.42,
            "roe": -0.02,
            "roe_4q": 4.779999999999999,
            "gross_profit": 128800,
            "gross_margin": 34.99,
            "gross_margin_4q_avg": 33.37,
            "net_income": -468,
            "net_income_4q": null,
            "revenue": 368058,
            "revenue_4q": null,
            "common_shares": 1809437,
            "book_valuer_per_share": 11.46,
            "book_valuer_per_share_4q_avg": 11.44,
            "equity": 2245276,
            "current_ratio": 600.98,
            "debt_ratio": 12.02,
            "inventory_turnover_ratio": 0.38,
            "account_receivable_turnover_ratio": 1.3,
            "reinvestment_rate": 23.76,
            "research_to_sale_ratio": 25.11,
            "price_fair": 25.76,
            "eps_avg_yearly": 0.74,
            "eps_latest_yearly": 0.12,
            "eps_growth_yearly": 50.77
        }
    },
    "months": {
        "2001-12": {
            "month": "2001-12",
            "price": "26.92",
            "revenue": 142850
        },
        "2002-01": {
            "month": "2002-01",
            "price": "55.86",
            "revenue": 172523
        },
        "2002-02": {
            "month": "2002-02",
            "price": "77.96",
            "revenue": 153665
        },
        "2002-03": {
            "month": "2002-03",
            "price": "103.38",
            "revenue": 191966
        },
        "2002-04": {
            "month": "2002-04",
            "price": "118.90",
            "revenue": 217006
        },
        "2002-05": {
            "month": "2002-05",
            "price": "114.25",
            "revenue": 218673
        },
        "2002-06": {
            "month": "2002-06",
            "price": "102.60",
            "revenue": 200307
        },
        "2002-07": {
            "month": "2002-07",
            "price": "84.83",
            "revenue": 185309
        },
        "2002-08": {
            "month": "2002-08",
            "price": "83.86",
            "revenue": 200346
        },
        "2002-09": {
            "month": "2002-09",
            "price": "89.45",
            "revenue": 226580
        },
        "2002-10": {
            "month": "2002-10",
            "price": "82.02",
            "revenue": 201943
        },
        "2002-11": {
            "month": "2002-11",
            "price": "83.76",
            "revenue": 202441
        },
        "2002-12": {
            "month": "2002-12",
            "price": "88.18",
            "revenue": 191044
        },
        "2003-01": {
            "month": "2003-01",
            "price": "73.55",
            "revenue": 158729
        },
        "2003-02": {
            "month": "2003-02",
            "price": "60.03",
            "revenue": 130475
        },
        "2003-03": {
            "month": "2003-03",
            "price": "49.48",
            "revenue": 179701
        },
        "2003-04": {
            "month": "2003-04",
            "price": "50.55",
            "revenue": 181244
        },
        "2003-05": {
            "month": "2003-05",
            "price": "45.23",
            "revenue": 179942
        },
        "2003-06": {
            "month": "2003-06",
            "price": "53.28",
            "revenue": 169859
        },
        "2003-07": {
            "month": "2003-07",
            "price": "53.73",
            "revenue": 180275
        },
        "2003-08": {
            "month": "2003-08",
            "price": "45.69",
            "revenue": 227322
        },
        "2003-09": {
            "month": "2003-09",
            "price": "49.51",
            "revenue": 272513
        },
        "2003-10": {
            "month": "2003-10",
            "price": "50.01",
            "revenue": 300488
        },
        "2003-11": {
            "month": "2003-11",
            "price": "51.63",
            "revenue": 302222
        },
        "2003-12": {
            "month": "2003-12",
            "price": "56.04",
            "revenue": 293634
        },
        "2004-01": {
            "month": "2004-01",
            "price": "57.17",
            "revenue": 180112
        },
        "2004-02": {
            "month": "2004-02",
            "price": "62.58",
            "revenue": 210079
        },
        "2004-03": {
            "month": "2004-03",
            "price": "59.33",
            "revenue": 250356
        },
        "2004-04": {
            "month": "2004-04",
            "price": "59.02",
            "revenue": 270153
        },
        "2004-05": {
            "month": "2004-05",
            "price": "49.76",
            "revenue": 273417
        },
        "2004-06": {
            "month": "2004-06",
            "price": "42.82",
            "revenue": 220000
        },
        "2004-07": {
            "month": "2004-07",
            "price": "37.46",
            "revenue": 210228
        },
        "2004-08": {
            "month": "2004-08",
            "price": "32.28",
            "revenue": 250160
        },
        "2004-09": {
            "month": "2004-09",
            "price": "31.56",
            "revenue": 301678
        },
        "2004-10": {
            "month": "2004-10",
            "price": "26.42",
            "revenue": 250068
        },
        "2004-11": {
            "month": "2004-11",
            "price": "26.02",
            "revenue": 270409
        },
        "2004-12": {
            "month": "2004-12",
            "price": "25.92",
            "revenue": 231475
        },
        "2005-01": {
            "month": "2005-01",
            "price": "24.17",
            "revenue": 178424
        },
        "2005-02": {
            "month": "2005-02",
            "price": "26.38",
            "revenue": 160106
        },
        "2005-03": {
            "month": "2005-03",
            "price": "29.98",
            "revenue": 205336
        },
        "2005-04": {
            "month": "2005-04",
            "price": "30.95",
            "revenue": 254130
        },
        "2005-05": {
            "month": "2005-05",
            "price": "26.88",
            "revenue": 266821
        },
        "2005-06": {
            "month": "2005-06",
            "price": "32.92",
            "revenue": 232654
        },
        "2005-07": {
            "month": "2005-07",
            "price": "30.92",
            "revenue": 254883
        },
        "2005-08": {
            "month": "2005-08",
            "price": "23.09",
            "revenue": 257591
        },
        "2005-09": {
            "month": "2005-09",
            "price": "20.83",
            "revenue": 259894
        },
        "2005-10": {
            "month": "2005-10",
            "price": "18.89",
            "revenue": 250582
        },
        "2005-11": {
            "month": "2005-11",
            "price": "18.21",
            "revenue": 235227
        },
        "2005-12": {
            "month": "2005-12",
            "price": "21.01",
            "revenue": 251877
        },
        "2006-01": {
            "month": "2006-01",
            "price": "22.85",
            "revenue": 161230
        },
        "2006-02": {
            "month": "2006-02",
            "price": "19.43",
            "revenue": 162168
        },
        "2006-03": {
            "month": "2006-03",
            "price": "21.31",
            "revenue": 200180
        },
        "2006-04": {
            "month": "2006-04",
            "price": "23.69",
            "revenue": 227295
        },
        "2006-05": {
            "month": "2006-05",
            "price": "24.18",
            "revenue": 220163
        },
        "2006-06": {
            "month": "2006-06",
            "price": "22.39",
            "revenue": 229583
        },
        "2006-07": {
            "month": "2006-07",
            "price": "21.15",
            "revenue": 209953
        },
        "2006-08": {
            "month": "2006-08",
            "price": "20.03",
            "revenue": 230393
        },
        "2006-09": {
            "month": "2006-09",
            "price": "20.49",
            "revenue": 249647
        },
        "2006-10": {
            "month": "2006-10",
            "price": "23.50",
            "revenue": 281732
        },
        "2006-11": {
            "month": "2006-11",
            "price": "32.53",
            "revenue": 297289
        },
        "2006-12": {
            "month": "2006-12",
            "price": "35.84",
            "revenue": 268712
        },
        "2007-01": {
            "month": "2007-01",
            "price": "31.86",
            "revenue": 170044
        },
        "2007-02": {
            "month": "2007-02",
            "price": "28.06",
            "revenue": 151548
        },
        "2007-03": {
            "month": "2007-03",
            "price": "34.91",
            "revenue": 200470
        },
        "2007-04": {
            "month": "2007-04",
            "price": "34.50",
            "revenue": 202327
        },
        "2007-05": {
            "month": "2007-05",
            "price": "32.76",
            "revenue": 254757
        },
        "2007-06": {
            "month": "2007-06",
            "price": "45.82",
            "revenue": 236816
        },
        "2007-07": {
            "month": "2007-07",
            "price": "63.64",
            "revenue": 239480
        },
        "2007-08": {
            "month": "2007-08",
            "price": "49.74",
            "revenue": 277829
        },
        "2007-09": {
            "month": "2007-09",
            "price": "42.12",
            "revenue": 247226
        },
        "2007-10": {
            "month": "2007-10",
            "price": "35.20",
            "revenue": 261675
        },
        "2007-11": {
            "month": "2007-11",
            "price": "26.54",
            "revenue": 222077
        },
        "2007-12": {
            "month": "2007-12",
            "price": "24.24",
            "revenue": 214817
        },
        "2008-01": {
            "month": "2008-01",
            "price": "22.20",
            "revenue": 202409
        },
        "2008-02": {
            "month": "2008-02",
            "price": "20.35",
            "revenue": 189509
        },
        "2008-03": {
            "month": "2008-03",
            "price": "22.54",
            "revenue": 210519
        },
        "2008-04": {
            "month": "2008-04",
            "price": "23.50",
            "revenue": 200674
        },
        "2008-05": {
            "month": "2008-05",
            "price": "24.44",
            "revenue": 193874
        },
        "2008-06": {
            "month": "2008-06",
            "price": "18.67",
            "revenue": 210054
        },
        "2008-07": {
            "month": "2008-07",
            "price": "14.59",
            "revenue": 187797
        },
        "2008-08": {
            "month": "2008-08",
            "price": "14.68",
            "revenue": 206841
        },
        "2008-09": {
            "month": "2008-09",
            "price": "10.18",
            "revenue": 195103
        },
        "2008-10": {
            "month": "2008-10",
            "price": "8.15",
            "revenue": 187002
        },
        "2008-11": {
            "month": "2008-11",
            "price": "6.26",
            "revenue": 119373
        },
        "2008-12": {
            "month": "2008-12",
            "price": "6.14",
            "revenue": 111129
        },
        "2009-01": {
            "month": "2009-01",
            "price": "6.45",
            "revenue": 78006
        },
        "2009-02": {
            "month": "2009-02",
            "price": "6.65",
            "revenue": 82223
        },
        "2009-03": {
            "month": "2009-03",
            "price": "8.56",
            "revenue": 111628
        },
        "2009-04": {
            "month": "2009-04",
            "price": "11.93",
            "revenue": 113411
        },
        "2009-05": {
            "month": "2009-05",
            "price": "13.11",
            "revenue": 116980
        },
        "2009-06": {
            "month": "2009-06",
            "price": "12.94",
            "revenue": 127637
        },
        "2009-07": {
            "month": "2009-07",
            "price": "13.90",
            "revenue": 161932
        },
        "2009-08": {
            "month": "2009-08",
            "price": "14.52",
            "revenue": 173605
        },
        "2009-09": {
            "month": "2009-09",
            "price": "14.47",
            "revenue": 167892
        },
        "2009-10": {
            "month": "2009-10",
            "price": "17.40",
            "revenue": 169617
        },
        "2009-11": {
            "month": "2009-11",
            "price": "20.70",
            "revenue": 171029
        },
        "2009-12": {
            "month": "2009-12",
            "price": "24.07",
            "revenue": 169861
        },
        "2010-01": {
            "month": "2010-01",
            "price": "26.09",
            "revenue": 148939
        },
        "2010-02": {
            "month": "2010-02",
            "price": "22.35",
            "revenue": 140858
        },
        "2010-03": {
            "month": "2010-03",
            "price": "24.46",
            "revenue": 157718
        },
        "2010-04": {
            "month": "2010-04",
            "price": "25.36",
            "revenue": 175660
        },
        "2010-05": {
            "month": "2010-05",
            "price": "21.11",
            "revenue": 184569
        },
        "2010-06": {
            "month": "2010-06",
            "price": "20.42",
            "revenue": 198601
        },
        "2010-07": {
            "month": "2010-07",
            "price": "22.10",
            "revenue": 190989
        },
        "2010-08": {
            "month": "2010-08",
            "price": "22.93",
            "revenue": 195104
        },
        "2010-09": {
            "month": "2010-09",
            "price": "24.02",
            "revenue": 187859
        },
        "2010-10": {
            "month": "2010-10",
            "price": "23.00",
            "revenue": 163469
        },
        "2010-11": {
            "month": "2010-11",
            "price": "22.16",
            "revenue": 137248
        },
        "2010-12": {
            "month": "2010-12",
            "price": "22.39",
            "revenue": 147115
        },
        "2011-01": {
            "month": "2011-01",
            "price": "21.86",
            "revenue": 107607
        },
        "2011-02": {
            "month": "2011-02",
            "price": "21.42",
            "revenue": 86859
        },
        "2011-03": {
            "month": "2011-03",
            "price": "21.22",
            "revenue": 135357
        },
        "2011-04": {
            "month": "2011-04",
            "price": "20.32",
            "revenue": 150573
        },
        "2011-05": {
            "month": "2011-05",
            "price": "19.48",
            "revenue": 139407
        },
        "2011-06": {
            "month": "2011-06",
            "price": "18.39",
            "revenue": 139162
        },
        "2011-07": {
            "month": "2011-07",
            "price": "15.04",
            "revenue": 138750
        },
        "2011-08": {
            "month": "2011-08",
            "price": "12.18",
            "revenue": 126793
        },
        "2011-09": {
            "month": "2011-09",
            "price": "11.55",
            "revenue": 138812
        },
        "2011-10": {
            "month": "2011-10",
            "price": "11.03",
            "revenue": 137014
        },
        "2011-11": {
            "month": "2011-11",
            "price": "10.27",
            "revenue": 140587
        },
        "2011-12": {
            "month": "2011-12",
            "price": "8.80",
            "revenue": 109856
        },
        "2012-01": {
            "month": "2012-01",
            "price": "9.02",
            "revenue": 121400
        },
        "2012-02": {
            "month": "2012-02",
            "price": "11.91",
            "revenue": 134337
        },
        "2012-03": {
            "month": "2012-03",
            "price": "12.16",
            "revenue": 144710
        },
        "2012-04": {
            "month": "2012-04",
            "price": "10.56",
            "revenue": 140602
        },
        "2012-05": {
            "month": "2012-05",
            "price": "10.46",
            "revenue": 165186
        },
        "2012-06": {
            "month": "2012-06",
            "price": "9.88",
            "revenue": 163518
        },
        "2012-07": {
            "month": "2012-07",
            "price": "9.75",
            "revenue": 165104
        },
        "2012-08": {
            "month": "2012-08",
            "price": "9.56",
            "revenue": 158219
        },
        "2012-09": {
            "month": "2012-09",
            "price": "9.54",
            "revenue": 136912
        },
        "2012-10": {
            "month": "2012-10",
            "price": "8.56",
            "revenue": 114015
        },
        "2012-11": {
            "month": "2012-11",
            "price": "7.87",
            "revenue": 125843
        },
        "2012-12": {
            "month": "2012-12",
            "price": "8.36",
            "revenue": 128801
        },
        "2013-01": {
            "month": "2013-01",
            "price": "8.58",
            "revenue": 117844
        },
        "2013-02": {
            "month": "2013-02",
            "price": "8.58",
            "revenue": 90115
        },
        "2013-03": {
            "month": "2013-03",
            "price": "8.76",
            "revenue": 123072
        },
        "2013-04": {
            "month": "2013-04",
            "price": "8.60",
            "revenue": 128721
        },
        "2013-05": {
            "month": "2013-05",
            "price": "8.89",
            "revenue": 135882
        },
        "2013-06": {
            "month": "2013-06",
            "price": "9.08",
            "revenue": 128605
        },
        "2013-07": {
            "month": "2013-07",
            "price": "8.87",
            "revenue": 141259
        },
        "2013-08": {
            "month": "2013-08",
            "price": "8.49",
            "revenue": 127551
        },
        "2013-09": {
            "month": "2013-09",
            "price": "8.37",
            "revenue": 123708
        },
        "2013-10": {
            "month": "2013-10",
            "price": "8.42",
            "revenue": 122958
        },
        "2013-11": {
            "month": "2013-11",
            "price": "7.88",
            "revenue": 121392
        },
        "2013-12": {
            "month": "2013-12",
            "price": "7.95",
            "revenue": 129988
        },
        "2014-01": {
            "month": "2014-01",
            "price": "8.81",
            "revenue": 127779
        },
        "2014-02": {
            "month": "2014-02",
            "price": "10.37",
            "revenue": 125117
        },
        "2014-03": {
            "month": "2014-03",
            "price": "11.00",
            "revenue": 126378
        },
        "2014-04": {
            "month": "2014-04",
            "price": "10.65",
            "revenue": 137325
        },
        "2014-05": {
            "month": "2014-05",
            "price": "12.06",
            "revenue": 127289
        },
        "2014-06": {
            "month": "2014-06",
            "price": "13.72",
            "revenue": 129017
        },
        "2014-07": {
            "month": "2014-07",
            "price": "13.79",
            "revenue": 139703
        },
        "2014-08": {
            "month": "2014-08",
            "price": "14.15",
            "revenue": 132509
        },
        "2014-09": {
            "month": "2014-09",
            "price": "14.13",
            "revenue": 124643
        },
        "2014-10": {
            "month": "2014-10",
            "price": "11.84",
            "revenue": 134370
        },
        "2014-11": {
            "month": "2014-11",
            "price": "11.18",
            "revenue": 109164
        },
        "2014-12": {
            "month": "2014-12",
            "price": "11.93",
            "revenue": 98158
        },
        "2015-01": {
            "month": "2015-01",
            "price": "12.13",
            "revenue": 107610
        },
        "2015-02": {
            "month": "2015-02",
            "price": "11.60",
            "revenue": 89279
        },
        "2015-03": {
            "month": "2015-03",
            "price": "11.81",
            "revenue": 101107
        },
        "2015-04": {
            "month": "2015-04",
            "price": "11.64",
            "revenue": 111084
        },
        "2015-05": {
            "month": "2015-05",
            "price": "9.92",
            "revenue": 104105
        },
        "2015-06": {
            "month": "2015-06",
            "price": "8.66",
            "revenue": 108857
        },
        "2015-07": {
            "month": "2015-07",
            "price": "7.85",
            "revenue": 127364
        },
        "2015-08": {
            "month": "2015-08",
            "price": "6.54",
            "revenue": 104209
        },
        "2015-09": {
            "month": "2015-09",
            "price": "6.69",
            "revenue": 116888
        },
        "2015-10": {
            "month": "2015-10",
            "price": "7.22",
            "revenue": 118522
        },
        "2015-11": {
            "month": "2015-11",
            "price": "7.26",
            "revenue": 93754
        },
        "2015-12": {
            "month": "2015-12",
            "price": "7.03",
            "revenue": 96640
        },
        "2016-01": {
            "month": "2016-01",
            "price": "6.57",
            "revenue": 130612
        },
        "2016-02": {
            "month": "2016-02",
            "price": "6.69",
            "revenue": 72223
        },
        "2016-03": {
            "month": "2016-03",
            "price": "7.29",
            "revenue": 125659
        },
        "2016-04": {
            "month": "2016-04",
            "price": "7.03",
            "revenue": 116316
        },
        "2016-05": {
            "month": "2016-05",
            "price": "6.69",
            "revenue": 114545
        },
        "2016-06": {
            "month": "2016-06",
            "price": "7.38",
            "revenue": 125758
        },
        "2016-07": {
            "month": "2016-07",
            "price": "8.40",
            "revenue": 103627
        },
        "2016-08": {
            "month": "2016-08",
            "price": "8.93",
            "revenue": 99051
        },
        "2016-09": {
            "month": "2016-09",
            "price": "9.68",
            "revenue": 96370
        },
        "2016-10": {
            "month": "2016-10",
            "price": "8.72",
            "revenue": 109539
        },
        "2016-11": {
            "month": "2016-11",
            "price": "7.94",
            "revenue": 101740
        },
        "2016-12": {
            "month": "2016-12",
            "price": "8.42",
            "revenue": 100244
        },
        "2017-01": {
            "month": "2017-01",
            "price": "8.40",
            "revenue": 90557
        },
        "2017-02": {
            "month": "2017-02",
            "price": "8.97",
            "revenue": 81594
        },
        "2017-03": {
            "month": "2017-03",
            "price": "9.45",
            "revenue": 121148
        },
        "2017-04": {
            "month": "2017-04",
            "price": "8.97",
            "revenue": 90758
        },
        "2017-05": {
            "month": "2017-05",
            "price": "8.73",
            "revenue": 97134
        },
        "2017-06": {
            "month": "2017-06",
            "price": "8.53",
            "revenue": 91765
        },
        "2017-07": {
            "month": "2017-07",
            "price": "8.29",
            "revenue": 78083
        },
        "2017-08": {
            "month": "2017-08",
            "price": "7.72",
            "revenue": 104004
        },
        "2017-09": {
            "month": "2017-09",
            "price": "7.80",
            "revenue": 89135
        },
        "2017-10": {
            "month": "2017-10",
            "price": "8.15",
            "revenue": 99460
        },
        "2017-11": {
            "month": "2017-11",
            "price": "8.72",
            "revenue": 82218
        },
        "2017-12": {
            "month": "2017-12",
            "price": "8.31",
            "revenue": 86557
        },
        "2018-01": {
            "month": "2018-01",
            "price": "8.56",
            "revenue": 71729
        },
        "2018-02": {
            "month": "2018-02",
            "price": "7.65",
            "revenue": 44055
        },
        "2018-03": {
            "month": "2018-03",
            "price": "8.38",
            "revenue": 82272
        },
        "2018-04": {
            "month": "2018-04",
            "price": "7.89",
            "revenue": 72059
        },
        "2018-05": {
            "month": "2018-05",
            "price": "7.91",
            "revenue": 82801
        },
        "2018-06": {
            "month": "2018-06",
            "price": "9.87",
            "revenue": 76215
        },
        "2018-07": {
            "month": "2018-07",
            "price": "9.41",
            "revenue": 92520
        },
        "2018-08": {
            "month": "2018-08",
            "price": "8.86",
            "revenue": 84799
        },
        "2018-09": {
            "month": "2018-09",
            "price": "7.92",
            "revenue": 86123
        },
        "2018-10": {
            "month": "2018-10",
            "price": "6.91",
            "revenue": 82734
        },
        "2018-11": {
            "month": "2018-11",
            "price": "7.00",
            "revenue": 75737
        },
        "2018-12": {
            "month": "2018-12",
            "price": "7.03",
            "revenue": 59283
        },
        "2019-01": {
            "month": "2019-01",
            "price": "6.67",
            "revenue": 86734
        },
        "2019-02": {
            "month": "2019-02",
            "price": "6.90",
            "revenue": 66002
        },
        "2019-03": {
            "month": "2019-03",
            "price": "7.95",
            "revenue": 100059
        },
        "2019-04": {
            "month": "2019-04",
            "price": "8.55",
            "revenue": 111555
        },
        "2019-05": {
            "month": "2019-05",
            "price": "8.32",
            "revenue": 96189
        },
        "2019-06": {
            "month": "2019-06",
            "price": "7.95",
            "revenue": 93985
        },
        "2019-07": {
            "month": "2019-07",
            "price": "8.46",
            "revenue": 95224
        },
        "2019-08": {
            "month": "2019-08",
            "price": "7.85",
            "revenue": 98534
        },
        "2019-09": {
            "month": "2019-09",
            "price": "8.15",
            "revenue": 88385
        },
        "2019-10": {
            "month": "2019-10",
            "price": "8.58",
            "revenue": 97895
        },
        "2019-11": {
            "month": "2019-11",
            "price": "8.18",
            "revenue": 82612
        },
        "2019-12": {
            "month": "2019-12",
            "price": "8.58",
            "revenue": 82344
        },
        "2020-01": {
            "month": "2020-01",
            "price": "8.16",
            "revenue": 57095
        },
        "2020-02": {
            "month": "2020-02",
            "price": "7.33",
            "revenue": 55344
        },
        "2020-03": {
            "month": "2020-03",
            "price": "5.78",
            "revenue": 100671
        },
        "2020-04": {
            "month": "2020-04",
            "price": "5.88",
            "revenue": 91895
        },
        "2020-05": {
            "month": "2020-05",
            "price": "6.06",
            "revenue": 76940
        },
        "2020-06": {
            "month": "2020-06",
            "price": "6.13",
            "revenue": 85944
        },
        "2020-07": {
            "month": "2020-07",
            "price": "7.22",
            "revenue": 91251
        },
        "2020-08": {
            "month": "2020-08",
            "price": "7.09",
            "revenue": 86227
        },
        "2020-09": {
            "month": "2020-09",
            "price": "7.47",
            "revenue": 102378
        },
        "2020-10": {
            "month": "2020-10",
            "price": "7.68",
            "revenue": 108498
        },
        "2020-11": {
            "month": "2020-11",
            "price": "7.93",
            "revenue": 122144
        },
        "2020-12": {
            "month": "2020-12",
            "price": "11.72",
            "revenue": 118546
        },
        "2021-01": {
            "month": "2021-01",
            "price": "16.96",
            "revenue": 125215
        },
        "2021-02": {
            "month": "2021-02",
            "price": "17.75",
            "revenue": 94126
        },
        "2021-03": {
            "month": "2021-03",
            "price": "32.86",
            "revenue": 125475
        },
        "2021-04": {
            "month": "2021-04",
            "price": "42.61",
            "revenue": 120859
        },
        "2021-05": {
            "month": "2021-05",
            "price": "29.52",
            "revenue": 141118
        },
        "2021-06": {
            "month": "2021-06",
            "price": "35.91",
            "revenue": 147507
        },
        "2021-07": {
            "month": "2021-07",
            "price": "39.17",
            "revenue": 137850
        },
        "2021-08": {
            "month": "2021-08",
            "price": "33.08",
            "revenue": 140442
        },
        "2021-09": {
            "month": "2021-09",
            "price": "29.43",
            "revenue": 154994
        },
        "2021-10": {
            "month": "2021-10",
            "price": "28.42",
            "revenue": 161633
        },
        "2021-11": {
            "month": "2021-11",
            "price": "32.15",
            "revenue": 146330
        },
        "2021-12": {
            "month": "2021-12",
            "price": "35.96",
            "revenue": 150210
        },
        "2022-01": {
            "month": "2022-01",
            "price": "36.18",
            "revenue": 148933
        },
        "2022-02": {
            "month": "2022-02",
            "price": "37.00",
            "revenue": 116099
        },
        "2022-03": {
            "month": "2022-03",
            "price": "35.02",
            "revenue": 158368
        },
        "2022-04": {
            "month": "2022-04",
            "price": "32.34",
            "revenue": 171778
        },
        "2022-05": {
            "month": "2022-05",
            "price": "30.49",
            "revenue": 169908
        },
        "2022-06": {
            "month": "2022-06",
            "price": "33.83",
            "revenue": 158523
        },
        "2022-07": {
            "month": "2022-07",
            "price": "31.58",
            "revenue": 155625
        },
        "2022-08": {
            "month": "2022-08",
            "price": "38.97",
            "revenue": 162053
        },
        "2022-09": {
            "month": "2022-09",
            "price": "33.62",
            "revenue": 169217
        },
        "2022-10": {
            "month": "2022-10",
            "price": "29.00",
            "revenue": 183236
        },
        "2022-11": {
            "month": "2022-11",
            "price": "30.58",
            "revenue": 173925
        },
        "2022-12": {
            "month": "2022-12",
            "price": "31.54",
            "revenue": 184741
        },
        "2023-01": {
            "month": "2023-01",
            "price": "31.34",
            "revenue": 135820
        },
        "2023-02": {
            "month": "2023-02",
            "price": "34.66",
            "revenue": 160249
        },
        "2023-03": {
            "month": "2023-03",
            "price": "35.79",
            "revenue": 186563
        },
        "2023-04": {
            "month": "2023-04",
            "price": "35.55",
            "revenue": 131786
        },
        "2023-05": {
            "month": "2023-05",
            "price": "33.35",
            "revenue": 125903
        },
        "2023-06": {
            "month": "2023-06",
            "price": "32.80",
            "revenue": 125932
        },
        "2023-07": {
            "month": "2023-07",
            "price": "31.26",
            "revenue": 125788
        },
        "2023-08": {
            "month": "2023-08",
            "price": "29.14",
            "revenue": 122004
        },
        "2023-09": {
            "month": "2023-09",
            "price": "29.64",
            "revenue": 120554
        },
        "2023-10": {
            "month": "2023-10",
            "price": "29.17",
            "revenue": 130273
        },
        "2023-11": {
            "month": "2023-11",
            "price": "29.92",
            "revenue": 139616
        },
        "2023-12": {
            "month": "2023-12",
            "price": "30.32",
            "revenue": 155011
        }
    }
}
