{
    "summary": {
        "stock_name": "星寶國際",
        "stock_id": "6130",
        "category": "生技醫療",
        "main_business": "學名藥<br>租賃業<br>管理顧問業",
        "website_url": "https://www.singbao.com/",
        "ceo": "黃坤鍵",
        "pe_ratio": 0,
        "report_year_from": 2001,
        "report_year_to": 2023,
        "age": 22,
        "eps_negative_percentage": 65,
        "eps_growth_avg": {
            "last_all": -49.89,
            "last_2y": -19.8,
            "last_4y": -19.8,
            "last_8y": -73.27,
            "last_12y": -41.54,
            "last_16y": -41.54,
            "last_20y": -49.89,
            "at_2006_last_3y": null,
            "at_2007_last_3y": null,
            "at_2008_last_3y": null,
            "at_2009_last_3y": null,
            "at_2010_last_3y": null,
            "at_2011_last_3y": 100,
            "at_2012_last_3y": 35.29,
            "at_2013_last_3y": -9.81,
            "at_2014_last_3y": -9.81,
            "at_2015_last_3y": -76.47,
            "at_2016_last_3y": -100,
            "at_2017_last_3y": -100,
            "at_2018_last_3y": -100,
            "at_2019_last_3y": -100,
            "at_2020_last_3y": -100,
            "at_2021_last_3y": null,
            "at_2022_last_3y": -19.8,
            "at_2023_last_3y": -19.8,
            "at_2006_last_all": -100,
            "at_2007_last_all": -100,
            "at_2008_last_all": -100,
            "at_2009_last_all": -100,
            "at_2010_last_all": -100,
            "at_2011_last_all": 0,
            "at_2012_last_all": -9.81,
            "at_2013_last_all": -32.36,
            "at_2014_last_all": -32.36,
            "at_2015_last_all": -45.88,
            "at_2016_last_all": -45.88,
            "at_2017_last_all": -54.9,
            "at_2018_last_all": -54.9,
            "at_2019_last_all": -54.9,
            "at_2020_last_all": -54.9,
            "at_2021_last_all": -54.9,
            "at_2022_last_all": -49.89,
            "at_2023_last_all": -49.89
        },
        "latest_eps": 0,
        "latest_price": 30.95,
        "latest_roe": 0,
        "latest_gross_margin": 28.75,
        "latest_equity": 871616,
        "latest_revenue": 53279,
        "latest_gross_profit": 15316,
        "latest_net_income": -7706,
        "latest_debt_ratio": 19.5,
        "latest_current_ratio": 404.52,
        "latest_account_receivable_turnover_ratio": 2.96,
        "latest_inventory_turnover_ratio": 3.09,
        "latest_reinvestment_rate": null,
        "latest_research_to_sale_ratio": null
    },
    "eps_dividends": {
        "2000": {
            "cash": 0,
            "stock": 3.2,
            "eps": 0
        },
        "2001": {
            "cash": 0,
            "stock": 3.6,
            "eps": 1.53
        },
        "2002": {
            "cash": 0,
            "stock": 1,
            "eps": -3.46
        },
        "2003": {
            "cash": 0,
            "stock": 0,
            "eps": -2.99
        },
        "2004": {
            "cash": 0,
            "stock": 0,
            "eps": -2.67
        },
        "2005": {
            "cash": 0,
            "stock": 0,
            "eps": -5.31
        },
        "2006": {
            "cash": 0,
            "stock": 0,
            "eps": -1.82
        },
        "2007": {
            "cash": 0,
            "stock": 0,
            "eps": -1.16
        },
        "2008": {
            "cash": 0,
            "stock": 0,
            "eps": -3.82
        },
        "2009": {
            "cash": 0,
            "stock": 0,
            "eps": -0.23
        },
        "2010": {
            "cash": 0,
            "stock": 0,
            "eps": 0.65
        },
        "2011": {
            "cash": 0,
            "stock": 0,
            "eps": 5.54
        },
        "2012": {
            "cash": 0,
            "stock": 0,
            "eps": 3.91
        },
        "2013": {
            "cash": 3.25,
            "stock": 0,
            "eps": -0.91
        },
        "2014": {
            "cash": 1,
            "stock": 0,
            "eps": 0.57
        },
        "2015": {
            "cash": 2,
            "stock": 0,
            "eps": -0.13
        },
        "2016": {
            "cash": 0,
            "stock": 0,
            "eps": 0.08
        },
        "2017": {
            "cash": 0,
            "stock": 0,
            "eps": -0.38
        },
        "2018": {
            "cash": 0,
            "stock": 0,
            "eps": -0.88
        },
        "2019": {
            "cash": 0,
            "stock": 0,
            "eps": -0.54
        },
        "2020": {
            "cash": 0,
            "stock": 0,
            "eps": -0.92
        },
        "2021": {
            "cash": 0,
            "stock": 0,
            "eps": 1.01
        },
        "2022": {
            "cash": 0,
            "stock": 0,
            "eps": 0.81
        },
        "2023": {
            "cash": 0,
            "stock": 0,
            "eps": -0.21
        }
    },
    "dividends": {
        "2000-04-27": {
            "cash": 0,
            "stock": 3.2
        },
        "2001-05-17": {
            "cash": 0,
            "stock": 3.6
        },
        "2002-06-28": {
            "cash": 0,
            "stock": 1
        },
        "2013-06-18": {
            "cash": 3.25,
            "stock": 0
        },
        "2014-09-01": {
            "cash": 1,
            "stock": 0
        },
        "2015-08-26": {
            "cash": 2,
            "stock": 0
        }
    },
    "prices": {
        "200101": "無",
        "200102": "無",
        "200103": "無",
        "200104": "無",
        "200105": "無",
        "200106": "無",
        "200107": "無",
        "200108": "無",
        "200109": "無",
        "200110": "無",
        "200111": "無",
        "200112": "無",
        "200201": "無",
        "200202": "無",
        "200203": "35.58",
        "200204": "44.35",
        "200205": "29.94",
        "200206": "27.55",
        "200207": "23.90",
        "200208": "21.36",
        "200209": "18.14",
        "200210": "15.01",
        "200211": "15.23",
        "200212": "24.25",
        "200301": "31.22",
        "200302": "28.61",
        "200303": "21.99",
        "200304": "17.73",
        "200305": "15.77",
        "200306": "18.04",
        "200307": "15.37",
        "200308": "15.28",
        "200309": "15.58",
        "200310": "14.86",
        "200311": "14.54",
        "200312": "17.11",
        "200401": "19.08",
        "200402": "18.30",
        "200403": "24.02",
        "200404": "29.32",
        "200405": "23.06",
        "200406": "22.74",
        "200407": "14.44",
        "200408": "12.33",
        "200409": "12.24",
        "200410": "10.00",
        "200411": "7.51",
        "200412": "7.30",
        "200501": "5.46",
        "200502": "4.70",
        "200503": "5.19",
        "200504": "4.00",
        "200505": "2.50",
        "200506": "2.64",
        "200507": "3.07",
        "200508": "2.17",
        "200509": "1.99",
        "200510": "1.48",
        "200511": "1.20",
        "200512": "1.19",
        "200601": "3.79",
        "200602": "6.11",
        "200603": "5.48",
        "200604": "4.52",
        "200605": "3.60",
        "200606": "2.39",
        "200607": "1.73",
        "200608": "1.35",
        "200609": "1.33",
        "200610": "2.00",
        "200611": "3.96",
        "200612": "18.48",
        "200701": "28.84",
        "200702": "43.80",
        "200703": "40.15",
        "200704": "39.87",
        "200705": "45.10",
        "200706": "80.94",
        "200707": "131.03",
        "200708": "112.66",
        "200709": "114.14",
        "200710": "97.57",
        "200711": "59.22",
        "200712": "45.00",
        "200801": "34.61",
        "200802": "27.09",
        "200803": "42.16",
        "200804": "38.05",
        "200805": "35.81",
        "200806": "29.05",
        "200807": "23.94",
        "200808": "17.02",
        "200809": "7.16",
        "200810": "無",
        "200811": "2.67",
        "200812": "無",
        "200901": "無",
        "200902": "無",
        "200903": "無",
        "200904": "無",
        "200905": "無",
        "200906": "無",
        "200907": "無",
        "200908": "無",
        "200909": "無",
        "200910": "無",
        "200911": "無",
        "200912": "無",
        "201001": "無",
        "201002": "無",
        "201003": "無",
        "201004": "無",
        "201005": "無",
        "201006": "無",
        "201007": "無",
        "201008": "無",
        "201009": "無",
        "201010": "無",
        "201011": "無",
        "201012": "無",
        "201101": "無",
        "201102": "無",
        "201103": "無",
        "201104": "無",
        "201105": "無",
        "201106": "無",
        "201107": "無",
        "201108": "無",
        "201109": "無",
        "201110": "無",
        "201111": "無",
        "201112": "40.77",
        "201201": "99.37",
        "201202": "90.45",
        "201203": "78.90",
        "201204": "75.65",
        "201205": "79.60",
        "201206": "78.39",
        "201207": "78.94",
        "201208": "71.29",
        "201209": "69.66",
        "201210": "109.92",
        "201211": "123.36",
        "201212": "108.87",
        "201301": "112.25",
        "201302": "134.15",
        "201303": "178.24",
        "201304": "188.22",
        "201305": "161.93",
        "201306": "135.00",
        "201307": "128.17",
        "201308": "101.37",
        "201309": "77.94",
        "201310": "68.84",
        "201311": "51.59",
        "201312": "49.32",
        "201401": "43.89",
        "201402": "40.24",
        "201403": "36.94",
        "201404": "36.54",
        "201405": "38.12",
        "201406": "40.57",
        "201407": "49.35",
        "201408": "41.02",
        "201409": "39.55",
        "201410": "38.69",
        "201411": "37.56",
        "201412": "37.85",
        "201501": "37.24",
        "201502": "37.70",
        "201503": "37.93",
        "201504": "38.69",
        "201505": "36.17",
        "201506": "35.62",
        "201507": "31.79",
        "201508": "24.87",
        "201509": "26.12",
        "201510": "27.08",
        "201511": "32.58",
        "201512": "29.04",
        "201601": "26.80",
        "201602": "27.88",
        "201603": "28.12",
        "201604": "26.74",
        "201605": "25.31",
        "201606": "25.00",
        "201607": "26.02",
        "201608": "24.61",
        "201609": "24.30",
        "201610": "23.36",
        "201611": "22.01",
        "201612": "24.99",
        "201701": "33.61",
        "201702": "63.11",
        "201703": "53.90",
        "201704": "44.37",
        "201705": "43.69",
        "201706": "55.56",
        "201707": "62.06",
        "201708": "54.08",
        "201709": "46.95",
        "201710": "44.58",
        "201711": "50.18",
        "201712": "54.69",
        "201801": "48.93",
        "201802": "49.07",
        "201803": "53.20",
        "201804": "53.76",
        "201805": "53.26",
        "201806": "53.55",
        "201807": "54.69",
        "201808": "49.96",
        "201809": "53.73",
        "201810": "42.02",
        "201811": "40.10",
        "201812": "35.85",
        "201901": "34.08",
        "201902": "33.76",
        "201903": "30.86",
        "201904": "27.49",
        "201905": "26.00",
        "201906": "25.93",
        "201907": "25.24",
        "201908": "24.61",
        "201909": "23.70",
        "201910": "22.41",
        "201911": "28.06",
        "201912": "29.09",
        "202001": "29.51",
        "202002": "28.81",
        "202003": "25.18",
        "202004": "26.80",
        "202005": "27.67",
        "202006": "28.11",
        "202007": "29.46",
        "202008": "28.40",
        "202009": "25.98",
        "202010": "24.55",
        "202011": "24.48",
        "202012": "23.35",
        "202101": "20.14",
        "202102": "20.11",
        "202103": "22.58",
        "202104": "22.93",
        "202105": "20.20",
        "202106": "21.84",
        "202107": "28.59",
        "202108": "26.35",
        "202109": "27.14",
        "202110": "26.81",
        "202111": "31.98",
        "202112": "36.79",
        "202201": "42.82",
        "202202": "46.72",
        "202203": "50.39",
        "202204": "47.20",
        "202205": "38.39",
        "202206": "44.20",
        "202207": "37.15",
        "202208": "36.61",
        "202209": "39.40",
        "202210": "36.40",
        "202211": "31.47",
        "202212": "30.48",
        "202301": "31.28",
        "202302": "36.21",
        "202303": "35.92",
        "202304": "34.94",
        "202305": "32.01"
    },
    "quarters": {
        "20011": {
            "year_quarter": 20011,
            "year": 2001,
            "quarter": 1,
            "eps": 0.48,
            "eps_growth_year": null,
            "eps_4q": null,
            "eps_4q_growth_year": null,
            "roe": 2.78,
            "roe_4q": 2.78,
            "gross_profit": 38060,
            "gross_margin": 37.52,
            "gross_margin_4q_avg": 37.52,
            "net_income": 13795,
            "revenue": 101435,
            "common_shares": 285775,
            "book_valuer_per_share": 17.58,
            "book_valuer_per_share_4q_avg": 17.58,
            "equity": 502420,
            "current_ratio": 928.12,
            "debt_ratio": 9,
            "inventory_turnover_ratio": 1.01,
            "account_receivable_turnover_ratio": null,
            "reinvestment_rate": null,
            "research_to_sale_ratio": null,
            "price_fair": 0,
            "eps_avg_yearly": 0,
            "eps_latest_yearly": 0,
            "eps_growth_yearly": 0
        },
        "20012": {
            "year_quarter": 20012,
            "year": 2001,
            "quarter": 2,
            "eps": 0.45,
            "eps_growth_year": null,
            "eps_4q": null,
            "eps_4q_growth_year": null,
            "roe": 3.52,
            "roe_4q": 6.3,
            "gross_profit": 49391,
            "gross_margin": 39.26,
            "gross_margin_4q_avg": 38.39,
            "net_income": 17961,
            "revenue": 125804,
            "common_shares": 285775,
            "book_valuer_per_share": 18.16,
            "book_valuer_per_share_4q_avg": 17.87,
            "equity": 518909,
            "current_ratio": 618.54,
            "debt_ratio": 12.81,
            "inventory_turnover_ratio": 1.34,
            "account_receivable_turnover_ratio": null,
            "reinvestment_rate": null,
            "research_to_sale_ratio": null,
            "price_fair": 0,
            "eps_avg_yearly": 0,
            "eps_latest_yearly": 0,
            "eps_growth_yearly": 0
        },
        "20013": {
            "year_quarter": 20013,
            "year": 2001,
            "quarter": 3,
            "eps": 0.19,
            "eps_growth_year": null,
            "eps_4q": null,
            "eps_4q_growth_year": null,
            "roe": 1.46,
            "roe_4q": 7.76,
            "gross_profit": 39360,
            "gross_margin": 32.87,
            "gross_margin_4q_avg": 36.55,
            "net_income": 7651,
            "revenue": 119747,
            "common_shares": 402100,
            "book_valuer_per_share": 13.1,
            "book_valuer_per_share_4q_avg": 16.28,
            "equity": 526560,
            "current_ratio": 1531.58,
            "debt_ratio": 5.45,
            "inventory_turnover_ratio": 2.14,
            "account_receivable_turnover_ratio": null,
            "reinvestment_rate": null,
            "research_to_sale_ratio": null,
            "price_fair": 0,
            "eps_avg_yearly": 0,
            "eps_latest_yearly": 0,
            "eps_growth_yearly": 0
        },
        "20014": {
            "year_quarter": 20014,
            "year": 2001,
            "quarter": 4,
            "eps": 0.41,
            "eps_growth_year": null,
            "eps_4q": 1.4,
            "eps_4q_growth_year": null,
            "roe": 3.06,
            "roe_4q": 10.819999999999999,
            "gross_profit": 26146,
            "gross_margin": 31.85,
            "gross_margin_4q_avg": 35.38,
            "net_income": 16348,
            "revenue": 82085,
            "common_shares": 402100,
            "book_valuer_per_share": 13.5,
            "book_valuer_per_share_4q_avg": 15.59,
            "equity": 542969,
            "current_ratio": 1026.38,
            "debt_ratio": 7.58,
            "inventory_turnover_ratio": 1.7,
            "account_receivable_turnover_ratio": null,
            "reinvestment_rate": null,
            "research_to_sale_ratio": null,
            "price_fair": 0,
            "eps_avg_yearly": 0,
            "eps_latest_yearly": 0,
            "eps_growth_yearly": 0
        },
        "20021": {
            "year_quarter": 20021,
            "year": 2002,
            "quarter": 1,
            "eps": -0.47,
            "eps_growth_year": -197.92,
            "eps_4q": 0.57,
            "eps_4q_growth_year": null,
            "roe": -3.55,
            "roe_4q": 4.49,
            "gross_profit": 20636,
            "gross_margin": 22.22,
            "gross_margin_4q_avg": 31.55,
            "net_income": -18924,
            "revenue": 92879,
            "common_shares": 402100,
            "book_valuer_per_share": 13.03,
            "book_valuer_per_share_4q_avg": 14.45,
            "equity": 523881,
            "current_ratio": 376,
            "debt_ratio": 15.64,
            "inventory_turnover_ratio": 1.41,
            "account_receivable_turnover_ratio": null,
            "reinvestment_rate": null,
            "research_to_sale_ratio": null,
            "price_fair": 0,
            "eps_avg_yearly": 0,
            "eps_latest_yearly": 0,
            "eps_growth_yearly": 0
        },
        "20022": {
            "year_quarter": 20022,
            "year": 2002,
            "quarter": 2,
            "eps": 0.2,
            "eps_growth_year": -55.56,
            "eps_4q": 0.32,
            "eps_4q_growth_year": null,
            "roe": 1.66,
            "roe_4q": 2.63,
            "gross_profit": 45886,
            "gross_margin": 31.33,
            "gross_margin_4q_avg": 29.57,
            "net_income": 8778,
            "revenue": 146462,
            "common_shares": 402100,
            "book_valuer_per_share": 13.2,
            "book_valuer_per_share_4q_avg": 13.21,
            "equity": 530681,
            "current_ratio": 228.09,
            "debt_ratio": 28.52,
            "inventory_turnover_ratio": 1.25,
            "account_receivable_turnover_ratio": null,
            "reinvestment_rate": null,
            "research_to_sale_ratio": null,
            "price_fair": 0,
            "eps_avg_yearly": 0,
            "eps_latest_yearly": 0,
            "eps_growth_yearly": 0
        },
        "20023": {
            "year_quarter": 20023,
            "year": 2002,
            "quarter": 3,
            "eps": -0.64,
            "eps_growth_year": -436.84,
            "eps_4q": -0.5,
            "eps_4q_growth_year": null,
            "roe": -5.54,
            "roe_4q": -4.369999999999999,
            "gross_profit": 8624,
            "gross_margin": 17.43,
            "gross_margin_4q_avg": 25.71,
            "net_income": -28636,
            "revenue": 49465,
            "common_shares": 450000,
            "book_valuer_per_share": 11.18,
            "book_valuer_per_share_4q_avg": 12.73,
            "equity": 502898,
            "current_ratio": 251.24,
            "debt_ratio": 25.27,
            "inventory_turnover_ratio": 0.42,
            "account_receivable_turnover_ratio": null,
            "reinvestment_rate": null,
            "research_to_sale_ratio": null,
            "price_fair": 0,
            "eps_avg_yearly": 0,
            "eps_latest_yearly": 0,
            "eps_growth_yearly": 0
        },
        "20024": {
            "year_quarter": 20024,
            "year": 2002,
            "quarter": 4,
            "eps": -2.55,
            "eps_growth_year": -721.95,
            "eps_4q": -3.33,
            "eps_4q_growth_year": -338.08,
            "roe": -17.68,
            "roe_4q": -25.11,
            "gross_profit": -3642,
            "gross_margin": -20.74,
            "gross_margin_4q_avg": 12.56,
            "net_income": -124424,
            "revenue": 17559,
            "common_shares": 894670,
            "book_valuer_per_share": 9.23,
            "book_valuer_per_share_4q_avg": 11.66,
            "equity": 904862,
            "current_ratio": 550.51,
            "debt_ratio": 14.56,
            "inventory_turnover_ratio": 0.25,
            "account_receivable_turnover_ratio": null,
            "reinvestment_rate": null,
            "research_to_sale_ratio": null,
            "price_fair": 0,
            "eps_avg_yearly": 0,
            "eps_latest_yearly": 0,
            "eps_growth_yearly": 0
        },
        "20031": {
            "year_quarter": 20031,
            "year": 2003,
            "quarter": 1,
            "eps": -0.53,
            "eps_growth_year": null,
            "eps_4q": -2.14,
            "eps_4q_growth_year": -473.36,
            "roe": -5.66,
            "roe_4q": -27.22,
            "gross_profit": 19834,
            "gross_margin": 35.14,
            "gross_margin_4q_avg": 15.79,
            "net_income": -47613,
            "revenue": 56442,
            "common_shares": 894670,
            "book_valuer_per_share": 8.7,
            "book_valuer_per_share_4q_avg": 10.58,
            "equity": 778436,
            "current_ratio": 637.55,
            "debt_ratio": 13.27,
            "inventory_turnover_ratio": 0.46,
            "account_receivable_turnover_ratio": null,
            "reinvestment_rate": null,
            "research_to_sale_ratio": null,
            "price_fair": 0,
            "eps_avg_yearly": 0,
            "eps_latest_yearly": 0,
            "eps_growth_yearly": 0
        },
        "20032": {
            "year_quarter": 20032,
            "year": 2003,
            "quarter": 2,
            "eps": -0.79,
            "eps_growth_year": -495,
            "eps_4q": -3.04,
            "eps_4q_growth_year": -1062.13,
            "roe": -9.56,
            "roe_4q": -38.44,
            "gross_profit": 26343,
            "gross_margin": 43.39,
            "gross_margin_4q_avg": 18.81,
            "net_income": -71017,
            "revenue": 60710,
            "common_shares": 894670,
            "book_valuer_per_share": 7.91,
            "book_valuer_per_share_4q_avg": 9.26,
            "equity": 707345,
            "current_ratio": 317.14,
            "debt_ratio": 18.76,
            "inventory_turnover_ratio": 0.37,
            "account_receivable_turnover_ratio": null,
            "reinvestment_rate": null,
            "research_to_sale_ratio": null,
            "price_fair": 0,
            "eps_avg_yearly": 0,
            "eps_latest_yearly": 0,
            "eps_growth_yearly": 0
        },
        "20033": {
            "year_quarter": 20033,
            "year": 2003,
            "quarter": 3,
            "eps": -0.59,
            "eps_growth_year": null,
            "eps_4q": -3.31,
            "eps_4q_growth_year": null,
            "roe": -7.77,
            "roe_4q": -40.67,
            "gross_profit": 20628,
            "gross_margin": 35.72,
            "gross_margin_4q_avg": 23.38,
            "net_income": -52876,
            "revenue": 57757,
            "common_shares": 894670,
            "book_valuer_per_share": 7.31,
            "book_valuer_per_share_4q_avg": 8.29,
            "equity": 654426,
            "current_ratio": 160.99,
            "debt_ratio": 30.77,
            "inventory_turnover_ratio": 0.33,
            "account_receivable_turnover_ratio": null,
            "reinvestment_rate": null,
            "research_to_sale_ratio": null,
            "price_fair": 0,
            "eps_avg_yearly": 0,
            "eps_latest_yearly": 0,
            "eps_growth_yearly": 0
        },
        "20034": {
            "year_quarter": 20034,
            "year": 2003,
            "quarter": 4,
            "eps": -1.08,
            "eps_growth_year": null,
            "eps_4q": -2.96,
            "eps_4q_growth_year": null,
            "roe": -15.05,
            "roe_4q": -38.040000000000006,
            "gross_profit": 48692,
            "gross_margin": 45.58,
            "gross_margin_4q_avg": 39.96,
            "net_income": -96904,
            "revenue": 106828,
            "common_shares": 894670,
            "book_valuer_per_share": 6.23,
            "book_valuer_per_share_4q_avg": 7.54,
            "equity": 632947,
            "current_ratio": 127.5,
            "debt_ratio": 39.62,
            "inventory_turnover_ratio": 0.42,
            "account_receivable_turnover_ratio": null,
            "reinvestment_rate": null,
            "research_to_sale_ratio": null,
            "price_fair": 0,
            "eps_avg_yearly": 0,
            "eps_latest_yearly": 0,
            "eps_growth_yearly": 0
        },
        "20041": {
            "year_quarter": 20041,
            "year": 2004,
            "quarter": 1,
            "eps": -0.42,
            "eps_growth_year": null,
            "eps_4q": -2.87,
            "eps_4q_growth_year": null,
            "roe": -6.55,
            "roe_4q": -38.93,
            "gross_profit": 29377,
            "gross_margin": 25.77,
            "gross_margin_4q_avg": 37.62,
            "net_income": -37798,
            "revenue": 114009,
            "common_shares": 894670,
            "book_valuer_per_share": 5.82,
            "book_valuer_per_share_4q_avg": 6.82,
            "equity": 520871,
            "current_ratio": 141.59,
            "debt_ratio": 47.42,
            "inventory_turnover_ratio": 0.53,
            "account_receivable_turnover_ratio": null,
            "reinvestment_rate": null,
            "research_to_sale_ratio": null,
            "price_fair": 0,
            "eps_avg_yearly": 0,
            "eps_latest_yearly": 0,
            "eps_growth_yearly": 0
        },
        "20042": {
            "year_quarter": 20042,
            "year": 2004,
            "quarter": 2,
            "eps": -0.51,
            "eps_growth_year": null,
            "eps_4q": -2.61,
            "eps_4q_growth_year": null,
            "roe": -9.24,
            "roe_4q": -38.61,
            "gross_profit": 16359,
            "gross_margin": 11,
            "gross_margin_4q_avg": 29.52,
            "net_income": -45986,
            "revenue": 148765,
            "common_shares": 894670,
            "book_valuer_per_share": 5.3,
            "book_valuer_per_share_4q_avg": 6.17,
            "equity": 474253,
            "current_ratio": 115.49,
            "debt_ratio": 51.62,
            "inventory_turnover_ratio": 0.74,
            "account_receivable_turnover_ratio": null,
            "reinvestment_rate": null,
            "research_to_sale_ratio": null,
            "price_fair": 0,
            "eps_avg_yearly": 0,
            "eps_latest_yearly": 0,
            "eps_growth_yearly": 0
        },
        "20043": {
            "year_quarter": 20043,
            "year": 2004,
            "quarter": 3,
            "eps": -0.02,
            "eps_growth_year": null,
            "eps_4q": -2.04,
            "eps_4q_growth_year": null,
            "roe": -0.46,
            "roe_4q": -31.3,
            "gross_profit": 69408,
            "gross_margin": 36.89,
            "gross_margin_4q_avg": 29.81,
            "net_income": -2186,
            "revenue": 188142,
            "common_shares": 894670,
            "book_valuer_per_share": 5.27,
            "book_valuer_per_share_4q_avg": 5.66,
            "equity": 471852,
            "current_ratio": 120.58,
            "debt_ratio": 52.88,
            "inventory_turnover_ratio": 0.57,
            "account_receivable_turnover_ratio": null,
            "reinvestment_rate": null,
            "research_to_sale_ratio": null,
            "price_fair": 0,
            "eps_avg_yearly": 0,
            "eps_latest_yearly": 0,
            "eps_growth_yearly": 0
        },
        "20044": {
            "year_quarter": 20044,
            "year": 2004,
            "quarter": 4,
            "eps": -1.72,
            "eps_growth_year": null,
            "eps_4q": -2.67,
            "eps_4q_growth_year": null,
            "roe": -36.05,
            "roe_4q": -52.3,
            "gross_profit": -67040,
            "gross_margin": 39.64,
            "gross_margin_4q_avg": 28.33,
            "net_income": -154343,
            "revenue": -169119,
            "common_shares": 959870,
            "book_valuer_per_share": 4.01,
            "book_valuer_per_share_4q_avg": 5.1,
            "equity": 384535,
            "current_ratio": 147.88,
            "debt_ratio": 50.89,
            "inventory_turnover_ratio": -0.4,
            "account_receivable_turnover_ratio": null,
            "reinvestment_rate": null,
            "research_to_sale_ratio": null,
            "price_fair": 0,
            "eps_avg_yearly": 0,
            "eps_latest_yearly": 0,
            "eps_growth_yearly": 0
        },
        "20051": {
            "year_quarter": 20051,
            "year": 2005,
            "quarter": 1,
            "eps": -0.59,
            "eps_growth_year": null,
            "eps_4q": -2.71,
            "eps_4q_growth_year": null,
            "roe": -15.76,
            "roe_4q": -61.51,
            "gross_profit": 17506,
            "gross_margin": 43.55,
            "gross_margin_4q_avg": 32.77,
            "net_income": -56242,
            "revenue": 40197,
            "common_shares": 959870,
            "book_valuer_per_share": 3.43,
            "book_valuer_per_share_4q_avg": 4.5,
            "equity": 329182,
            "current_ratio": 163.6,
            "debt_ratio": 52.5,
            "inventory_turnover_ratio": 0.08,
            "account_receivable_turnover_ratio": null,
            "reinvestment_rate": null,
            "research_to_sale_ratio": null,
            "price_fair": 0,
            "eps_avg_yearly": 0,
            "eps_latest_yearly": 0,
            "eps_growth_yearly": 0
        },
        "20052": {
            "year_quarter": 20052,
            "year": 2005,
            "quarter": 2,
            "eps": -0.67,
            "eps_growth_year": null,
            "eps_4q": -2.88,
            "eps_4q_growth_year": null,
            "roe": -21.57,
            "roe_4q": -73.83999999999999,
            "gross_profit": -13007,
            "gross_margin": 76.95,
            "gross_margin_4q_avg": 49.26,
            "net_income": -64070,
            "revenue": -16903,
            "common_shares": 959870,
            "book_valuer_per_share": 2.76,
            "book_valuer_per_share_4q_avg": 3.87,
            "equity": 264967,
            "current_ratio": 181.11,
            "debt_ratio": 56.36,
            "inventory_turnover_ratio": -0.02,
            "account_receivable_turnover_ratio": null,
            "reinvestment_rate": null,
            "research_to_sale_ratio": null,
            "price_fair": 0,
            "eps_avg_yearly": 0,
            "eps_latest_yearly": 0,
            "eps_growth_yearly": 0
        },
        "20053": {
            "year_quarter": 20053,
            "year": 2005,
            "quarter": 3,
            "eps": -1.72,
            "eps_growth_year": null,
            "eps_4q": -3.55,
            "eps_4q_growth_year": null,
            "roe": -28.65,
            "roe_4q": -102.03,
            "gross_profit": 5726,
            "gross_margin": 14.66,
            "gross_margin_4q_avg": 43.7,
            "net_income": -66134,
            "revenue": 39069,
            "common_shares": 959870,
            "book_valuer_per_share": 2.05,
            "book_valuer_per_share_4q_avg": 3.06,
            "equity": 196669,
            "current_ratio": 156.38,
            "debt_ratio": 61.29,
            "inventory_turnover_ratio": 0.17,
            "account_receivable_turnover_ratio": null,
            "reinvestment_rate": null,
            "research_to_sale_ratio": null,
            "price_fair": 0,
            "eps_avg_yearly": 0,
            "eps_latest_yearly": 0,
            "eps_growth_yearly": 0
        },
        "20054": {
            "year_quarter": 20054,
            "year": 2005,
            "quarter": 4,
            "eps": -2.33,
            "eps_growth_year": null,
            "eps_4q": -7.19,
            "eps_4q_growth_year": null,
            "roe": -49.24,
            "roe_4q": -115.22000000000001,
            "gross_profit": 11658,
            "gross_margin": 28.18,
            "gross_margin_4q_avg": 40.84,
            "net_income": -89596,
            "revenue": 41366,
            "common_shares": 653948,
            "book_valuer_per_share": 2.56,
            "book_valuer_per_share_4q_avg": 2.7,
            "equity": 167282,
            "current_ratio": 168.71,
            "debt_ratio": 63.21,
            "inventory_turnover_ratio": 0.21,
            "account_receivable_turnover_ratio": null,
            "reinvestment_rate": null,
            "research_to_sale_ratio": null,
            "price_fair": 0,
            "eps_avg_yearly": 0,
            "eps_latest_yearly": 0,
            "eps_growth_yearly": 0
        },
        "20061": {
            "year_quarter": 20061,
            "year": 2006,
            "quarter": 1,
            "eps": -0.17,
            "eps_growth_year": null,
            "eps_4q": -3.52,
            "eps_4q_growth_year": null,
            "roe": -6.82,
            "roe_4q": -106.28,
            "gross_profit": 3688,
            "gross_margin": 12.97,
            "gross_margin_4q_avg": 33.19,
            "net_income": -11163,
            "revenue": 28440,
            "common_shares": 663948,
            "book_valuer_per_share": 2.41,
            "book_valuer_per_share_4q_avg": 2.45,
            "equity": 160020,
            "current_ratio": 149.96,
            "debt_ratio": 60.83,
            "inventory_turnover_ratio": 0.22,
            "account_receivable_turnover_ratio": null,
            "reinvestment_rate": null,
            "research_to_sale_ratio": null,
            "price_fair": 0,
            "eps_avg_yearly": 0,
            "eps_latest_yearly": 0,
            "eps_growth_yearly": 0
        },
        "20062": {
            "year_quarter": 20062,
            "year": 2006,
            "quarter": 2,
            "eps": -0.82,
            "eps_growth_year": null,
            "eps_4q": -3.33,
            "eps_4q_growth_year": null,
            "roe": -40.6,
            "roe_4q": -125.31,
            "gross_profit": 602,
            "gross_margin": 2.75,
            "gross_margin_4q_avg": 14.64,
            "net_income": -54130,
            "revenue": 21853,
            "common_shares": 663948,
            "book_valuer_per_share": 1.61,
            "book_valuer_per_share_4q_avg": 2.16,
            "equity": 106647,
            "current_ratio": 143.64,
            "debt_ratio": 68.56,
            "inventory_turnover_ratio": 0.2,
            "account_receivable_turnover_ratio": null,
            "reinvestment_rate": null,
            "research_to_sale_ratio": null,
            "price_fair": 0,
            "eps_avg_yearly": 0,
            "eps_latest_yearly": 0,
            "eps_growth_yearly": 0
        },
        "20063": {
            "year_quarter": 20063,
            "year": 2006,
            "quarter": 3,
            "eps": -0.83,
            "eps_growth_year": null,
            "eps_4q": -9.62,
            "eps_4q_growth_year": null,
            "roe": -14.73,
            "roe_4q": -111.39,
            "gross_profit": 5942,
            "gross_margin": 33.69,
            "gross_margin_4q_avg": 19.4,
            "net_income": -14573,
            "revenue": 17639,
            "common_shares": 176072,
            "book_valuer_per_share": 5.18,
            "book_valuer_per_share_4q_avg": 2.94,
            "equity": 91179,
            "current_ratio": 143.87,
            "debt_ratio": 71.5,
            "inventory_turnover_ratio": 0.12,
            "account_receivable_turnover_ratio": null,
            "reinvestment_rate": null,
            "research_to_sale_ratio": null,
            "price_fair": 0,
            "eps_avg_yearly": 0,
            "eps_latest_yearly": 0,
            "eps_growth_yearly": 0
        },
        "20064": {
            "year_quarter": 20064,
            "year": 2006,
            "quarter": 4,
            "eps": 0,
            "eps_growth_year": null,
            "eps_4q": -4.28,
            "eps_4q_growth_year": null,
            "roe": -0.03,
            "roe_4q": -62.18,
            "gross_profit": 16014,
            "gross_margin": 38.69,
            "gross_margin_4q_avg": 22.03,
            "net_income": -34,
            "revenue": 41393,
            "common_shares": 276072,
            "book_valuer_per_share": 5.38,
            "book_valuer_per_share_4q_avg": 3.65,
            "equity": 148424,
            "current_ratio": 168.22,
            "debt_ratio": 59.11,
            "inventory_turnover_ratio": 0.38,
            "account_receivable_turnover_ratio": null,
            "reinvestment_rate": null,
            "research_to_sale_ratio": null,
            "price_fair": 0,
            "eps_avg_yearly": 0,
            "eps_latest_yearly": 0,
            "eps_growth_yearly": 0
        },
        "20071": {
            "year_quarter": 20071,
            "year": 2007,
            "quarter": 1,
            "eps": 0.12,
            "eps_growth_year": null,
            "eps_4q": -2.41,
            "eps_4q_growth_year": null,
            "roe": 2.17,
            "roe_4q": -53.19,
            "gross_profit": 22433,
            "gross_margin": 44.52,
            "gross_margin_4q_avg": 29.91,
            "net_income": 3261,
            "revenue": 50388,
            "common_shares": 276072,
            "book_valuer_per_share": 5.49,
            "book_valuer_per_share_4q_avg": 4.42,
            "equity": 151464,
            "current_ratio": 168.25,
            "debt_ratio": 56.03,
            "inventory_turnover_ratio": 0.72,
            "account_receivable_turnover_ratio": null,
            "reinvestment_rate": null,
            "research_to_sale_ratio": null,
            "price_fair": 0,
            "eps_avg_yearly": 0,
            "eps_latest_yearly": 0,
            "eps_growth_yearly": 0
        },
        "20072": {
            "year_quarter": 20072,
            "year": 2007,
            "quarter": 2,
            "eps": 0.05,
            "eps_growth_year": null,
            "eps_4q": -0.34,
            "eps_4q_growth_year": null,
            "roe": 0.94,
            "roe_4q": -11.65,
            "gross_profit": 24718,
            "gross_margin": 48.66,
            "gross_margin_4q_avg": 41.39,
            "net_income": 1440,
            "revenue": 50799,
            "common_shares": 276072,
            "book_valuer_per_share": 5.56,
            "book_valuer_per_share_4q_avg": 5.4,
            "equity": 153360,
            "current_ratio": 185.35,
            "debt_ratio": 52.32,
            "inventory_turnover_ratio": 0.65,
            "account_receivable_turnover_ratio": null,
            "reinvestment_rate": null,
            "research_to_sale_ratio": null,
            "price_fair": 0.6,
            "eps_avg_yearly": 0.2,
            "eps_latest_yearly": 0.2,
            "eps_growth_yearly": -233.33
        },
        "20073": {
            "year_quarter": 20073,
            "year": 2007,
            "quarter": 3,
            "eps": 0.06,
            "eps_growth_year": null,
            "eps_4q": 0.22,
            "eps_4q_growth_year": null,
            "roe": 1.14,
            "roe_4q": 4.22,
            "gross_profit": 26483,
            "gross_margin": 44.51,
            "gross_margin_4q_avg": 44.1,
            "net_income": 1764,
            "revenue": 59502,
            "common_shares": 276072,
            "book_valuer_per_share": 5.62,
            "book_valuer_per_share_4q_avg": 5.51,
            "equity": 155214,
            "current_ratio": 180.29,
            "debt_ratio": 51.79,
            "inventory_turnover_ratio": 0.89,
            "account_receivable_turnover_ratio": null,
            "reinvestment_rate": null,
            "research_to_sale_ratio": null,
            "price_fair": 0.66,
            "eps_avg_yearly": 0.22,
            "eps_latest_yearly": 0.24,
            "eps_growth_yearly": -76.67
        },
        "20074": {
            "year_quarter": 20074,
            "year": 2007,
            "quarter": 4,
            "eps": -1.39,
            "eps_growth_year": null,
            "eps_4q": -1.16,
            "eps_4q_growth_year": null,
            "roe": -28.34,
            "roe_4q": -24.089999999999996,
            "gross_profit": 29825,
            "gross_margin": 47.46,
            "gross_margin_4q_avg": 46.29,
            "net_income": -38453,
            "revenue": 62847,
            "common_shares": 276072,
            "book_valuer_per_share": 4.21,
            "book_valuer_per_share_4q_avg": 5.22,
            "equity": 116187,
            "current_ratio": 135.09,
            "debt_ratio": 60,
            "inventory_turnover_ratio": 0.69,
            "account_receivable_turnover_ratio": null,
            "reinvestment_rate": null,
            "research_to_sale_ratio": null,
            "price_fair": 0.66,
            "eps_avg_yearly": 0.22,
            "eps_latest_yearly": 0.24,
            "eps_growth_yearly": -76.67
        },
        "20081": {
            "year_quarter": 20081,
            "year": 2008,
            "quarter": 1,
            "eps": -0.61,
            "eps_growth_year": -608.33,
            "eps_4q": -1.88,
            "eps_4q_growth_year": null,
            "roe": -15.74,
            "roe_4q": -42,
            "gross_profit": 9751,
            "gross_margin": 29.07,
            "gross_margin_4q_avg": 42.43,
            "net_income": -16919,
            "revenue": 33541,
            "common_shares": 276072,
            "book_valuer_per_share": 3.58,
            "book_valuer_per_share_4q_avg": 4.74,
            "equity": 98750,
            "current_ratio": 116.21,
            "debt_ratio": 61.61,
            "inventory_turnover_ratio": 0.41,
            "account_receivable_turnover_ratio": null,
            "reinvestment_rate": null,
            "research_to_sale_ratio": null,
            "price_fair": 0.66,
            "eps_avg_yearly": 0.22,
            "eps_latest_yearly": 0.24,
            "eps_growth_yearly": -76.67
        },
        "20082": {
            "year_quarter": 20082,
            "year": 2008,
            "quarter": 2,
            "eps": -0.54,
            "eps_growth_year": -1180,
            "eps_4q": -2.48,
            "eps_4q_growth_year": null,
            "roe": -16.17,
            "roe_4q": -59.11,
            "gross_profit": 13005,
            "gross_margin": 28.46,
            "gross_margin_4q_avg": 37.38,
            "net_income": -14780,
            "revenue": 45691,
            "common_shares": 276072,
            "book_valuer_per_share": 3.04,
            "book_valuer_per_share_4q_avg": 4.11,
            "equity": 84022,
            "current_ratio": 104.07,
            "debt_ratio": 63.94,
            "inventory_turnover_ratio": 0.69,
            "account_receivable_turnover_ratio": null,
            "reinvestment_rate": null,
            "research_to_sale_ratio": null,
            "price_fair": 0.66,
            "eps_avg_yearly": 0.22,
            "eps_latest_yearly": 0.24,
            "eps_growth_yearly": -76.67
        },
        "20083": {
            "year_quarter": 20083,
            "year": 2008,
            "quarter": 3,
            "eps": -0.78,
            "eps_growth_year": -1400,
            "eps_4q": -3.32,
            "eps_4q_growth_year": -1617.78,
            "roe": -29.48,
            "roe_4q": -89.73,
            "gross_profit": -6659,
            "gross_margin": -22.33,
            "gross_margin_4q_avg": 20.67,
            "net_income": -21504,
            "revenue": 29815,
            "common_shares": 276072,
            "book_valuer_per_share": 2.24,
            "book_valuer_per_share_4q_avg": 3.27,
            "equity": 61881,
            "current_ratio": 74.5,
            "debt_ratio": 69.43,
            "inventory_turnover_ratio": 1.31,
            "account_receivable_turnover_ratio": null,
            "reinvestment_rate": null,
            "research_to_sale_ratio": null,
            "price_fair": 0.66,
            "eps_avg_yearly": 0.22,
            "eps_latest_yearly": 0.24,
            "eps_growth_yearly": -76.67
        },
        "20084": {
            "year_quarter": 20084,
            "year": 2008,
            "quarter": 4,
            "eps": -1.89,
            "eps_growth_year": null,
            "eps_4q": -3.81,
            "eps_4q_growth_year": null,
            "roe": -145.3,
            "roe_4q": -206.69,
            "gross_profit": 898,
            "gross_margin": 20.38,
            "gross_margin_4q_avg": 13.9,
            "net_income": -52078,
            "revenue": 4407,
            "common_shares": 276072,
            "book_valuer_per_share": 0.36,
            "book_valuer_per_share_4q_avg": 2.31,
            "equity": 9803,
            "current_ratio": 10.67,
            "debt_ratio": 93.39,
            "inventory_turnover_ratio": 0.31,
            "account_receivable_turnover_ratio": 1.37,
            "reinvestment_rate": null,
            "research_to_sale_ratio": null,
            "price_fair": 0.66,
            "eps_avg_yearly": 0.22,
            "eps_latest_yearly": 0.24,
            "eps_growth_yearly": -76.67
        },
        "20091": {
            "year_quarter": 20091,
            "year": 2009,
            "quarter": 1,
            "eps": -0.12,
            "eps_growth_year": null,
            "eps_4q": -3.32,
            "eps_4q_growth_year": null,
            "roe": -41.32,
            "roe_4q": -232.26999999999998,
            "gross_profit": 0,
            "gross_margin": null,
            "gross_margin_4q_avg": 6.63,
            "net_income": -3357,
            "revenue": 0,
            "common_shares": 276072,
            "book_valuer_per_share": 0.23,
            "book_valuer_per_share_4q_avg": 1.47,
            "equity": 6446,
            "current_ratio": 10.63,
            "debt_ratio": 95.57,
            "inventory_turnover_ratio": 0,
            "account_receivable_turnover_ratio": 0,
            "reinvestment_rate": null,
            "research_to_sale_ratio": null,
            "price_fair": 0.66,
            "eps_avg_yearly": 0.22,
            "eps_latest_yearly": 0.24,
            "eps_growth_yearly": -76.67
        },
        "20092": {
            "year_quarter": 20092,
            "year": 2009,
            "quarter": 2,
            "eps": 0.27,
            "eps_growth_year": null,
            "eps_4q": -1.65,
            "eps_4q_growth_year": null,
            "roe": 64.57,
            "roe_4q": -151.53,
            "gross_profit": 7083,
            "gross_margin": 148.15,
            "gross_margin_4q_avg": 36.55,
            "net_income": 10812,
            "revenue": 4781,
            "common_shares": 576072,
            "book_valuer_per_share": 0.47,
            "book_valuer_per_share_4q_avg": 0.83,
            "equity": 27045,
            "current_ratio": 64.09,
            "debt_ratio": 82.18,
            "inventory_turnover_ratio": -1.01,
            "account_receivable_turnover_ratio": 0.97,
            "reinvestment_rate": null,
            "research_to_sale_ratio": null,
            "price_fair": 0.66,
            "eps_avg_yearly": 0.22,
            "eps_latest_yearly": 0.24,
            "eps_growth_yearly": -76.67
        },
        "20093": {
            "year_quarter": 20093,
            "year": 2009,
            "quarter": 3,
            "eps": -0.13,
            "eps_growth_year": null,
            "eps_4q": -0.48,
            "eps_4q_growth_year": null,
            "roe": -23.94,
            "roe_4q": -145.99,
            "gross_profit": 614,
            "gross_margin": 51.95,
            "gross_margin_4q_avg": 55.12,
            "net_income": -7303,
            "revenue": 1182,
            "common_shares": 1076072,
            "book_valuer_per_share": 0.32,
            "book_valuer_per_share_4q_avg": 0.35,
            "equity": 33956,
            "current_ratio": 72.01,
            "debt_ratio": 76.84,
            "inventory_turnover_ratio": 1.65,
            "account_receivable_turnover_ratio": 0.7,
            "reinvestment_rate": null,
            "research_to_sale_ratio": null,
            "price_fair": 0.66,
            "eps_avg_yearly": 0.22,
            "eps_latest_yearly": 0.24,
            "eps_growth_yearly": -76.67
        },
        "20094": {
            "year_quarter": 20094,
            "year": 2009,
            "quarter": 4,
            "eps": -0.25,
            "eps_growth_year": null,
            "eps_4q": -0.15,
            "eps_4q_growth_year": null,
            "roe": -65.4,
            "roe_4q": -66.09,
            "gross_profit": 3162,
            "gross_margin": 227.97,
            "gross_margin_4q_avg": 107.02,
            "net_income": -16735,
            "revenue": 1387,
            "common_shares": 1076072,
            "book_valuer_per_share": 0,
            "book_valuer_per_share_4q_avg": 0.26,
            "equity": 17220,
            "current_ratio": 60.68,
            "debt_ratio": 86.46,
            "inventory_turnover_ratio": -0.79,
            "account_receivable_turnover_ratio": 5.06,
            "reinvestment_rate": null,
            "research_to_sale_ratio": null,
            "price_fair": 0.66,
            "eps_avg_yearly": 0.22,
            "eps_latest_yearly": 0.24,
            "eps_growth_yearly": -76.67
        },
        "20101": {
            "year_quarter": 20101,
            "year": 2010,
            "quarter": 1,
            "eps": -0.15,
            "eps_growth_year": null,
            "eps_4q": -0.29,
            "eps_4q_growth_year": null,
            "roe": -9.04,
            "roe_4q": -33.81,
            "gross_profit": 152,
            "gross_margin": 22.45,
            "gross_margin_4q_avg": 112.63,
            "net_income": -4603,
            "revenue": 677,
            "common_shares": 615000,
            "book_valuer_per_share": 1.38,
            "book_valuer_per_share_4q_avg": 0.54,
            "equity": 84617,
            "current_ratio": 132.12,
            "debt_ratio": 47.9,
            "inventory_turnover_ratio": 0.14,
            "account_receivable_turnover_ratio": 1.42,
            "reinvestment_rate": null,
            "research_to_sale_ratio": 49.19,
            "price_fair": 0.66,
            "eps_avg_yearly": 0.22,
            "eps_latest_yearly": 0.24,
            "eps_growth_yearly": -76.67
        },
        "20102": {
            "year_quarter": 20102,
            "year": 2010,
            "quarter": 2,
            "eps": -0.02,
            "eps_growth_year": -108.95,
            "eps_4q": -0.49,
            "eps_4q_growth_year": null,
            "roe": -1.77,
            "roe_4q": -100.15,
            "gross_profit": 6931,
            "gross_margin": 90.25,
            "gross_margin_4q_avg": 98.16,
            "net_income": -1486,
            "revenue": 7680,
            "common_shares": 615000,
            "book_valuer_per_share": 1.35,
            "book_valuer_per_share_4q_avg": 0.76,
            "equity": 83131,
            "current_ratio": 148.03,
            "debt_ratio": 40.08,
            "inventory_turnover_ratio": 0.2,
            "account_receivable_turnover_ratio": 3.66,
            "reinvestment_rate": null,
            "research_to_sale_ratio": 0.01,
            "price_fair": 0.66,
            "eps_avg_yearly": 0.22,
            "eps_latest_yearly": 0.24,
            "eps_growth_yearly": -76.67
        },
        "20103": {
            "year_quarter": 20103,
            "year": 2010,
            "quarter": 3,
            "eps": 0.17,
            "eps_growth_year": null,
            "eps_4q": -0.2,
            "eps_4q_growth_year": null,
            "roe": 11.58,
            "roe_4q": -64.63000000000001,
            "gross_profit": 15225,
            "gross_margin": 47.21,
            "gross_margin_4q_avg": 96.97,
            "net_income": 10222,
            "revenue": 32248,
            "common_shares": 615000,
            "book_valuer_per_share": 1.52,
            "book_valuer_per_share_4q_avg": 1.06,
            "equity": 93353,
            "current_ratio": 189.66,
            "debt_ratio": 26.73,
            "inventory_turnover_ratio": 4.11,
            "account_receivable_turnover_ratio": 2.6,
            "reinvestment_rate": null,
            "research_to_sale_ratio": 0,
            "price_fair": 0.66,
            "eps_avg_yearly": 0.22,
            "eps_latest_yearly": 0.24,
            "eps_growth_yearly": -76.67
        },
        "20104": {
            "year_quarter": 20104,
            "year": 2010,
            "quarter": 4,
            "eps": 0.65,
            "eps_growth_year": null,
            "eps_4q": 0.82,
            "eps_4q_growth_year": null,
            "roe": 15.78,
            "roe_4q": 16.55,
            "gross_profit": 27077,
            "gross_margin": 33.92,
            "gross_margin_4q_avg": 48.46,
            "net_income": 16165,
            "revenue": 79831,
            "common_shares": 247000,
            "book_valuer_per_share": 4.51,
            "book_valuer_per_share_4q_avg": 2.19,
            "equity": 111510,
            "current_ratio": 167.81,
            "debt_ratio": 32.71,
            "inventory_turnover_ratio": 13.65,
            "account_receivable_turnover_ratio": 2.04,
            "reinvestment_rate": null,
            "research_to_sale_ratio": -0,
            "price_fair": 35.47,
            "eps_avg_yearly": 1.01,
            "eps_latest_yearly": 2.6,
            "eps_growth_yearly": 325.36
        },
        "20111": {
            "year_quarter": 20111,
            "year": 2011,
            "quarter": 1,
            "eps": 1.02,
            "eps_growth_year": null,
            "eps_4q": 2.03,
            "eps_4q_growth_year": null,
            "roe": 20.35,
            "roe_4q": 45.94,
            "gross_profit": 38732,
            "gross_margin": 42.51,
            "gross_margin_4q_avg": 53.47,
            "net_income": 25260,
            "revenue": 91117,
            "common_shares": 247000,
            "book_valuer_per_share": 5.54,
            "book_valuer_per_share_4q_avg": 3.23,
            "equity": 136770,
            "current_ratio": 216.78,
            "debt_ratio": 27.64,
            "inventory_turnover_ratio": 13.91,
            "account_receivable_turnover_ratio": 1.53,
            "reinvestment_rate": null,
            "research_to_sale_ratio": 0,
            "price_fair": 62.3,
            "eps_avg_yearly": 1.78,
            "eps_latest_yearly": 4.08,
            "eps_growth_yearly": 300.94
        },
        "20112": {
            "year_quarter": 20112,
            "year": 2011,
            "quarter": 2,
            "eps": 1.17,
            "eps_growth_year": null,
            "eps_4q": 3.26,
            "eps_4q_growth_year": null,
            "roe": 19.08,
            "roe_4q": 66.79,
            "gross_profit": 41800,
            "gross_margin": 41.72,
            "gross_margin_4q_avg": 41.34,
            "net_income": 28840,
            "revenue": 100185,
            "common_shares": 247000,
            "book_valuer_per_share": 6.7,
            "book_valuer_per_share_4q_avg": 4.57,
            "equity": 165610,
            "current_ratio": 294.09,
            "debt_ratio": 20.95,
            "inventory_turnover_ratio": 14.77,
            "account_receivable_turnover_ratio": 1.98,
            "reinvestment_rate": null,
            "research_to_sale_ratio": 0,
            "price_fair": 101.5,
            "eps_avg_yearly": 2.9,
            "eps_latest_yearly": 4.68,
            "eps_growth_yearly": 373.98
        },
        "20113": {
            "year_quarter": 20113,
            "year": 2011,
            "quarter": 3,
            "eps": 1.04,
            "eps_growth_year": 523.76,
            "eps_4q": 3.88,
            "eps_4q_growth_year": null,
            "roe": 14.35,
            "roe_4q": 69.56,
            "gross_profit": 38498,
            "gross_margin": 37.68,
            "gross_margin_4q_avg": 38.96,
            "net_income": 25608,
            "revenue": 102159,
            "common_shares": 247000,
            "book_valuer_per_share": 7.74,
            "book_valuer_per_share_4q_avg": 6.12,
            "equity": 191218,
            "current_ratio": 325.83,
            "debt_ratio": 19.85,
            "inventory_turnover_ratio": 26.95,
            "account_receivable_turnover_ratio": 1.97,
            "reinvestment_rate": null,
            "research_to_sale_ratio": 0,
            "price_fair": 135.8,
            "eps_avg_yearly": 3.88,
            "eps_latest_yearly": 4.16,
            "eps_growth_yearly": 342.87
        },
        "20114": {
            "year_quarter": 20114,
            "year": 2011,
            "quarter": 4,
            "eps": 2.31,
            "eps_growth_year": 252.82,
            "eps_4q": 5.54,
            "eps_4q_growth_year": 573.67,
            "roe": 25.96,
            "roe_4q": 79.74000000000001,
            "gross_profit": 47692,
            "gross_margin": 37.87,
            "gross_margin_4q_avg": 39.95,
            "net_income": 57033,
            "revenue": 125926,
            "common_shares": 247000,
            "book_valuer_per_share": 10.05,
            "book_valuer_per_share_4q_avg": 7.51,
            "equity": 248251,
            "current_ratio": 340.35,
            "debt_ratio": 19.92,
            "inventory_turnover_ratio": 44.28,
            "account_receivable_turnover_ratio": 1.51,
            "reinvestment_rate": -126.59,
            "research_to_sale_ratio": 0,
            "price_fair": 173.32,
            "eps_avg_yearly": 4.95,
            "eps_latest_yearly": 9.24,
            "eps_growth_yearly": 371.99
        },
        "20121": {
            "year_quarter": 20121,
            "year": 2012,
            "quarter": 1,
            "eps": 0.74,
            "eps_growth_year": -27.45,
            "eps_4q": 5.25,
            "eps_4q_growth_year": 158.76,
            "roe": 7.12,
            "roe_4q": 66.50999999999999,
            "gross_profit": 41446,
            "gross_margin": 35.54,
            "gross_margin_4q_avg": 38.2,
            "net_income": 18315,
            "revenue": 116606,
            "common_shares": 247000,
            "book_valuer_per_share": 0,
            "book_valuer_per_share_4q_avg": 6.12,
            "equity": 266566,
            "current_ratio": 419.27,
            "debt_ratio": 16.19,
            "inventory_turnover_ratio": 29.97,
            "account_receivable_turnover_ratio": 1.15,
            "reinvestment_rate": -56.61,
            "research_to_sale_ratio": 0,
            "price_fair": 161.7,
            "eps_avg_yearly": 4.62,
            "eps_latest_yearly": 2.96,
            "eps_growth_yearly": 264.68
        },
        "20122": {
            "year_quarter": 20122,
            "year": 2012,
            "quarter": 2,
            "eps": 0.9,
            "eps_growth_year": -23.29,
            "eps_4q": 4.98,
            "eps_4q_growth_year": 52.92,
            "roe": 7.76,
            "roe_4q": 55.190000000000005,
            "gross_profit": 48925,
            "gross_margin": 36.26,
            "gross_margin_4q_avg": 36.84,
            "net_income": 22122,
            "revenue": 134912,
            "common_shares": 247000,
            "book_valuer_per_share": 11.72,
            "book_valuer_per_share_4q_avg": 7.38,
            "equity": 303688,
            "current_ratio": 348.03,
            "debt_ratio": 21.45,
            "inventory_turnover_ratio": 9.36,
            "account_receivable_turnover_ratio": 1.33,
            "reinvestment_rate": -24.96,
            "research_to_sale_ratio": 0,
            "price_fair": 156.6,
            "eps_avg_yearly": 4.47,
            "eps_latest_yearly": 3.6,
            "eps_growth_yearly": 239.22
        },
        "20123": {
            "year_quarter": 20123,
            "year": 2012,
            "quarter": 3,
            "eps": 1.03,
            "eps_growth_year": -0.64,
            "eps_4q": 4.68,
            "eps_4q_growth_year": 20.59,
            "roe": 7.38,
            "roe_4q": 48.22,
            "gross_profit": 64767,
            "gross_margin": 37.06,
            "gross_margin_4q_avg": 36.68,
            "net_income": 27505,
            "revenue": 174740,
            "common_shares": 267000,
            "book_valuer_per_share": 15.79,
            "book_valuer_per_share_4q_avg": 9.39,
            "equity": 441438,
            "current_ratio": 397.89,
            "debt_ratio": 19.75,
            "inventory_turnover_ratio": 8.93,
            "account_receivable_turnover_ratio": 1.74,
            "reinvestment_rate": -3.05,
            "research_to_sale_ratio": 0,
            "price_fair": 155.05,
            "eps_avg_yearly": 4.43,
            "eps_latest_yearly": 4.12,
            "eps_growth_yearly": 216.54
        },
        "20124": {
            "year_quarter": 20124,
            "year": 2012,
            "quarter": 4,
            "eps": 1.24,
            "eps_growth_year": -46.44,
            "eps_4q": 3.78,
            "eps_4q_growth_year": -31.7,
            "roe": 9.2,
            "roe_4q": 31.459999999999997,
            "gross_profit": 101127,
            "gross_margin": 42,
            "gross_margin_4q_avg": 37.72,
            "net_income": 43705,
            "revenue": 240790,
            "common_shares": 267000,
            "book_valuer_per_share": 17.03,
            "book_valuer_per_share_4q_avg": 11.14,
            "equity": 508268,
            "current_ratio": 310.83,
            "debt_ratio": 23.85,
            "inventory_turnover_ratio": 11.37,
            "account_receivable_turnover_ratio": 2.44,
            "reinvestment_rate": 65.41,
            "research_to_sale_ratio": 0,
            "price_fair": 157.11,
            "eps_avg_yearly": 4.49,
            "eps_latest_yearly": 4.96,
            "eps_growth_yearly": 201.54
        },
        "20131": {
            "year_quarter": 20131,
            "year": 2013,
            "quarter": 1,
            "eps": 0.88,
            "eps_growth_year": 18.92,
            "eps_4q": 3.97,
            "eps_4q_growth_year": -24.42,
            "roe": 6.4,
            "roe_4q": 30.740000000000002,
            "gross_profit": 128479,
            "gross_margin": 43.44,
            "gross_margin_4q_avg": 39.69,
            "net_income": 33601,
            "revenue": 295775,
            "common_shares": 267000,
            "book_valuer_per_share": 17.92,
            "book_valuer_per_share_4q_avg": 15.62,
            "equity": 542421,
            "current_ratio": 277.17,
            "debt_ratio": 25.04,
            "inventory_turnover_ratio": 12.27,
            "account_receivable_turnover_ratio": 3.47,
            "reinvestment_rate": 50.76,
            "research_to_sale_ratio": null,
            "price_fair": 153.72,
            "eps_avg_yearly": 4.39,
            "eps_latest_yearly": 3.52,
            "eps_growth_yearly": 169.78
        },
        "20132": {
            "year_quarter": 20132,
            "year": 2013,
            "quarter": 2,
            "eps": 1.19,
            "eps_growth_year": 32.87,
            "eps_4q": 4.33,
            "eps_4q_growth_year": -13.07,
            "roe": 8.51,
            "roe_4q": 31.49,
            "gross_profit": 139051,
            "gross_margin": 42.58,
            "gross_margin_4q_avg": 41.27,
            "net_income": 45225,
            "revenue": 326551,
            "common_shares": 267000,
            "book_valuer_per_share": 15.75,
            "book_valuer_per_share_4q_avg": 16.62,
            "equity": 519846,
            "current_ratio": 205.14,
            "debt_ratio": 31.82,
            "inventory_turnover_ratio": 15.79,
            "account_receivable_turnover_ratio": 4.04,
            "reinvestment_rate": 59.66,
            "research_to_sale_ratio": null,
            "price_fair": 154.89,
            "eps_avg_yearly": 4.43,
            "eps_latest_yearly": 4.76,
            "eps_growth_yearly": 167.15
        },
        "20133": {
            "year_quarter": 20133,
            "year": 2013,
            "quarter": 3,
            "eps": -1.27,
            "eps_growth_year": -223.28,
            "eps_4q": 2.03,
            "eps_4q_growth_year": -56.64,
            "roe": -17.46,
            "roe_4q": 6.649999999999999,
            "gross_profit": 78136,
            "gross_margin": 32.11,
            "gross_margin_4q_avg": 40.03,
            "net_income": -83623,
            "revenue": 243356,
            "common_shares": 267000,
            "book_valuer_per_share": 14.47,
            "book_valuer_per_share_4q_avg": 16.29,
            "equity": 438049,
            "current_ratio": 166.43,
            "debt_ratio": 35.68,
            "inventory_turnover_ratio": 13.65,
            "account_receivable_turnover_ratio": 2.97,
            "reinvestment_rate": 69.3,
            "research_to_sale_ratio": null,
            "price_fair": 154.89,
            "eps_avg_yearly": 4.43,
            "eps_latest_yearly": 4.76,
            "eps_growth_yearly": 167.15
        },
        "20134": {
            "year_quarter": 20134,
            "year": 2013,
            "quarter": 4,
            "eps": -1.71,
            "eps_growth_year": -238.47,
            "eps_4q": -0.92,
            "eps_4q_growth_year": -124.32,
            "roe": -33.45,
            "roe_4q": -36.00000000000001,
            "gross_profit": -36898,
            "gross_margin": 46.36,
            "gross_margin_4q_avg": 41.12,
            "net_income": -127514,
            "revenue": -79586,
            "common_shares": 267000,
            "book_valuer_per_share": 12.92,
            "book_valuer_per_share_4q_avg": 15.27,
            "equity": 324349,
            "current_ratio": 181.57,
            "debt_ratio": 36.67,
            "inventory_turnover_ratio": -4.5,
            "account_receivable_turnover_ratio": -1.28,
            "reinvestment_rate": 31.77,
            "research_to_sale_ratio": null,
            "price_fair": 154.89,
            "eps_avg_yearly": 4.43,
            "eps_latest_yearly": 4.76,
            "eps_growth_yearly": 167.15
        },
        "20141": {
            "year_quarter": 20141,
            "year": 2014,
            "quarter": 1,
            "eps": 1.06,
            "eps_growth_year": 20.45,
            "eps_4q": -0.74,
            "eps_4q_growth_year": -118.51,
            "roe": 1.71,
            "roe_4q": -40.690000000000005,
            "gross_profit": 20772,
            "gross_margin": 25.42,
            "gross_margin_4q_avg": 36.62,
            "net_income": 6110,
            "revenue": 81702,
            "common_shares": 267000,
            "book_valuer_per_share": 13.93,
            "book_valuer_per_share_4q_avg": 14.27,
            "equity": 389375,
            "current_ratio": 793.18,
            "debt_ratio": 8.69,
            "inventory_turnover_ratio": 10.95,
            "account_receivable_turnover_ratio": 1.64,
            "reinvestment_rate": 22.43,
            "research_to_sale_ratio": null,
            "price_fair": 154.89,
            "eps_avg_yearly": 4.43,
            "eps_latest_yearly": 4.76,
            "eps_growth_yearly": 167.15
        },
        "20142": {
            "year_quarter": 20142,
            "year": 2014,
            "quarter": 2,
            "eps": -0.29,
            "eps_growth_year": -124.37,
            "eps_4q": -2.21,
            "eps_4q_growth_year": -151.04,
            "roe": -2.34,
            "roe_4q": -51.540000000000006,
            "gross_profit": 15799,
            "gross_margin": 22.48,
            "gross_margin_4q_avg": 31.59,
            "net_income": -8680,
            "revenue": 70296,
            "common_shares": 267000,
            "book_valuer_per_share": 12.62,
            "book_valuer_per_share_4q_avg": 13.49,
            "equity": 353124,
            "current_ratio": 446.47,
            "debt_ratio": 15.35,
            "inventory_turnover_ratio": 14.81,
            "account_receivable_turnover_ratio": 1.5,
            "reinvestment_rate": 28.79,
            "research_to_sale_ratio": null,
            "price_fair": 154.89,
            "eps_avg_yearly": 4.43,
            "eps_latest_yearly": 4.76,
            "eps_growth_yearly": 167.15
        },
        "20143": {
            "year_quarter": 20143,
            "year": 2014,
            "quarter": 3,
            "eps": -0.08,
            "eps_growth_year": null,
            "eps_4q": -1.02,
            "eps_4q_growth_year": -150.48,
            "roe": -1.2,
            "roe_4q": -35.28,
            "gross_profit": 18667,
            "gross_margin": 25.19,
            "gross_margin_4q_avg": 29.86,
            "net_income": -4185,
            "revenue": 74110,
            "common_shares": 267000,
            "book_valuer_per_share": 12.57,
            "book_valuer_per_share_4q_avg": 13.01,
            "equity": 345759,
            "current_ratio": 666.15,
            "debt_ratio": 10.25,
            "inventory_turnover_ratio": 14.89,
            "account_receivable_turnover_ratio": 1.61,
            "reinvestment_rate": 26.83,
            "research_to_sale_ratio": null,
            "price_fair": 154.89,
            "eps_avg_yearly": 4.43,
            "eps_latest_yearly": 4.76,
            "eps_growth_yearly": 167.15
        },
        "20144": {
            "year_quarter": 20144,
            "year": 2014,
            "quarter": 4,
            "eps": -0.12,
            "eps_growth_year": null,
            "eps_4q": 0.57,
            "eps_4q_growth_year": null,
            "roe": -0.86,
            "roe_4q": -2.6900000000000004,
            "gross_profit": 25482,
            "gross_margin": 34.64,
            "gross_margin_4q_avg": 26.93,
            "net_income": -3044,
            "revenue": 73558,
            "common_shares": 267000,
            "book_valuer_per_share": 13.23,
            "book_valuer_per_share_4q_avg": 13.09,
            "equity": 363767,
            "current_ratio": 781.85,
            "debt_ratio": 8.95,
            "inventory_turnover_ratio": 8.97,
            "account_receivable_turnover_ratio": 1.72,
            "reinvestment_rate": 23.94,
            "research_to_sale_ratio": null,
            "price_fair": 161.28,
            "eps_avg_yearly": 4.61,
            "eps_latest_yearly": 4.76,
            "eps_growth_yearly": 70.93
        },
        "20151": {
            "year_quarter": 20151,
            "year": 2015,
            "quarter": 1,
            "eps": 0.12,
            "eps_growth_year": -88.68,
            "eps_4q": -0.37,
            "eps_4q_growth_year": null,
            "roe": 0.92,
            "roe_4q": -3.4799999999999995,
            "gross_profit": 18845,
            "gross_margin": 29.11,
            "gross_margin_4q_avg": 27.86,
            "net_income": 3357,
            "revenue": 64734,
            "common_shares": 267000,
            "book_valuer_per_share": 13.34,
            "book_valuer_per_share_4q_avg": 12.94,
            "equity": 366920,
            "current_ratio": 926.09,
            "debt_ratio": 7.65,
            "inventory_turnover_ratio": 6.75,
            "account_receivable_turnover_ratio": 1.56,
            "reinvestment_rate": 24.76,
            "research_to_sale_ratio": null,
            "price_fair": 163.33,
            "eps_avg_yearly": 4.67,
            "eps_latest_yearly": 4.76,
            "eps_growth_yearly": 53.51
        },
        "20152": {
            "year_quarter": 20152,
            "year": 2015,
            "quarter": 2,
            "eps": -0.01,
            "eps_growth_year": null,
            "eps_4q": -0.1,
            "eps_4q_growth_year": null,
            "roe": -0.03,
            "roe_4q": -1.17,
            "gross_profit": 18580,
            "gross_margin": 29.88,
            "gross_margin_4q_avg": 29.71,
            "net_income": -113,
            "revenue": 62189,
            "common_shares": 267000,
            "book_valuer_per_share": 11.31,
            "book_valuer_per_share_4q_avg": 12.61,
            "equity": 312768,
            "current_ratio": 340.06,
            "debt_ratio": 20.92,
            "inventory_turnover_ratio": 6.62,
            "account_receivable_turnover_ratio": 1.71,
            "reinvestment_rate": 24.74,
            "research_to_sale_ratio": null,
            "price_fair": 163.28,
            "eps_avg_yearly": 4.67,
            "eps_latest_yearly": 4.76,
            "eps_growth_yearly": 52.84
        },
        "20153": {
            "year_quarter": 20153,
            "year": 2015,
            "quarter": 3,
            "eps": -0.29,
            "eps_growth_year": null,
            "eps_4q": -0.3,
            "eps_4q_growth_year": null,
            "roe": -2.62,
            "roe_4q": -2.59,
            "gross_profit": 18461,
            "gross_margin": 31.62,
            "gross_margin_4q_avg": 31.31,
            "net_income": -8109,
            "revenue": 58390,
            "common_shares": 267000,
            "book_valuer_per_share": 11.07,
            "book_valuer_per_share_4q_avg": 12.24,
            "equity": 306533,
            "current_ratio": 799.26,
            "debt_ratio": 8.94,
            "inventory_turnover_ratio": 6.74,
            "account_receivable_turnover_ratio": 1.91,
            "reinvestment_rate": 29.1,
            "research_to_sale_ratio": null,
            "price_fair": 165.8,
            "eps_avg_yearly": 4.74,
            "eps_latest_yearly": 4.76,
            "eps_growth_yearly": 66.74
        },
        "20154": {
            "year_quarter": 20154,
            "year": 2015,
            "quarter": 4,
            "eps": 0.05,
            "eps_growth_year": null,
            "eps_4q": -0.13,
            "eps_4q_growth_year": -122.88,
            "roe": 0.32,
            "roe_4q": -1.4100000000000001,
            "gross_profit": 17172,
            "gross_margin": 28.81,
            "gross_margin_4q_avg": 29.86,
            "net_income": 975,
            "revenue": 59613,
            "common_shares": 267000,
            "book_valuer_per_share": 11.07,
            "book_valuer_per_share_4q_avg": 11.7,
            "equity": 305600,
            "current_ratio": 817.09,
            "debt_ratio": 8.8,
            "inventory_turnover_ratio": 6.27,
            "account_receivable_turnover_ratio": 1.94,
            "reinvestment_rate": 43.6,
            "research_to_sale_ratio": null,
            "price_fair": 11.96,
            "eps_avg_yearly": 3.99,
            "eps_latest_yearly": 4.76,
            "eps_growth_yearly": -3.54
        },
        "20161": {
            "year_quarter": 20161,
            "year": 2016,
            "quarter": 1,
            "eps": 0.1,
            "eps_growth_year": -16.67,
            "eps_4q": -0.16,
            "eps_4q_growth_year": null,
            "roe": 0.78,
            "roe_4q": -1.55,
            "gross_profit": 16389,
            "gross_margin": 29.97,
            "gross_margin_4q_avg": 30.07,
            "net_income": 2385,
            "revenue": 54687,
            "common_shares": 267000,
            "book_valuer_per_share": 11.16,
            "book_valuer_per_share_4q_avg": 11.15,
            "equity": 307748,
            "current_ratio": 1017.68,
            "debt_ratio": 7.09,
            "inventory_turnover_ratio": 5.37,
            "account_receivable_turnover_ratio": 1.93,
            "reinvestment_rate": 44.98,
            "research_to_sale_ratio": null,
            "price_fair": 124.6,
            "eps_avg_yearly": 3.56,
            "eps_latest_yearly": 0.4,
            "eps_growth_yearly": 108.43
        },
        "20162": {
            "year_quarter": 20162,
            "year": 2016,
            "quarter": 2,
            "eps": -0.19,
            "eps_growth_year": null,
            "eps_4q": -0.32,
            "eps_4q_growth_year": null,
            "roe": -3.92,
            "roe_4q": -5.4399999999999995,
            "gross_profit": 11305,
            "gross_margin": 23.08,
            "gross_margin_4q_avg": 28.37,
            "net_income": -11802,
            "revenue": 48987,
            "common_shares": 267000,
            "book_valuer_per_share": 10.94,
            "book_valuer_per_share_4q_avg": 11.06,
            "equity": 294904,
            "current_ratio": 1112.25,
            "debt_ratio": 6.7,
            "inventory_turnover_ratio": 9.53,
            "account_receivable_turnover_ratio": 1.66,
            "reinvestment_rate": 29.89,
            "research_to_sale_ratio": null,
            "price_fair": 124.32,
            "eps_avg_yearly": 3.55,
            "eps_latest_yearly": 0.4,
            "eps_growth_yearly": 112.82
        },
        "20163": {
            "year_quarter": 20163,
            "year": 2016,
            "quarter": 3,
            "eps": -0.03,
            "eps_growth_year": null,
            "eps_4q": -0.06,
            "eps_4q_growth_year": null,
            "roe": -0.09,
            "roe_4q": -2.9099999999999997,
            "gross_profit": 11693,
            "gross_margin": 31.91,
            "gross_margin_4q_avg": 28.44,
            "net_income": -271,
            "revenue": 36648,
            "common_shares": 267000,
            "book_valuer_per_share": 10.86,
            "book_valuer_per_share_4q_avg": 11.01,
            "equity": 292998,
            "current_ratio": 1406.13,
            "debt_ratio": 5.69,
            "inventory_turnover_ratio": 11.89,
            "account_receivable_turnover_ratio": 1.2,
            "reinvestment_rate": -92.52,
            "research_to_sale_ratio": null,
            "price_fair": 119.35,
            "eps_avg_yearly": 3.41,
            "eps_latest_yearly": 0.4,
            "eps_growth_yearly": 126.58
        },
        "20164": {
            "year_quarter": 20164,
            "year": 2016,
            "quarter": 4,
            "eps": 0.2,
            "eps_growth_year": 270.47,
            "eps_4q": 0.08,
            "eps_4q_growth_year": null,
            "roe": 1.89,
            "roe_4q": -1.34,
            "gross_profit": 10389,
            "gross_margin": 27.15,
            "gross_margin_4q_avg": 28.03,
            "net_income": 5578,
            "revenue": 38259,
            "common_shares": 267000,
            "book_valuer_per_share": 11.04,
            "book_valuer_per_share_4q_avg": 11,
            "equity": 297512,
            "current_ratio": 1443.54,
            "debt_ratio": 5.45,
            "inventory_turnover_ratio": 11.17,
            "account_receivable_turnover_ratio": 1.54,
            "reinvestment_rate": null,
            "research_to_sale_ratio": null,
            "price_fair": 101.27,
            "eps_avg_yearly": 2.89,
            "eps_latest_yearly": 0.4,
            "eps_growth_yearly": 141.59
        },
        "20171": {
            "year_quarter": 20171,
            "year": 2017,
            "quarter": 1,
            "eps": -0.03,
            "eps_growth_year": -130,
            "eps_4q": -0.05,
            "eps_4q_growth_year": null,
            "roe": -0.3,
            "roe_4q": -2.42,
            "gross_profit": 4793,
            "gross_margin": 19.89,
            "gross_margin_4q_avg": 25.51,
            "net_income": -889,
            "revenue": 24103,
            "common_shares": 267000,
            "book_valuer_per_share": 10.94,
            "book_valuer_per_share_4q_avg": 10.95,
            "equity": 294985,
            "current_ratio": 1932.71,
            "debt_ratio": 4.03,
            "inventory_turnover_ratio": 14.85,
            "account_receivable_turnover_ratio": 1.35,
            "reinvestment_rate": null,
            "research_to_sale_ratio": null,
            "price_fair": 90.3,
            "eps_avg_yearly": 2.58,
            "eps_latest_yearly": 0.4,
            "eps_growth_yearly": 270.45
        },
        "20172": {
            "year_quarter": 20172,
            "year": 2017,
            "quarter": 2,
            "eps": -0.06,
            "eps_growth_year": null,
            "eps_4q": 0.08,
            "eps_4q_growth_year": null,
            "roe": -0.56,
            "roe_4q": 0.9399999999999998,
            "gross_profit": 2137,
            "gross_margin": 9.89,
            "gross_margin_4q_avg": 22.21,
            "net_income": -1634,
            "revenue": 21607,
            "common_shares": 267000,
            "book_valuer_per_share": 10.91,
            "book_valuer_per_share_4q_avg": 10.94,
            "equity": 293854,
            "current_ratio": 1895.33,
            "debt_ratio": 4.12,
            "inventory_turnover_ratio": 94.29,
            "account_receivable_turnover_ratio": 1.47,
            "reinvestment_rate": null,
            "research_to_sale_ratio": null,
            "price_fair": 14,
            "eps_avg_yearly": 0.4,
            "eps_latest_yearly": 0.4,
            "eps_growth_yearly": 400
        },
        "20173": {
            "year_quarter": 20173,
            "year": 2017,
            "quarter": 3,
            "eps": -0.24,
            "eps_growth_year": null,
            "eps_4q": -0.13,
            "eps_4q_growth_year": null,
            "roe": -2.19,
            "roe_4q": -1.16,
            "gross_profit": 2656,
            "gross_margin": 13.29,
            "gross_margin_4q_avg": 17.56,
            "net_income": -6344,
            "revenue": 19987,
            "common_shares": 267000,
            "book_valuer_per_share": 10.68,
            "book_valuer_per_share_4q_avg": 10.89,
            "equity": 285252,
            "current_ratio": 1011.18,
            "debt_ratio": 35.23,
            "inventory_turnover_ratio": 753.52,
            "account_receivable_turnover_ratio": 1.35,
            "reinvestment_rate": null,
            "research_to_sale_ratio": null,
            "price_fair": 14,
            "eps_avg_yearly": 0.4,
            "eps_latest_yearly": 0.4,
            "eps_growth_yearly": 400
        },
        "20174": {
            "year_quarter": 20174,
            "year": 2017,
            "quarter": 4,
            "eps": -0.05,
            "eps_growth_year": -126.57,
            "eps_4q": -0.39,
            "eps_4q_growth_year": -561.71,
            "roe": -0.51,
            "roe_4q": -3.56,
            "gross_profit": 4176,
            "gross_margin": 20.81,
            "gross_margin_4q_avg": 15.97,
            "net_income": -1443,
            "revenue": 20072,
            "common_shares": 267000,
            "book_valuer_per_share": 10.63,
            "book_valuer_per_share_4q_avg": 10.79,
            "equity": 283945,
            "current_ratio": 874.71,
            "debt_ratio": 35.79,
            "inventory_turnover_ratio": null,
            "account_receivable_turnover_ratio": 1.78,
            "reinvestment_rate": -380.85,
            "research_to_sale_ratio": null,
            "price_fair": 14,
            "eps_avg_yearly": 0.4,
            "eps_latest_yearly": 0.4,
            "eps_growth_yearly": 400
        },
        "20181": {
            "year_quarter": 20181,
            "year": 2018,
            "quarter": 1,
            "eps": -0.05,
            "eps_growth_year": null,
            "eps_4q": -0.4,
            "eps_4q_growth_year": null,
            "roe": -0.45,
            "roe_4q": -3.71,
            "gross_profit": 3457,
            "gross_margin": 18.69,
            "gross_margin_4q_avg": 15.67,
            "net_income": -1268,
            "revenue": 18496,
            "common_shares": 267000,
            "book_valuer_per_share": 10.61,
            "book_valuer_per_share_4q_avg": 10.71,
            "equity": 283306,
            "current_ratio": 887.96,
            "debt_ratio": 35.61,
            "inventory_turnover_ratio": 13.45,
            "account_receivable_turnover_ratio": 1.93,
            "reinvestment_rate": null,
            "research_to_sale_ratio": null,
            "price_fair": 14,
            "eps_avg_yearly": 0.4,
            "eps_latest_yearly": 0.4,
            "eps_growth_yearly": 400
        },
        "20182": {
            "year_quarter": 20182,
            "year": 2018,
            "quarter": 2,
            "eps": -0.12,
            "eps_growth_year": null,
            "eps_4q": -0.46,
            "eps_4q_growth_year": -677.16,
            "roe": -1.15,
            "roe_4q": -4.3,
            "gross_profit": 2761,
            "gross_margin": 21.65,
            "gross_margin_4q_avg": 18.61,
            "net_income": -3250,
            "revenue": 12750,
            "common_shares": 267000,
            "book_valuer_per_share": 10.47,
            "book_valuer_per_share_4q_avg": 10.6,
            "equity": 279621,
            "current_ratio": 1187.96,
            "debt_ratio": 34.6,
            "inventory_turnover_ratio": 4.74,
            "account_receivable_turnover_ratio": 1.47,
            "reinvestment_rate": null,
            "research_to_sale_ratio": null,
            "price_fair": 14,
            "eps_avg_yearly": 0.4,
            "eps_latest_yearly": 0.4,
            "eps_growth_yearly": 400
        },
        "20183": {
            "year_quarter": 20183,
            "year": 2018,
            "quarter": 3,
            "eps": -0.23,
            "eps_growth_year": null,
            "eps_4q": -0.45,
            "eps_4q_growth_year": null,
            "roe": -2.18,
            "roe_4q": -4.29,
            "gross_profit": 2611,
            "gross_margin": 22.04,
            "gross_margin_4q_avg": 20.8,
            "net_income": -6013,
            "revenue": 11845,
            "common_shares": 267000,
            "book_valuer_per_share": 10.2,
            "book_valuer_per_share_4q_avg": 10.48,
            "equity": 272462,
            "current_ratio": 1087.5,
            "debt_ratio": 35.13,
            "inventory_turnover_ratio": 3.53,
            "account_receivable_turnover_ratio": 1.81,
            "reinvestment_rate": null,
            "research_to_sale_ratio": null,
            "price_fair": 14,
            "eps_avg_yearly": 0.4,
            "eps_latest_yearly": 0.4,
            "eps_growth_yearly": 400
        },
        "20184": {
            "year_quarter": 20184,
            "year": 2018,
            "quarter": 4,
            "eps": -0.48,
            "eps_growth_year": null,
            "eps_4q": -0.88,
            "eps_4q_growth_year": null,
            "roe": -4.86,
            "roe_4q": -8.64,
            "gross_profit": -443,
            "gross_margin": -4.17,
            "gross_margin_4q_avg": 14.55,
            "net_income": -12923,
            "revenue": 10625,
            "common_shares": 267000,
            "book_valuer_per_share": 9.73,
            "book_valuer_per_share_4q_avg": 10.25,
            "equity": 259696,
            "current_ratio": 622.42,
            "debt_ratio": 37.01,
            "inventory_turnover_ratio": 4.03,
            "account_receivable_turnover_ratio": 1.88,
            "reinvestment_rate": null,
            "research_to_sale_ratio": null,
            "price_fair": 14,
            "eps_avg_yearly": 0.4,
            "eps_latest_yearly": 0.4,
            "eps_growth_yearly": 400
        },
        "20191": {
            "year_quarter": 20191,
            "year": 2019,
            "quarter": 1,
            "eps": -0.17,
            "eps_growth_year": null,
            "eps_4q": -1,
            "eps_4q_growth_year": null,
            "roe": -1.77,
            "roe_4q": -9.96,
            "gross_profit": 3968,
            "gross_margin": 22.09,
            "gross_margin_4q_avg": 15.4,
            "net_income": -4564,
            "revenue": 17965,
            "common_shares": 267000,
            "book_valuer_per_share": 9.58,
            "book_valuer_per_share_4q_avg": 10,
            "equity": 255808,
            "current_ratio": 491.35,
            "debt_ratio": 37.92,
            "inventory_turnover_ratio": 1.5,
            "account_receivable_turnover_ratio": 3.14,
            "reinvestment_rate": null,
            "research_to_sale_ratio": null,
            "price_fair": 14,
            "eps_avg_yearly": 0.4,
            "eps_latest_yearly": 0.4,
            "eps_growth_yearly": 400
        },
        "20192": {
            "year_quarter": 20192,
            "year": 2019,
            "quarter": 2,
            "eps": -0.12,
            "eps_growth_year": null,
            "eps_4q": -1,
            "eps_4q_growth_year": null,
            "roe": -1.29,
            "roe_4q": -10.1,
            "gross_profit": 4535,
            "gross_margin": 48.92,
            "gross_margin_4q_avg": 22.22,
            "net_income": -3266,
            "revenue": 9271,
            "common_shares": 267000,
            "book_valuer_per_share": 9.45,
            "book_valuer_per_share_4q_avg": 9.74,
            "equity": 252201,
            "current_ratio": 261.59,
            "debt_ratio": 42.11,
            "inventory_turnover_ratio": 0.29,
            "account_receivable_turnover_ratio": 1.03,
            "reinvestment_rate": null,
            "research_to_sale_ratio": null,
            "price_fair": 14,
            "eps_avg_yearly": 0.4,
            "eps_latest_yearly": 0.4,
            "eps_growth_yearly": 400
        },
        "20193": {
            "year_quarter": 20193,
            "year": 2019,
            "quarter": 3,
            "eps": -0.18,
            "eps_growth_year": null,
            "eps_4q": -0.94,
            "eps_4q_growth_year": null,
            "roe": -1.91,
            "roe_4q": -9.830000000000002,
            "gross_profit": 3601,
            "gross_margin": 31.68,
            "gross_margin_4q_avg": 24.63,
            "net_income": -4854,
            "revenue": 11366,
            "common_shares": 273000,
            "book_valuer_per_share": 9.42,
            "book_valuer_per_share_4q_avg": 9.55,
            "equity": 257090,
            "current_ratio": 369.74,
            "debt_ratio": 44.59,
            "inventory_turnover_ratio": 0.55,
            "account_receivable_turnover_ratio": 0.85,
            "reinvestment_rate": null,
            "research_to_sale_ratio": null,
            "price_fair": 14,
            "eps_avg_yearly": 0.4,
            "eps_latest_yearly": 0.4,
            "eps_growth_yearly": 400
        },
        "20194": {
            "year_quarter": 20194,
            "year": 2019,
            "quarter": 4,
            "eps": -0.07,
            "eps_growth_year": null,
            "eps_4q": -0.54,
            "eps_4q_growth_year": null,
            "roe": 0.58,
            "roe_4q": -4.390000000000001,
            "gross_profit": 16796,
            "gross_margin": 67.54,
            "gross_margin_4q_avg": 42.56,
            "net_income": 1697,
            "revenue": 24870,
            "common_shares": 273000,
            "book_valuer_per_share": 9.34,
            "book_valuer_per_share_4q_avg": 9.45,
            "equity": 328551,
            "current_ratio": 244.38,
            "debt_ratio": 41.56,
            "inventory_turnover_ratio": 0.75,
            "account_receivable_turnover_ratio": 1.43,
            "reinvestment_rate": null,
            "research_to_sale_ratio": null,
            "price_fair": 14,
            "eps_avg_yearly": 0.4,
            "eps_latest_yearly": 0.4,
            "eps_growth_yearly": 400
        },
        "20201": {
            "year_quarter": 20201,
            "year": 2020,
            "quarter": 1,
            "eps": -0.09,
            "eps_growth_year": null,
            "eps_4q": -0.44,
            "eps_4q_growth_year": null,
            "roe": -0.22,
            "roe_4q": -2.84,
            "gross_profit": 19195,
            "gross_margin": 75.1,
            "gross_margin_4q_avg": 55.81,
            "net_income": -811,
            "revenue": 25558,
            "common_shares": 291000,
            "book_valuer_per_share": 10.17,
            "book_valuer_per_share_4q_avg": 9.6,
            "equity": 415574,
            "current_ratio": 95.4,
            "debt_ratio": 45.16,
            "inventory_turnover_ratio": 0.67,
            "account_receivable_turnover_ratio": 1.65,
            "reinvestment_rate": null,
            "research_to_sale_ratio": null,
            "price_fair": 0,
            "eps_avg_yearly": 0,
            "eps_latest_yearly": 0,
            "eps_growth_yearly": 0
        },
        "20202": {
            "year_quarter": 20202,
            "year": 2020,
            "quarter": 2,
            "eps": -0.25,
            "eps_growth_year": null,
            "eps_4q": -0.57,
            "eps_4q_growth_year": null,
            "roe": -1.13,
            "roe_4q": -2.6799999999999997,
            "gross_profit": 26014,
            "gross_margin": 63.41,
            "gross_margin_4q_avg": 59.43,
            "net_income": -4684,
            "revenue": 41023,
            "common_shares": 291000,
            "book_valuer_per_share": 9.93,
            "book_valuer_per_share_4q_avg": 9.72,
            "equity": 410554,
            "current_ratio": 39.35,
            "debt_ratio": 57.51,
            "inventory_turnover_ratio": 1.92,
            "account_receivable_turnover_ratio": 3.64,
            "reinvestment_rate": null,
            "research_to_sale_ratio": null,
            "price_fair": 0,
            "eps_avg_yearly": 0,
            "eps_latest_yearly": 0,
            "eps_growth_yearly": 0
        },
        "20203": {
            "year_quarter": 20203,
            "year": 2020,
            "quarter": 3,
            "eps": -0.26,
            "eps_growth_year": null,
            "eps_4q": -0.66,
            "eps_4q_growth_year": null,
            "roe": -0.84,
            "roe_4q": -1.6099999999999999,
            "gross_profit": 28745,
            "gross_margin": 84.05,
            "gross_margin_4q_avg": 72.53,
            "net_income": -3476,
            "revenue": 34199,
            "common_shares": 295000,
            "book_valuer_per_share": 9.73,
            "book_valuer_per_share_4q_avg": 9.79,
            "equity": 412947,
            "current_ratio": 78.43,
            "debt_ratio": 61.64,
            "inventory_turnover_ratio": 0.06,
            "account_receivable_turnover_ratio": 3.2,
            "reinvestment_rate": null,
            "research_to_sale_ratio": null,
            "price_fair": 0,
            "eps_avg_yearly": 0,
            "eps_latest_yearly": 0,
            "eps_growth_yearly": 0
        },
        "20204": {
            "year_quarter": 20204,
            "year": 2020,
            "quarter": 4,
            "eps": -0.32,
            "eps_growth_year": null,
            "eps_4q": -0.91,
            "eps_4q_growth_year": null,
            "roe": -1.96,
            "roe_4q": -4.1499999999999995,
            "gross_profit": 24757,
            "gross_margin": 66.75,
            "gross_margin_4q_avg": 72.33,
            "net_income": -8268,
            "revenue": 37090,
            "common_shares": 295000,
            "book_valuer_per_share": 9.57,
            "book_valuer_per_share_4q_avg": 9.85,
            "equity": 432578,
            "current_ratio": 30.72,
            "debt_ratio": 64.59,
            "inventory_turnover_ratio": 0.13,
            "account_receivable_turnover_ratio": 3.63,
            "reinvestment_rate": null,
            "research_to_sale_ratio": null,
            "price_fair": 0,
            "eps_avg_yearly": 0,
            "eps_latest_yearly": 0,
            "eps_growth_yearly": 0
        },
        "20211": {
            "year_quarter": 20211,
            "year": 2021,
            "quarter": 1,
            "eps": -0.13,
            "eps_growth_year": null,
            "eps_4q": -0.96,
            "eps_4q_growth_year": null,
            "roe": -1.34,
            "roe_4q": -5.27,
            "gross_profit": 15653,
            "gross_margin": 71,
            "gross_margin_4q_avg": 71.3,
            "net_income": -5905,
            "revenue": 22046,
            "common_shares": 295000,
            "book_valuer_per_share": 9.48,
            "book_valuer_per_share_4q_avg": 9.68,
            "equity": 449029,
            "current_ratio": 19.83,
            "debt_ratio": 66.93,
            "inventory_turnover_ratio": 1.37,
            "account_receivable_turnover_ratio": 2.51,
            "reinvestment_rate": null,
            "research_to_sale_ratio": null,
            "price_fair": 0,
            "eps_avg_yearly": 0,
            "eps_latest_yearly": 0,
            "eps_growth_yearly": 0
        },
        "20212": {
            "year_quarter": 20212,
            "year": 2021,
            "quarter": 2,
            "eps": 0.44,
            "eps_growth_year": null,
            "eps_4q": -0.27,
            "eps_4q_growth_year": null,
            "roe": 4.25,
            "roe_4q": 0.11000000000000021,
            "gross_profit": 15861,
            "gross_margin": 45.16,
            "gross_margin_4q_avg": 66.74,
            "net_income": 15701,
            "revenue": 35120,
            "common_shares": 295000,
            "book_valuer_per_share": 9.84,
            "book_valuer_per_share_4q_avg": 9.66,
            "equity": 290226,
            "current_ratio": 106.47,
            "debt_ratio": 48.07,
            "inventory_turnover_ratio": 2.71,
            "account_receivable_turnover_ratio": 2.88,
            "reinvestment_rate": null,
            "research_to_sale_ratio": null,
            "price_fair": 0,
            "eps_avg_yearly": 0,
            "eps_latest_yearly": 0,
            "eps_growth_yearly": 0
        },
        "20213": {
            "year_quarter": 20213,
            "year": 2021,
            "quarter": 3,
            "eps": 0.36,
            "eps_growth_year": null,
            "eps_4q": 0.35,
            "eps_4q_growth_year": null,
            "roe": 3.58,
            "roe_4q": 4.53,
            "gross_profit": 9406,
            "gross_margin": 40.01,
            "gross_margin_4q_avg": 55.73,
            "net_income": 10582,
            "revenue": 23511,
            "common_shares": 295000,
            "book_valuer_per_share": 10.2,
            "book_valuer_per_share_4q_avg": 9.77,
            "equity": 300925,
            "current_ratio": 91.25,
            "debt_ratio": 44.65,
            "inventory_turnover_ratio": 1.88,
            "account_receivable_turnover_ratio": 1.76,
            "reinvestment_rate": null,
            "research_to_sale_ratio": null,
            "price_fair": 4.32,
            "eps_avg_yearly": 1.44,
            "eps_latest_yearly": 1.44,
            "eps_growth_yearly": -72.73
        },
        "20214": {
            "year_quarter": 20214,
            "year": 2021,
            "quarter": 4,
            "eps": 0.34,
            "eps_growth_year": null,
            "eps_4q": 0.87,
            "eps_4q_growth_year": null,
            "roe": 3.31,
            "roe_4q": 9.8,
            "gross_profit": 12772,
            "gross_margin": 55.2,
            "gross_margin_4q_avg": 52.84,
            "net_income": 12820,
            "revenue": 23138,
            "common_shares": 375000,
            "book_valuer_per_share": 12.6,
            "book_valuer_per_share_4q_avg": 10.53,
            "equity": 472662,
            "current_ratio": 139.1,
            "debt_ratio": 14.16,
            "inventory_turnover_ratio": 2.6,
            "account_receivable_turnover_ratio": 1.9,
            "reinvestment_rate": null,
            "research_to_sale_ratio": null,
            "price_fair": 4.2,
            "eps_avg_yearly": 1.4,
            "eps_latest_yearly": 1.36,
            "eps_growth_yearly": -47.47
        },
        "20221": {
            "year_quarter": 20221,
            "year": 2022,
            "quarter": 1,
            "eps": -0.33,
            "eps_growth_year": null,
            "eps_4q": 0.64,
            "eps_4q_growth_year": null,
            "roe": -2.69,
            "roe_4q": 8.45,
            "gross_profit": 9916,
            "gross_margin": 57.63,
            "gross_margin_4q_avg": 49.5,
            "net_income": -12531,
            "revenue": 17206,
            "common_shares": 375000,
            "book_valuer_per_share": 12.28,
            "book_valuer_per_share_4q_avg": 11.23,
            "equity": 460461,
            "current_ratio": 130.2,
            "debt_ratio": 14.25,
            "inventory_turnover_ratio": 3.23,
            "account_receivable_turnover_ratio": 1.35,
            "reinvestment_rate": null,
            "research_to_sale_ratio": null,
            "price_fair": 4.2,
            "eps_avg_yearly": 1.4,
            "eps_latest_yearly": 1.36,
            "eps_growth_yearly": -47.47
        },
        "20222": {
            "year_quarter": 20222,
            "year": 2022,
            "quarter": 2,
            "eps": null,
            "eps_growth_year": null,
            "eps_4q": null,
            "eps_4q_growth_year": null,
            "roe": null,
            "roe_4q": 4.2,
            "gross_profit": null,
            "gross_margin": null,
            "gross_margin_4q_avg": 38.21,
            "net_income": null,
            "revenue": null,
            "common_shares": null,
            "book_valuer_per_share": 16.78,
            "book_valuer_per_share_4q_avg": 12.97,
            "equity": null,
            "current_ratio": null,
            "debt_ratio": null,
            "inventory_turnover_ratio": null,
            "account_receivable_turnover_ratio": null,
            "reinvestment_rate": null,
            "research_to_sale_ratio": null,
            "price_fair": 4.2,
            "eps_avg_yearly": 1.4,
            "eps_latest_yearly": 1.36,
            "eps_growth_yearly": -47.47
        },
        "20223": {
            "year_quarter": 20223,
            "year": 2022,
            "quarter": 3,
            "eps": 0.59,
            "eps_growth_year": 63.89,
            "eps_4q": null,
            "eps_4q_growth_year": null,
            "roe": 0.34,
            "roe_4q": 0.96,
            "gross_profit": 12882,
            "gross_margin": 46.49,
            "gross_margin_4q_avg": 39.83,
            "net_income": 2547,
            "revenue": 27711,
            "common_shares": 443000,
            "book_valuer_per_share": 16.84,
            "book_valuer_per_share_4q_avg": 14.63,
            "equity": 745992,
            "current_ratio": 475.84,
            "debt_ratio": 18.16,
            "inventory_turnover_ratio": 2.86,
            "account_receivable_turnover_ratio": 3.3,
            "reinvestment_rate": null,
            "research_to_sale_ratio": null,
            "price_fair": 4.2,
            "eps_avg_yearly": 1.4,
            "eps_latest_yearly": 1.36,
            "eps_growth_yearly": -47.47
        },
        "20224": {
            "year_quarter": 20224,
            "year": 2022,
            "quarter": 4,
            "eps": 0.55,
            "eps_growth_year": 60.23,
            "eps_4q": null,
            "eps_4q_growth_year": null,
            "roe": 3.2,
            "roe_4q": 0.8500000000000001,
            "gross_profit": 9448,
            "gross_margin": 50.58,
            "gross_margin_4q_avg": 38.68,
            "net_income": 24266,
            "revenue": 18680,
            "common_shares": 443000,
            "book_valuer_per_share": 17.4,
            "book_valuer_per_share_4q_avg": 15.83,
            "equity": 770757,
            "current_ratio": 659.77,
            "debt_ratio": 17.91,
            "inventory_turnover_ratio": 2.08,
            "account_receivable_turnover_ratio": 1.18,
            "reinvestment_rate": null,
            "research_to_sale_ratio": null,
            "price_fair": 5,
            "eps_avg_yearly": 1.67,
            "eps_latest_yearly": 2.2,
            "eps_growth_yearly": -40.69
        },
        "20231": {
            "year_quarter": 20231,
            "year": 2023,
            "quarter": 1,
            "eps": -0.21,
            "eps_growth_year": null,
            "eps_4q": null,
            "eps_4q_growth_year": null,
            "roe": -0.94,
            "roe_4q": 2.6,
            "gross_profit": 15316,
            "gross_margin": 28.75,
            "gross_margin_4q_avg": 31.46,
            "net_income": -7706,
            "revenue": 53279,
            "common_shares": 443000,
            "book_valuer_per_share": 17.22,
            "book_valuer_per_share_4q_avg": 17.06,
            "equity": 871616,
            "current_ratio": 404.52,
            "debt_ratio": 19.5,
            "inventory_turnover_ratio": 3.09,
            "account_receivable_turnover_ratio": 2.96,
            "reinvestment_rate": null,
            "research_to_sale_ratio": null,
            "price_fair": 5,
            "eps_avg_yearly": 1.67,
            "eps_latest_yearly": 2.2,
            "eps_growth_yearly": -40.69
        }
    },
    "months": {
        "2002-03": {
            "month": "2002-03",
            "price": "35.58",
            "revenue": 41883
        },
        "2002-04": {
            "month": "2002-04",
            "price": "44.35",
            "revenue": 47712
        },
        "2002-05": {
            "month": "2002-05",
            "price": "29.94",
            "revenue": 50790
        },
        "2002-06": {
            "month": "2002-06",
            "price": "27.55",
            "revenue": 47960
        },
        "2002-07": {
            "month": "2002-07",
            "price": "23.90",
            "revenue": 45720
        },
        "2002-08": {
            "month": "2002-08",
            "price": "21.36",
            "revenue": 11514
        },
        "2002-09": {
            "month": "2002-09",
            "price": "18.14",
            "revenue": 20137
        },
        "2002-10": {
            "month": "2002-10",
            "price": "15.01",
            "revenue": 8820
        },
        "2002-11": {
            "month": "2002-11",
            "price": "15.23",
            "revenue": 7416
        },
        "2002-12": {
            "month": "2002-12",
            "price": "24.25",
            "revenue": 6598
        },
        "2003-01": {
            "month": "2003-01",
            "price": "31.22",
            "revenue": 20657
        },
        "2003-02": {
            "month": "2003-02",
            "price": "28.61",
            "revenue": 16193
        },
        "2003-03": {
            "month": "2003-03",
            "price": "21.99",
            "revenue": 19591
        },
        "2003-04": {
            "month": "2003-04",
            "price": "17.73",
            "revenue": 23178
        },
        "2003-05": {
            "month": "2003-05",
            "price": "15.77",
            "revenue": 23360
        },
        "2003-06": {
            "month": "2003-06",
            "price": "18.04",
            "revenue": 14172
        },
        "2003-07": {
            "month": "2003-07",
            "price": "15.37",
            "revenue": 15077
        },
        "2003-08": {
            "month": "2003-08",
            "price": "15.28",
            "revenue": 18461
        },
        "2003-09": {
            "month": "2003-09",
            "price": "15.58",
            "revenue": 24218
        },
        "2003-10": {
            "month": "2003-10",
            "price": "14.86",
            "revenue": 27838
        },
        "2003-11": {
            "month": "2003-11",
            "price": "14.54",
            "revenue": 40415
        },
        "2003-12": {
            "month": "2003-12",
            "price": "17.11",
            "revenue": 38574
        },
        "2004-01": {
            "month": "2004-01",
            "price": "19.08",
            "revenue": 23019
        },
        "2004-02": {
            "month": "2004-02",
            "price": "18.30",
            "revenue": 41634
        },
        "2004-03": {
            "month": "2004-03",
            "price": "24.02",
            "revenue": 49356
        },
        "2004-04": {
            "month": "2004-04",
            "price": "29.32",
            "revenue": 50067
        },
        "2004-05": {
            "month": "2004-05",
            "price": "23.06",
            "revenue": 43057
        },
        "2004-06": {
            "month": "2004-06",
            "price": "22.74",
            "revenue": 55641
        },
        "2004-07": {
            "month": "2004-07",
            "price": "14.44",
            "revenue": 70080
        },
        "2004-08": {
            "month": "2004-08",
            "price": "12.33",
            "revenue": 64965
        },
        "2004-09": {
            "month": "2004-09",
            "price": "12.24",
            "revenue": 55036
        },
        "2004-10": {
            "month": "2004-10",
            "price": "10.00",
            "revenue": 39947
        },
        "2004-11": {
            "month": "2004-11",
            "price": "7.51",
            "revenue": 33785
        },
        "2004-12": {
            "month": "2004-12",
            "price": "7.30",
            "revenue": 20070
        },
        "2005-01": {
            "month": "2005-01",
            "price": "5.46",
            "revenue": 10063
        },
        "2005-02": {
            "month": "2005-02",
            "price": "4.70",
            "revenue": 7905
        },
        "2005-03": {
            "month": "2005-03",
            "price": "5.19",
            "revenue": 12609
        },
        "2005-04": {
            "month": "2005-04",
            "price": "4.00",
            "revenue": 13817
        },
        "2005-05": {
            "month": "2005-05",
            "price": "2.50",
            "revenue": 17444
        },
        "2005-06": {
            "month": "2005-06",
            "price": "2.64",
            "revenue": 23720
        },
        "2005-07": {
            "month": "2005-07",
            "price": "3.07",
            "revenue": 33247
        },
        "2005-08": {
            "month": "2005-08",
            "price": "2.17",
            "revenue": 24869
        },
        "2005-09": {
            "month": "2005-09",
            "price": "1.99",
            "revenue": 9167
        },
        "2005-10": {
            "month": "2005-10",
            "price": "1.48",
            "revenue": 12112
        },
        "2005-11": {
            "month": "2005-11",
            "price": "1.20",
            "revenue": 12926
        },
        "2005-12": {
            "month": "2005-12",
            "price": "1.19",
            "revenue": 11673
        },
        "2006-01": {
            "month": "2006-01",
            "price": "3.79",
            "revenue": 11047
        },
        "2006-02": {
            "month": "2006-02",
            "price": "6.11",
            "revenue": 7229
        },
        "2006-03": {
            "month": "2006-03",
            "price": "5.48",
            "revenue": 10162
        },
        "2006-04": {
            "month": "2006-04",
            "price": "4.52",
            "revenue": 10429
        },
        "2006-05": {
            "month": "2006-05",
            "price": "3.60",
            "revenue": 5571
        },
        "2006-06": {
            "month": "2006-06",
            "price": "2.39",
            "revenue": 5856
        },
        "2006-07": {
            "month": "2006-07",
            "price": "1.73",
            "revenue": 6910
        },
        "2006-08": {
            "month": "2006-08",
            "price": "1.35",
            "revenue": 4517
        },
        "2006-09": {
            "month": "2006-09",
            "price": "1.33",
            "revenue": 6211
        },
        "2006-10": {
            "month": "2006-10",
            "price": "2.00",
            "revenue": 9741
        },
        "2006-11": {
            "month": "2006-11",
            "price": "3.96",
            "revenue": 12030
        },
        "2006-12": {
            "month": "2006-12",
            "price": "18.48",
            "revenue": 19621
        },
        "2007-01": {
            "month": "2007-01",
            "price": "28.84",
            "revenue": 22806
        },
        "2007-02": {
            "month": "2007-02",
            "price": "43.80",
            "revenue": 8474
        },
        "2007-03": {
            "month": "2007-03",
            "price": "40.15",
            "revenue": 19109
        },
        "2007-04": {
            "month": "2007-04",
            "price": "39.87",
            "revenue": 17885
        },
        "2007-05": {
            "month": "2007-05",
            "price": "45.10",
            "revenue": 17784
        },
        "2007-06": {
            "month": "2007-06",
            "price": "80.94",
            "revenue": 15131
        },
        "2007-07": {
            "month": "2007-07",
            "price": "131.03",
            "revenue": 13365
        },
        "2007-08": {
            "month": "2007-08",
            "price": "112.66",
            "revenue": 22937
        },
        "2007-09": {
            "month": "2007-09",
            "price": "114.14",
            "revenue": 23201
        },
        "2007-10": {
            "month": "2007-10",
            "price": "97.57",
            "revenue": 27804
        },
        "2007-11": {
            "month": "2007-11",
            "price": "59.22",
            "revenue": 25470
        },
        "2007-12": {
            "month": "2007-12",
            "price": "45.00",
            "revenue": 9574
        },
        "2008-01": {
            "month": "2008-01",
            "price": "34.61",
            "revenue": 15252
        },
        "2008-02": {
            "month": "2008-02",
            "price": "27.09",
            "revenue": 2799
        },
        "2008-03": {
            "month": "2008-03",
            "price": "42.16",
            "revenue": 15490
        },
        "2008-04": {
            "month": "2008-04",
            "price": "38.05",
            "revenue": 7169
        },
        "2008-05": {
            "month": "2008-05",
            "price": "35.81",
            "revenue": 4977
        },
        "2008-06": {
            "month": "2008-06",
            "price": "29.05",
            "revenue": 33544
        },
        "2008-07": {
            "month": "2008-07",
            "price": "23.94",
            "revenue": 20992
        },
        "2008-08": {
            "month": "2008-08",
            "price": "17.02",
            "revenue": 6363
        },
        "2008-09": {
            "month": "2008-09",
            "price": "7.16",
            "revenue": 2460
        },
        "2008-11": {
            "month": "2008-11",
            "price": "2.67",
            "revenue": 3146
        },
        "2011-12": {
            "month": "2011-12",
            "price": "40.77",
            "revenue": 43672
        },
        "2012-01": {
            "month": "2012-01",
            "price": "99.37",
            "revenue": 44567
        },
        "2012-02": {
            "month": "2012-02",
            "price": "90.45",
            "revenue": 33530
        },
        "2012-03": {
            "month": "2012-03",
            "price": "78.90",
            "revenue": 38510
        },
        "2012-04": {
            "month": "2012-04",
            "price": "75.65",
            "revenue": 41914
        },
        "2012-05": {
            "month": "2012-05",
            "price": "79.60",
            "revenue": 45471
        },
        "2012-06": {
            "month": "2012-06",
            "price": "78.39",
            "revenue": 39889
        },
        "2012-07": {
            "month": "2012-07",
            "price": "78.94",
            "revenue": 39725
        },
        "2012-08": {
            "month": "2012-08",
            "price": "71.29",
            "revenue": 39107
        },
        "2012-09": {
            "month": "2012-09",
            "price": "69.66",
            "revenue": 41638
        },
        "2012-10": {
            "month": "2012-10",
            "price": "109.92",
            "revenue": 36656
        },
        "2012-11": {
            "month": "2012-11",
            "price": "123.36",
            "revenue": 38217
        },
        "2012-12": {
            "month": "2012-12",
            "price": "108.87",
            "revenue": 36683
        },
        "2013-01": {
            "month": "2013-01",
            "price": "112.25",
            "revenue": 103966
        },
        "2013-02": {
            "month": "2013-02",
            "price": "134.15",
            "revenue": 74140
        },
        "2013-03": {
            "month": "2013-03",
            "price": "178.24",
            "revenue": 117713
        },
        "2013-04": {
            "month": "2013-04",
            "price": "188.22",
            "revenue": 118867
        },
        "2013-05": {
            "month": "2013-05",
            "price": "161.93",
            "revenue": 111150
        },
        "2013-06": {
            "month": "2013-06",
            "price": "135.00",
            "revenue": 96527
        },
        "2013-07": {
            "month": "2013-07",
            "price": "128.17",
            "revenue": 97435
        },
        "2013-08": {
            "month": "2013-08",
            "price": "101.37",
            "revenue": 86483
        },
        "2013-09": {
            "month": "2013-09",
            "price": "77.94",
            "revenue": 60347
        },
        "2013-10": {
            "month": "2013-10",
            "price": "68.84",
            "revenue": 47749
        },
        "2013-11": {
            "month": "2013-11",
            "price": "51.59",
            "revenue": 45503
        },
        "2013-12": {
            "month": "2013-12",
            "price": "49.32",
            "revenue": 36845
        },
        "2014-01": {
            "month": "2014-01",
            "price": "43.89",
            "revenue": 34379
        },
        "2014-02": {
            "month": "2014-02",
            "price": "40.24",
            "revenue": 27688
        },
        "2014-03": {
            "month": "2014-03",
            "price": "36.94",
            "revenue": 25746
        },
        "2014-04": {
            "month": "2014-04",
            "price": "36.54",
            "revenue": 21817
        },
        "2014-05": {
            "month": "2014-05",
            "price": "38.12",
            "revenue": 25797
        },
        "2014-06": {
            "month": "2014-06",
            "price": "40.57",
            "revenue": 22730
        },
        "2014-07": {
            "month": "2014-07",
            "price": "49.35",
            "revenue": 23555
        },
        "2014-08": {
            "month": "2014-08",
            "price": "41.02",
            "revenue": 24901
        },
        "2014-09": {
            "month": "2014-09",
            "price": "39.55",
            "revenue": 25028
        },
        "2014-10": {
            "month": "2014-10",
            "price": "38.69",
            "revenue": 25903
        },
        "2014-11": {
            "month": "2014-11",
            "price": "37.56",
            "revenue": 24131
        },
        "2014-12": {
            "month": "2014-12",
            "price": "37.85",
            "revenue": 24011
        },
        "2015-01": {
            "month": "2015-01",
            "price": "37.24",
            "revenue": 21180
        },
        "2015-02": {
            "month": "2015-02",
            "price": "37.70",
            "revenue": 21252
        },
        "2015-03": {
            "month": "2015-03",
            "price": "37.93",
            "revenue": 22373
        },
        "2015-04": {
            "month": "2015-04",
            "price": "38.69",
            "revenue": 22857
        },
        "2015-05": {
            "month": "2015-05",
            "price": "36.17",
            "revenue": 21185
        },
        "2015-06": {
            "month": "2015-06",
            "price": "35.62",
            "revenue": 18076
        },
        "2015-07": {
            "month": "2015-07",
            "price": "31.79",
            "revenue": 18546
        },
        "2015-08": {
            "month": "2015-08",
            "price": "24.87",
            "revenue": 18247
        },
        "2015-09": {
            "month": "2015-09",
            "price": "26.12",
            "revenue": 21619
        },
        "2015-10": {
            "month": "2015-10",
            "price": "27.08",
            "revenue": 20602
        },
        "2015-11": {
            "month": "2015-11",
            "price": "32.58",
            "revenue": 18836
        },
        "2015-12": {
            "month": "2015-12",
            "price": "29.04",
            "revenue": 20153
        },
        "2016-01": {
            "month": "2016-01",
            "price": "26.80",
            "revenue": 19274
        },
        "2016-02": {
            "month": "2016-02",
            "price": "27.88",
            "revenue": 16027
        },
        "2016-03": {
            "month": "2016-03",
            "price": "28.12",
            "revenue": 19386
        },
        "2016-04": {
            "month": "2016-04",
            "price": "26.74",
            "revenue": 19448
        },
        "2016-05": {
            "month": "2016-05",
            "price": "25.31",
            "revenue": 17989
        },
        "2016-06": {
            "month": "2016-06",
            "price": "25.00",
            "revenue": 11600
        },
        "2016-07": {
            "month": "2016-07",
            "price": "26.02",
            "revenue": 10586
        },
        "2016-08": {
            "month": "2016-08",
            "price": "24.61",
            "revenue": 11245
        },
        "2016-09": {
            "month": "2016-09",
            "price": "24.30",
            "revenue": 14817
        },
        "2016-10": {
            "month": "2016-10",
            "price": "23.36",
            "revenue": 18240
        },
        "2016-11": {
            "month": "2016-11",
            "price": "22.01",
            "revenue": 9799
        },
        "2016-12": {
            "month": "2016-12",
            "price": "24.99",
            "revenue": 10228
        },
        "2017-01": {
            "month": "2017-01",
            "price": "33.61",
            "revenue": 10078
        },
        "2017-02": {
            "month": "2017-02",
            "price": "63.11",
            "revenue": 6690
        },
        "2017-03": {
            "month": "2017-03",
            "price": "53.90",
            "revenue": 7336
        },
        "2017-04": {
            "month": "2017-04",
            "price": "44.37",
            "revenue": 7656
        },
        "2017-05": {
            "month": "2017-05",
            "price": "43.69",
            "revenue": 8344
        },
        "2017-06": {
            "month": "2017-06",
            "price": "55.56",
            "revenue": 5606
        },
        "2017-07": {
            "month": "2017-07",
            "price": "62.06",
            "revenue": 5716
        },
        "2017-08": {
            "month": "2017-08",
            "price": "54.08",
            "revenue": 5639
        },
        "2017-09": {
            "month": "2017-09",
            "price": "46.95",
            "revenue": 8632
        },
        "2017-10": {
            "month": "2017-10",
            "price": "44.58",
            "revenue": 7709
        },
        "2017-11": {
            "month": "2017-11",
            "price": "50.18",
            "revenue": 6363
        },
        "2017-12": {
            "month": "2017-12",
            "price": "54.69",
            "revenue": 6001
        },
        "2018-01": {
            "month": "2018-01",
            "price": "48.93",
            "revenue": 6195
        },
        "2018-02": {
            "month": "2018-02",
            "price": "49.07",
            "revenue": 7160
        },
        "2018-03": {
            "month": "2018-03",
            "price": "53.20",
            "revenue": 5141
        },
        "2018-04": {
            "month": "2018-04",
            "price": "53.76",
            "revenue": 5577
        },
        "2018-05": {
            "month": "2018-05",
            "price": "53.26",
            "revenue": 3586
        },
        "2018-06": {
            "month": "2018-06",
            "price": "53.55",
            "revenue": 3586
        },
        "2018-07": {
            "month": "2018-07",
            "price": "54.69",
            "revenue": 3586
        },
        "2018-08": {
            "month": "2018-08",
            "price": "49.96",
            "revenue": 3586
        },
        "2018-09": {
            "month": "2018-09",
            "price": "53.73",
            "revenue": 4673
        },
        "2018-10": {
            "month": "2018-10",
            "price": "42.02",
            "revenue": 4364
        },
        "2018-11": {
            "month": "2018-11",
            "price": "40.10",
            "revenue": 3242
        },
        "2018-12": {
            "month": "2018-12",
            "price": "35.85",
            "revenue": 3019
        },
        "2019-01": {
            "month": "2019-01",
            "price": "34.08",
            "revenue": 10168
        },
        "2019-02": {
            "month": "2019-02",
            "price": "33.76",
            "revenue": 2961
        },
        "2019-03": {
            "month": "2019-03",
            "price": "30.86",
            "revenue": 4877
        },
        "2019-04": {
            "month": "2019-04",
            "price": "27.49",
            "revenue": 1474
        },
        "2019-05": {
            "month": "2019-05",
            "price": "26.00",
            "revenue": 3675
        },
        "2019-06": {
            "month": "2019-06",
            "price": "25.93",
            "revenue": 4081
        },
        "2019-07": {
            "month": "2019-07",
            "price": "25.24",
            "revenue": 4023
        },
        "2019-08": {
            "month": "2019-08",
            "price": "24.61",
            "revenue": 3941
        },
        "2019-09": {
            "month": "2019-09",
            "price": "23.70",
            "revenue": 3402
        },
        "2019-10": {
            "month": "2019-10",
            "price": "22.41",
            "revenue": 3252
        },
        "2019-11": {
            "month": "2019-11",
            "price": "28.06",
            "revenue": 3918
        },
        "2019-12": {
            "month": "2019-12",
            "price": "29.09",
            "revenue": 17700
        },
        "2020-01": {
            "month": "2020-01",
            "price": "29.51",
            "revenue": 6578
        },
        "2020-02": {
            "month": "2020-02",
            "price": "28.81",
            "revenue": 7811
        },
        "2020-03": {
            "month": "2020-03",
            "price": "25.18",
            "revenue": 11168
        },
        "2020-04": {
            "month": "2020-04",
            "price": "26.80",
            "revenue": 11338
        },
        "2020-05": {
            "month": "2020-05",
            "price": "27.67",
            "revenue": 20132
        },
        "2020-06": {
            "month": "2020-06",
            "price": "28.11",
            "revenue": 9399
        },
        "2020-07": {
            "month": "2020-07",
            "price": "29.46",
            "revenue": 30801
        },
        "2020-08": {
            "month": "2020-08",
            "price": "28.40",
            "revenue": 13689
        },
        "2020-09": {
            "month": "2020-09",
            "price": "25.98",
            "revenue": 15685
        },
        "2020-10": {
            "month": "2020-10",
            "price": "24.55",
            "revenue": 12419
        },
        "2020-11": {
            "month": "2020-11",
            "price": "24.48",
            "revenue": 10884
        },
        "2020-12": {
            "month": "2020-12",
            "price": "23.35",
            "revenue": 13771
        },
        "2021-01": {
            "month": "2021-01",
            "price": "20.14",
            "revenue": 6863
        },
        "2021-02": {
            "month": "2021-02",
            "price": "20.11",
            "revenue": 6119
        },
        "2021-03": {
            "month": "2021-03",
            "price": "22.58",
            "revenue": 9064
        },
        "2021-04": {
            "month": "2021-04",
            "price": "22.93",
            "revenue": 9331
        },
        "2021-05": {
            "month": "2021-05",
            "price": "20.20",
            "revenue": 10734
        },
        "2021-06": {
            "month": "2021-06",
            "price": "21.84",
            "revenue": 15055
        },
        "2021-07": {
            "month": "2021-07",
            "price": "28.59",
            "revenue": 10423
        },
        "2021-08": {
            "month": "2021-08",
            "price": "26.35",
            "revenue": 7921
        },
        "2021-09": {
            "month": "2021-09",
            "price": "27.14",
            "revenue": 5167
        },
        "2021-10": {
            "month": "2021-10",
            "price": "26.81",
            "revenue": 9004
        },
        "2021-11": {
            "month": "2021-11",
            "price": "31.98",
            "revenue": 4688
        },
        "2021-12": {
            "month": "2021-12",
            "price": "36.79",
            "revenue": 9445
        },
        "2022-01": {
            "month": "2022-01",
            "price": "42.82",
            "revenue": 6278
        },
        "2022-02": {
            "month": "2022-02",
            "price": "46.72",
            "revenue": 5275
        },
        "2022-03": {
            "month": "2022-03",
            "price": "50.39",
            "revenue": 5653
        },
        "2022-04": {
            "month": "2022-04",
            "price": "47.20",
            "revenue": 3789
        },
        "2022-05": {
            "month": "2022-05",
            "price": "38.39",
            "revenue": 8504
        },
        "2022-06": {
            "month": "2022-06",
            "price": "44.20",
            "revenue": 9280
        },
        "2022-07": {
            "month": "2022-07",
            "price": "37.15",
            "revenue": 14936
        },
        "2022-08": {
            "month": "2022-08",
            "price": "36.61",
            "revenue": 7851
        },
        "2022-09": {
            "month": "2022-09",
            "price": "39.40",
            "revenue": 4924
        },
        "2022-10": {
            "month": "2022-10",
            "price": "36.40",
            "revenue": 5519
        },
        "2022-11": {
            "month": "2022-11",
            "price": "31.47",
            "revenue": 4874
        },
        "2022-12": {
            "month": "2022-12",
            "price": "30.48",
            "revenue": 8286
        },
        "2023-01": {
            "month": "2023-01",
            "price": "31.28",
            "revenue": 5504
        },
        "2023-02": {
            "month": "2023-02",
            "price": "36.21",
            "revenue": 19392
        },
        "2023-03": {
            "month": "2023-03",
            "price": "35.92",
            "revenue": 29584
        },
        "2023-04": {
            "month": "2023-04",
            "price": "34.94",
            "revenue": 24688
        }
    }
}
