{
    "summary": {
        "stock_name": "鈞泰",
        "stock_id": "6131",
        "category": "光電",
        "main_business": "攝影機、影像處理器及相關附屬設備<br>一般旅館業<br>不動產及有價證券投資業務",
        "website_url": "https://accintl.com.tw/",
        "ceo": "張璨",
        "pe_ratio": 11,
        "report_year_from": 2001,
        "report_year_to": 2021,
        "age": 22,
        "eps_negative_percentage": 48,
        "eps_growth_avg": {
            "last_all": -39.26,
            "last_2y": -100,
            "last_4y": -100,
            "last_8y": -100,
            "last_12y": -77.53,
            "last_16y": -57.44,
            "last_20y": null,
            "at_2006_last_3y": 2.18,
            "at_2007_last_3y": -17.73,
            "at_2008_last_3y": -27.31,
            "at_2009_last_3y": -37.37,
            "at_2010_last_3y": -40.8,
            "at_2011_last_3y": -54.25,
            "at_2012_last_3y": -66.3,
            "at_2013_last_3y": -74.74,
            "at_2014_last_3y": -92.11,
            "at_2015_last_3y": -100,
            "at_2016_last_3y": null,
            "at_2017_last_3y": null,
            "at_2018_last_3y": -100,
            "at_2019_last_3y": -100,
            "at_2020_last_3y": -100,
            "at_2021_last_3y": -100,
            "at_2022_last_3y": -100,
            "at_2023_last_3y": -100,
            "at_2006_last_all": 7.4,
            "at_2007_last_all": 1.1,
            "at_2008_last_all": -6.46,
            "at_2009_last_all": -10.77,
            "at_2010_last_all": -14.02,
            "at_2011_last_all": -21.04,
            "at_2012_last_all": -28.22,
            "at_2013_last_all": -28.22,
            "at_2014_last_all": -28.22,
            "at_2015_last_all": -28.22,
            "at_2016_last_all": -28.22,
            "at_2017_last_all": -28.22,
            "at_2018_last_all": -34.2,
            "at_2019_last_all": -34.2,
            "at_2020_last_all": -34.2,
            "at_2021_last_all": -39.26,
            "at_2022_last_all": -39.26,
            "at_2023_last_all": -39.26
        },
        "latest_eps": 0.47,
        "latest_price": 5.18,
        "latest_roe": 12.44,
        "latest_gross_margin": -48.58,
        "latest_equity": 165714,
        "latest_revenue": 13999,
        "latest_gross_profit": -6801,
        "latest_net_income": -12826,
        "latest_debt_ratio": 6.38,
        "latest_current_ratio": 911.62,
        "latest_account_receivable_turnover_ratio": 0.72,
        "latest_inventory_turnover_ratio": 5.64,
        "latest_reinvestment_rate": null,
        "latest_research_to_sale_ratio": null
    },
    "eps_dividends": {
        "1999": {
            "cash": 0,
            "stock": 3,
            "eps": 0
        },
        "2000": {
            "cash": 0,
            "stock": 1,
            "eps": 0
        },
        "2001": {
            "cash": 0,
            "stock": 2,
            "eps": 3.96
        },
        "2002": {
            "cash": 0,
            "stock": 3,
            "eps": 5.08
        },
        "2003": {
            "cash": 1,
            "stock": 3,
            "eps": 7.58
        },
        "2004": {
            "cash": 2,
            "stock": 3,
            "eps": 6.56
        },
        "2005": {
            "cash": 3,
            "stock": 2,
            "eps": 6.51
        },
        "2006": {
            "cash": 6,
            "stock": 3,
            "eps": 4.8
        },
        "2007": {
            "cash": 0,
            "stock": 0,
            "eps": 3.34
        },
        "2008": {
            "cash": 2,
            "stock": 0,
            "eps": 1.61
        },
        "2009": {
            "cash": 1,
            "stock": 0,
            "eps": 0.95
        },
        "2010": {
            "cash": 1,
            "stock": 0,
            "eps": 0.57
        },
        "2011": {
            "cash": 0,
            "stock": 0,
            "eps": 0.09
        },
        "2012": {
            "cash": 0,
            "stock": 0,
            "eps": -0.59
        },
        "2013": {
            "cash": 1,
            "stock": 0,
            "eps": -1.59
        },
        "2014": {
            "cash": 0,
            "stock": 0,
            "eps": -1.54
        },
        "2015": {
            "cash": 0,
            "stock": 0,
            "eps": -4.77
        },
        "2016": {
            "cash": 0,
            "stock": 0,
            "eps": -1.09
        },
        "2017": {
            "cash": 0,
            "stock": 0,
            "eps": 1.69
        },
        "2018": {
            "cash": 0,
            "stock": 0,
            "eps": -1.25
        },
        "2019": {
            "cash": 0,
            "stock": 0,
            "eps": -0.63
        },
        "2020": {
            "cash": 0,
            "stock": 0,
            "eps": 0.73
        },
        "2021": {
            "cash": 0,
            "stock": 0,
            "eps": -0.38
        }
    },
    "dividends": {
        "1999-05-20": {
            "cash": 0,
            "stock": 3
        },
        "2000-05-31": {
            "cash": 0,
            "stock": 1.4
        },
        "2001-05-09": {
            "cash": 0,
            "stock": 2.4
        },
        "2002-05-08": {
            "cash": 0,
            "stock": 3
        },
        "2003-03-07": {
            "cash": 0.5,
            "stock": 3
        },
        "2004-03-04": {
            "cash": 1.75,
            "stock": 3.24
        },
        "2005-03-08": {
            "cash": 2.5,
            "stock": 2
        },
        "2006-03-07": {
            "cash": 2.5,
            "stock": 2
        },
        "2006-06-13": {
            "cash": 2.5,
            "stock": 1
        },
        "2008-03-18": {
            "cash": 1.94,
            "stock": 0.29
        },
        "2009-03-31": {
            "cash": 1,
            "stock": 0
        },
        "2010-04-01": {
            "cash": 1.2,
            "stock": 0
        },
        "2011-01-01": {
            "cash": 0.4,
            "stock": 0
        },
        "2011-03-30": {
            "cash": 0.4,
            "stock": 0
        },
        "2013-03-27": {
            "cash": 0.6,
            "stock": 0
        },
        "2014-10-01": {
            "cash": 0.32,
            "stock": 0
        },
        "2018-12-20": {
            "cash": 0.01,
            "stock": 0.01
        }
    },
    "prices": {
        "200101": "無",
        "200102": "無",
        "200103": "無",
        "200104": "無",
        "200105": "無",
        "200106": "無",
        "200107": "無",
        "200108": "無",
        "200109": "無",
        "200110": "無",
        "200111": "無",
        "200112": "38.70",
        "200201": "65.70",
        "200202": "71.50",
        "200203": "72.10",
        "200204": "74.29",
        "200205": "69.95",
        "200206": "65.60",
        "200207": "55.80",
        "200208": "51.22",
        "200209": "53.24",
        "200210": "52.47",
        "200211": "63.69",
        "200212": "66.73",
        "200301": "60.55",
        "200302": "58.34",
        "200303": "64.50",
        "200304": "69.34",
        "200305": "80.00",
        "200306": "89.20",
        "200307": "103.61",
        "200308": "95.38",
        "200309": "86.74",
        "200310": "82.30",
        "200311": "82.52",
        "200312": "82.07",
        "200401": "82.83",
        "200402": "89.28",
        "200403": "85.41",
        "200404": "88.55",
        "200405": "83.50",
        "200406": "63.00",
        "200407": "50.33",
        "200408": "54.14",
        "200409": "56.67",
        "200410": "52.92",
        "200411": "52.90",
        "200412": "54.02",
        "200501": "53.90",
        "200502": "58.65",
        "200503": "60.42",
        "200504": "57.25",
        "200505": "54.54",
        "200506": "57.23",
        "200507": "57.60",
        "200508": "51.20",
        "200509": "49.89",
        "200510": "49.67",
        "200511": "48.49",
        "200512": "51.85",
        "200601": "52.43",
        "200602": "50.19",
        "200603": "49.80",
        "200604": "52.16",
        "200605": "51.15",
        "200606": "47.07",
        "200607": "46.09",
        "200608": "38.87",
        "200609": "35.37",
        "200610": "37.26",
        "200611": "40.40",
        "200612": "41.32",
        "200701": "42.35",
        "200702": "41.59",
        "200703": "42.47",
        "200704": "45.33",
        "200705": "45.29",
        "200706": "49.62",
        "200707": "52.45",
        "200708": "48.54",
        "200709": "47.57",
        "200710": "40.55",
        "200711": "33.25",
        "200712": "30.86",
        "200801": "27.07",
        "200802": "26.29",
        "200803": "28.47",
        "200804": "30.12",
        "200805": "28.05",
        "200806": "23.47",
        "200807": "18.31",
        "200808": "18.51",
        "200809": "14.99",
        "200810": "14.80",
        "200811": "13.58",
        "200812": "11.77",
        "200901": "11.79",
        "200902": "11.88",
        "200903": "13.48",
        "200904": "15.37",
        "200905": "15.85",
        "200906": "15.23",
        "200907": "16.30",
        "200908": "15.96",
        "200909": "17.08",
        "200910": "17.82",
        "200911": "17.50",
        "200912": "20.99",
        "201001": "20.68",
        "201002": "18.00",
        "201003": "19.13",
        "201004": "21.14",
        "201005": "18.35",
        "201006": "17.68",
        "201007": "18.56",
        "201008": "19.13",
        "201009": "19.94",
        "201010": "20.78",
        "201011": "20.26",
        "201012": "23.72",
        "201101": "26.14",
        "201102": "25.30",
        "201103": "23.93",
        "201104": "24.77",
        "201105": "23.49",
        "201106": "21.38",
        "201107": "18.12",
        "201108": "14.69",
        "201109": "14.15",
        "201110": "14.45",
        "201111": "14.27",
        "201112": "12.93",
        "201201": "12.38",
        "201202": "13.88",
        "201203": "13.85",
        "201204": "12.67",
        "201205": "12.44",
        "201206": "13.20",
        "201207": "12.22",
        "201208": "11.71",
        "201209": "11.62",
        "201210": "10.99",
        "201211": "10.34",
        "201212": "10.78",
        "201301": "11.00",
        "201302": "10.79",
        "201303": "11.03",
        "201304": "11.15",
        "201305": "11.52",
        "201306": "11.68",
        "201307": "11.38",
        "201308": "11.63",
        "201309": "11.68",
        "201310": "11.41",
        "201311": "10.85",
        "201312": "10.54",
        "201401": "12.28",
        "201402": "14.15",
        "201403": "15.79",
        "201404": "15.77",
        "201405": "15.00",
        "201406": "16.05",
        "201407": "18.85",
        "201408": "18.43",
        "201409": "17.75",
        "201410": "15.66",
        "201411": "12.13",
        "201412": "11.99",
        "201501": "12.90",
        "201502": "17.02",
        "201503": "23.22",
        "201504": "27.18",
        "201505": "28.46",
        "201506": "26.90",
        "201507": "25.60",
        "201508": "23.78",
        "201509": "23.92",
        "201510": "23.52",
        "201511": "16.71",
        "201512": "10.49",
        "201601": "8.45",
        "201602": "7.76",
        "201603": "10.39",
        "201604": "9.41",
        "201605": "無",
        "201606": "無",
        "201607": "10.05",
        "201608": "11.62",
        "201609": "12.99",
        "201610": "13.26",
        "201611": "12.64",
        "201612": "12.63",
        "201701": "12.75",
        "201702": "13.66",
        "201703": "13.58",
        "201704": "15.39",
        "201705": "17.44",
        "201706": "16.66",
        "201707": "16.48",
        "201708": "17.12",
        "201709": "17.17",
        "201710": "19.25",
        "201711": "21.80",
        "201712": "18.98",
        "201801": "19.45",
        "201802": "18.37",
        "201803": "18.67",
        "201804": "18.00",
        "201805": "15.45",
        "201806": "無",
        "201807": "無",
        "201808": "無",
        "201809": "無",
        "201810": "無",
        "201811": "無",
        "201812": "無",
        "201901": "無",
        "201902": "無",
        "201903": "無",
        "201904": "2.25",
        "201905": "2.34",
        "201906": "2.03",
        "201907": "1.79",
        "201908": "2.15",
        "201909": "2.62",
        "201910": "2.63",
        "201911": "3.40",
        "201912": "3.48",
        "202001": "3.47",
        "202002": "3.38",
        "202003": "3.26",
        "202004": "2.98",
        "202005": "2.79",
        "202006": "2.42",
        "202007": "3.27",
        "202008": "3.01",
        "202009": "4.19",
        "202010": "8.82",
        "202011": "5.78",
        "202012": "無",
        "202101": "無",
        "202102": "無",
        "202103": "無",
        "202104": "無",
        "202105": "無",
        "202106": "無",
        "202107": "無",
        "202108": "無",
        "202109": "無",
        "202110": "無",
        "202111": "無",
        "202112": "無",
        "202201": "無",
        "202202": "無",
        "202203": "無",
        "202204": "無",
        "202205": "無",
        "202206": "無",
        "202207": "無",
        "202208": "無",
        "202209": "無",
        "202210": "無",
        "202211": "無",
        "202212": "無",
        "202301": "無",
        "202302": "無",
        "202303": "無",
        "202304": "無",
        "202305": "無"
    },
    "quarters": {
        "20011": {
            "year_quarter": 20011,
            "year": 2001,
            "quarter": 1,
            "eps": 0.71,
            "eps_growth_year": null,
            "eps_4q": null,
            "eps_4q_growth_year": null,
            "roe": 5.18,
            "gross_profit": 33972,
            "gross_margin": 25.8,
            "net_income": 13820,
            "revenue": 131663,
            "common_shares": 194900,
            "equity": 273481,
            "current_ratio": 260.78,
            "debt_ratio": 34.8,
            "inventory_turnover_ratio": 0.71,
            "account_receivable_turnover_ratio": null,
            "reinvestment_rate": null,
            "research_to_sale_ratio": null,
            "price_fair": 0,
            "eps_avg_yearly": 0,
            "eps_latest_yearly": 0,
            "eps_growth_yearly": 0
        },
        "20012": {
            "year_quarter": 20012,
            "year": 2001,
            "quarter": 2,
            "eps": 1.17,
            "eps_growth_year": null,
            "eps_4q": null,
            "eps_4q_growth_year": null,
            "roe": 7.99,
            "gross_profit": 47808,
            "gross_margin": 26.92,
            "net_income": 22769,
            "revenue": 177604,
            "common_shares": 194900,
            "equity": 296250,
            "current_ratio": 225.8,
            "debt_ratio": 39.13,
            "inventory_turnover_ratio": 0.98,
            "account_receivable_turnover_ratio": null,
            "reinvestment_rate": null,
            "research_to_sale_ratio": null,
            "price_fair": 0,
            "eps_avg_yearly": 0,
            "eps_latest_yearly": 0,
            "eps_growth_yearly": 0
        },
        "20013": {
            "year_quarter": 20013,
            "year": 2001,
            "quarter": 3,
            "eps": 0.95,
            "eps_growth_year": null,
            "eps_4q": null,
            "eps_4q_growth_year": null,
            "roe": 7.53,
            "gross_profit": 53143,
            "gross_margin": 29.47,
            "net_income": 23190,
            "revenue": 180330,
            "common_shares": 244200,
            "equity": 319440,
            "current_ratio": 269.42,
            "debt_ratio": 33.78,
            "inventory_turnover_ratio": 0.94,
            "account_receivable_turnover_ratio": null,
            "reinvestment_rate": null,
            "research_to_sale_ratio": null,
            "price_fair": 0,
            "eps_avg_yearly": 0,
            "eps_latest_yearly": 0,
            "eps_growth_yearly": 0
        },
        "20014": {
            "year_quarter": 20014,
            "year": 2001,
            "quarter": 4,
            "eps": 1.13,
            "eps_growth_year": null,
            "eps_4q": 3.57,
            "eps_4q_growth_year": null,
            "roe": 8.3,
            "gross_profit": 53839,
            "gross_margin": 28.15,
            "net_income": 27672,
            "revenue": 191283,
            "common_shares": 244200,
            "equity": 347715,
            "current_ratio": 308.23,
            "debt_ratio": 26.17,
            "inventory_turnover_ratio": 1.17,
            "account_receivable_turnover_ratio": null,
            "reinvestment_rate": null,
            "research_to_sale_ratio": null,
            "price_fair": 0,
            "eps_avg_yearly": 0,
            "eps_latest_yearly": 0,
            "eps_growth_yearly": 0
        },
        "20021": {
            "year_quarter": 20021,
            "year": 2002,
            "quarter": 1,
            "eps": 0.94,
            "eps_growth_year": 32.39,
            "eps_4q": 3.97,
            "eps_4q_growth_year": null,
            "roe": 6.37,
            "gross_profit": 47570,
            "gross_margin": 30.69,
            "net_income": 22867,
            "revenue": 155007,
            "common_shares": 244200,
            "equity": 370637,
            "current_ratio": 254.58,
            "debt_ratio": 31.29,
            "inventory_turnover_ratio": 0.94,
            "account_receivable_turnover_ratio": null,
            "reinvestment_rate": null,
            "research_to_sale_ratio": null,
            "price_fair": 11.28,
            "eps_avg_yearly": 3.76,
            "eps_latest_yearly": 3.76,
            "eps_growth_yearly": -67.26
        },
        "20022": {
            "year_quarter": 20022,
            "year": 2002,
            "quarter": 2,
            "eps": 1.07,
            "eps_growth_year": -8.55,
            "eps_4q": 3.34,
            "eps_4q_growth_year": null,
            "roe": 8.96,
            "gross_profit": 73067,
            "gross_margin": 32.45,
            "net_income": 34721,
            "revenue": 225137,
            "common_shares": 323000,
            "equity": 404067,
            "current_ratio": 233.83,
            "debt_ratio": 33.43,
            "inventory_turnover_ratio": 1.07,
            "account_receivable_turnover_ratio": null,
            "reinvestment_rate": null,
            "research_to_sale_ratio": null,
            "price_fair": 12.06,
            "eps_avg_yearly": 4.02,
            "eps_latest_yearly": 4.28,
            "eps_growth_yearly": -5.97
        },
        "20023": {
            "year_quarter": 20023,
            "year": 2002,
            "quarter": 3,
            "eps": 1.38,
            "eps_growth_year": 45.26,
            "eps_4q": 4.02,
            "eps_4q_growth_year": null,
            "roe": 10.45,
            "gross_profit": 78587,
            "gross_margin": 32.77,
            "net_income": 44629,
            "revenue": 239826,
            "common_shares": 323000,
            "equity": 449886,
            "current_ratio": 270.67,
            "debt_ratio": 29.91,
            "inventory_turnover_ratio": 1.07,
            "account_receivable_turnover_ratio": null,
            "reinvestment_rate": null,
            "research_to_sale_ratio": null,
            "price_fair": 158.2,
            "eps_avg_yearly": 4.52,
            "eps_latest_yearly": 5.52,
            "eps_growth_yearly": 34.65
        },
        "20024": {
            "year_quarter": 20024,
            "year": 2002,
            "quarter": 4,
            "eps": 1.69,
            "eps_growth_year": 49.56,
            "eps_4q": 4.86,
            "eps_4q_growth_year": 36.17,
            "roe": 11.42,
            "gross_profit": 93826,
            "gross_margin": 34.07,
            "net_income": 54444,
            "revenue": 275412,
            "common_shares": 323000,
            "equity": 503990,
            "current_ratio": 240.7,
            "debt_ratio": 36.36,
            "inventory_turnover_ratio": 0.96,
            "account_receivable_turnover_ratio": null,
            "reinvestment_rate": null,
            "research_to_sale_ratio": null,
            "price_fair": 177.8,
            "eps_avg_yearly": 5.08,
            "eps_latest_yearly": 6.76,
            "eps_growth_yearly": 48.45
        },
        "20031": {
            "year_quarter": 20031,
            "year": 2003,
            "quarter": 1,
            "eps": 1.77,
            "eps_growth_year": 88.3,
            "eps_4q": 5.9,
            "eps_4q_growth_year": 48.85,
            "roe": 10.75,
            "gross_profit": 100349,
            "gross_margin": 34.31,
            "net_income": 57278,
            "revenue": 292519,
            "common_shares": 323000,
            "equity": 561429,
            "current_ratio": 269.13,
            "debt_ratio": 31.63,
            "inventory_turnover_ratio": 0.89,
            "account_receivable_turnover_ratio": null,
            "reinvestment_rate": null,
            "research_to_sale_ratio": null,
            "price_fair": 191.8,
            "eps_avg_yearly": 5.48,
            "eps_latest_yearly": 7.08,
            "eps_growth_yearly": 42.55
        },
        "20032": {
            "year_quarter": 20032,
            "year": 2003,
            "quarter": 2,
            "eps": 2.49,
            "eps_growth_year": 132.71,
            "eps_4q": 7.33,
            "eps_4q_growth_year": 119.23,
            "roe": 13.58,
            "gross_profit": 127731,
            "gross_margin": 33.89,
            "net_income": 80487,
            "revenue": 376899,
            "common_shares": 323000,
            "equity": 624319,
            "current_ratio": 385.42,
            "debt_ratio": 48.57,
            "inventory_turnover_ratio": 1.3,
            "account_receivable_turnover_ratio": null,
            "reinvestment_rate": null,
            "research_to_sale_ratio": null,
            "price_fair": 217.93,
            "eps_avg_yearly": 6.23,
            "eps_latest_yearly": 9.96,
            "eps_growth_yearly": 62.58
        },
        "20033": {
            "year_quarter": 20033,
            "year": 2003,
            "quarter": 3,
            "eps": 1.65,
            "eps_growth_year": 19.57,
            "eps_4q": 6.13,
            "eps_4q_growth_year": 52.51,
            "roe": 10.33,
            "gross_profit": 113443,
            "gross_margin": 33.18,
            "net_income": 70865,
            "revenue": 341891,
            "common_shares": 439901,
            "equity": 747252,
            "current_ratio": 320.53,
            "debt_ratio": 42.19,
            "inventory_turnover_ratio": 1.16,
            "account_receivable_turnover_ratio": null,
            "reinvestment_rate": null,
            "research_to_sale_ratio": null,
            "price_fair": 219.8,
            "eps_avg_yearly": 6.28,
            "eps_latest_yearly": 6.6,
            "eps_growth_yearly": 34.36
        },
        "20034": {
            "year_quarter": 20034,
            "year": 2003,
            "quarter": 4,
            "eps": 1.67,
            "eps_growth_year": -1.18,
            "eps_4q": 6.49,
            "eps_4q_growth_year": 33.56,
            "roe": 9.2,
            "gross_profit": 117453,
            "gross_margin": 32.83,
            "net_income": 72210,
            "revenue": 357712,
            "common_shares": 440512,
            "equity": 822737,
            "current_ratio": 300.56,
            "debt_ratio": 42.2,
            "inventory_turnover_ratio": 1.01,
            "account_receivable_turnover_ratio": null,
            "reinvestment_rate": null,
            "research_to_sale_ratio": null,
            "price_fair": 221.55,
            "eps_avg_yearly": 6.33,
            "eps_latest_yearly": 6.68,
            "eps_growth_yearly": 30.67
        },
        "20041": {
            "year_quarter": 20041,
            "year": 2004,
            "quarter": 1,
            "eps": 1.9,
            "eps_growth_year": 7.34,
            "eps_4q": 6.97,
            "eps_4q_growth_year": 18.08,
            "roe": 9.67,
            "gross_profit": 115823,
            "gross_margin": 32.89,
            "net_income": 83750,
            "revenue": 352186,
            "common_shares": 440512,
            "equity": 909240,
            "current_ratio": 312.3,
            "debt_ratio": 40.06,
            "inventory_turnover_ratio": 0.85,
            "account_receivable_turnover_ratio": null,
            "reinvestment_rate": null,
            "research_to_sale_ratio": null,
            "price_fair": 226.49,
            "eps_avg_yearly": 6.47,
            "eps_latest_yearly": 7.6,
            "eps_growth_yearly": 33.38
        },
        "20042": {
            "year_quarter": 20042,
            "year": 2004,
            "quarter": 2,
            "eps": 1.73,
            "eps_growth_year": -30.52,
            "eps_4q": 5.5,
            "eps_4q_growth_year": -24.91,
            "roe": 11.27,
            "gross_profit": 153047,
            "gross_margin": 34.44,
            "net_income": 104027,
            "revenue": 444394,
            "common_shares": 601860,
            "equity": 936896,
            "current_ratio": 168.95,
            "debt_ratio": 43.47,
            "inventory_turnover_ratio": 0.92,
            "account_receivable_turnover_ratio": null,
            "reinvestment_rate": null,
            "research_to_sale_ratio": null,
            "price_fair": 228.06,
            "eps_avg_yearly": 6.52,
            "eps_latest_yearly": 6.92,
            "eps_growth_yearly": 26.47
        },
        "20043": {
            "year_quarter": 20043,
            "year": 2004,
            "quarter": 3,
            "eps": 1.7,
            "eps_growth_year": 3.03,
            "eps_4q": 6.01,
            "eps_4q_growth_year": -1.83,
            "roe": 10.35,
            "gross_profit": 143509,
            "gross_margin": 32.76,
            "net_income": 102475,
            "revenue": 438008,
            "common_shares": 602614,
            "equity": 1043042,
            "current_ratio": 196.57,
            "debt_ratio": 34.61,
            "inventory_turnover_ratio": 0.89,
            "account_receivable_turnover_ratio": null,
            "reinvestment_rate": null,
            "research_to_sale_ratio": null,
            "price_fair": 218.69,
            "eps_avg_yearly": 6.54,
            "eps_latest_yearly": 6.8,
            "eps_growth_yearly": 23.43
        },
        "20044": {
            "year_quarter": 20044,
            "year": 2004,
            "quarter": 4,
            "eps": 1.23,
            "eps_growth_year": -26.35,
            "eps_4q": 6.06,
            "eps_4q_growth_year": -6.76,
            "roe": 6.85,
            "gross_profit": 129927,
            "gross_margin": 30.57,
            "net_income": 73975,
            "revenue": 424980,
            "common_shares": 602894,
            "equity": 1115332,
            "current_ratio": 215.69,
            "debt_ratio": 33.13,
            "inventory_turnover_ratio": 0.95,
            "account_receivable_turnover_ratio": null,
            "reinvestment_rate": 42.66,
            "research_to_sale_ratio": null,
            "price_fair": 142.62,
            "eps_avg_yearly": 6.41,
            "eps_latest_yearly": 4.92,
            "eps_growth_yearly": 12.26
        },
        "20051": {
            "year_quarter": 20051,
            "year": 2005,
            "quarter": 1,
            "eps": 1.37,
            "eps_growth_year": -27.89,
            "eps_4q": 6.03,
            "eps_4q_growth_year": -13.5,
            "roe": 7.11,
            "gross_profit": 120202,
            "gross_margin": 26.98,
            "net_income": 82442,
            "revenue": 445452,
            "common_shares": 602894,
            "equity": 1203196,
            "current_ratio": 190.41,
            "debt_ratio": 34.94,
            "inventory_turnover_ratio": 1.08,
            "account_receivable_turnover_ratio": null,
            "reinvestment_rate": 47.89,
            "research_to_sale_ratio": null,
            "price_fair": 157.25,
            "eps_avg_yearly": 6.34,
            "eps_latest_yearly": 5.48,
            "eps_growth_yearly": 14.82
        },
        "20052": {
            "year_quarter": 20052,
            "year": 2005,
            "quarter": 2,
            "eps": 1.99,
            "eps_growth_year": 15.03,
            "eps_4q": 6.29,
            "eps_4q_growth_year": 14.24,
            "roe": 10.13,
            "gross_profit": 161258,
            "gross_margin": 29.75,
            "net_income": 119941,
            "revenue": 542133,
            "common_shares": 604821,
            "equity": 1163959,
            "current_ratio": 157.82,
            "debt_ratio": 42.15,
            "inventory_turnover_ratio": 1.23,
            "account_receivable_turnover_ratio": null,
            "reinvestment_rate": 48.7,
            "research_to_sale_ratio": null,
            "price_fair": 225.8,
            "eps_avg_yearly": 6.45,
            "eps_latest_yearly": 7.96,
            "eps_growth_yearly": 26.69
        },
        "20053": {
            "year_quarter": 20053,
            "year": 2005,
            "quarter": 3,
            "eps": 1.75,
            "eps_growth_year": 2.94,
            "eps_4q": 5.49,
            "eps_4q_growth_year": -8.66,
            "roe": 10.52,
            "gross_profit": 164401,
            "gross_margin": 30.71,
            "net_income": 129222,
            "revenue": 535372,
            "common_shares": 740400,
            "equity": 1293181,
            "current_ratio": 178.22,
            "debt_ratio": 35.28,
            "inventory_turnover_ratio": 1.16,
            "account_receivable_turnover_ratio": null,
            "reinvestment_rate": 51.22,
            "research_to_sale_ratio": null,
            "price_fair": 205.65,
            "eps_avg_yearly": 6.49,
            "eps_latest_yearly": 7,
            "eps_growth_yearly": 21.7
        },
        "20054": {
            "year_quarter": 20054,
            "year": 2005,
            "quarter": 4,
            "eps": 1.4,
            "eps_growth_year": 13.82,
            "eps_4q": 5.89,
            "eps_4q_growth_year": -2.7,
            "roe": 7.63,
            "gross_profit": 164813,
            "gross_margin": 29.62,
            "net_income": 103340,
            "revenue": 556404,
            "common_shares": 746074,
            "equity": 1416226,
            "current_ratio": 199.3,
            "debt_ratio": 33.16,
            "inventory_turnover_ratio": 1.12,
            "account_receivable_turnover_ratio": null,
            "reinvestment_rate": 51.41,
            "research_to_sale_ratio": null,
            "price_fair": 163,
            "eps_avg_yearly": 6.43,
            "eps_latest_yearly": 5.6,
            "eps_growth_yearly": 15.34
        },
        "20061": {
            "year_quarter": 20061,
            "year": 2006,
            "quarter": 1,
            "eps": 1.17,
            "eps_growth_year": -14.6,
            "eps_4q": 5.89,
            "eps_4q_growth_year": -2.42,
            "roe": 5.99,
            "gross_profit": 143054,
            "gross_margin": 28.03,
            "net_income": 87470,
            "revenue": 510366,
            "common_shares": 746074,
            "equity": 1503178,
            "current_ratio": 200.63,
            "debt_ratio": 31.34,
            "inventory_turnover_ratio": 1.09,
            "account_receivable_turnover_ratio": null,
            "reinvestment_rate": 48.24,
            "research_to_sale_ratio": null,
            "price_fair": 165.08,
            "eps_avg_yearly": 6.49,
            "eps_latest_yearly": 4.68,
            "eps_growth_yearly": 15.44
        },
        "20062": {
            "year_quarter": 20062,
            "year": 2006,
            "quarter": 2,
            "eps": 1.25,
            "eps_growth_year": -37.19,
            "eps_4q": 5.55,
            "eps_4q_growth_year": -11.75,
            "roe": 6.42,
            "gross_profit": 146103,
            "gross_margin": 27.53,
            "net_income": 93094,
            "revenue": 530681,
            "common_shares": 746074,
            "equity": 1398244,
            "current_ratio": 160.14,
            "debt_ratio": 39.56,
            "inventory_turnover_ratio": 1.19,
            "account_receivable_turnover_ratio": null,
            "reinvestment_rate": 45.68,
            "research_to_sale_ratio": null,
            "price_fair": 154.81,
            "eps_avg_yearly": 6.54,
            "eps_latest_yearly": 5,
            "eps_growth_yearly": 13.69
        },
        "20063": {
            "year_quarter": 20063,
            "year": 2006,
            "quarter": 3,
            "eps": 1.22,
            "eps_growth_year": -30.29,
            "eps_4q": 4.32,
            "eps_4q_growth_year": -21.34,
            "roe": 7.68,
            "gross_profit": 159028,
            "gross_margin": 28.25,
            "net_income": 111704,
            "revenue": 562864,
            "common_shares": 913288,
            "equity": 1511452,
            "current_ratio": 194.27,
            "debt_ratio": 33.3,
            "inventory_turnover_ratio": 1.06,
            "account_receivable_turnover_ratio": null,
            "reinvestment_rate": 38.27,
            "research_to_sale_ratio": null,
            "price_fair": 102.92,
            "eps_avg_yearly": 6.5,
            "eps_latest_yearly": 4.88,
            "eps_growth_yearly": 5.85
        },
        "20064": {
            "year_quarter": 20064,
            "year": 2006,
            "quarter": 4,
            "eps": 1.16,
            "eps_growth_year": -17.14,
            "eps_4q": 4.36,
            "eps_4q_growth_year": -26.08,
            "roe": 6.78,
            "gross_profit": 181706,
            "gross_margin": 28.71,
            "net_income": 106099,
            "revenue": 632820,
            "common_shares": 913288,
            "equity": 1616800,
            "current_ratio": 230.89,
            "debt_ratio": 31,
            "inventory_turnover_ratio": 1.03,
            "account_receivable_turnover_ratio": null,
            "reinvestment_rate": 39.15,
            "research_to_sale_ratio": null,
            "price_fair": 19.09,
            "eps_avg_yearly": 6.36,
            "eps_latest_yearly": 4.64,
            "eps_growth_yearly": -1
        },
        "20071": {
            "year_quarter": 20071,
            "year": 2007,
            "quarter": 1,
            "eps": 1.1,
            "eps_growth_year": -5.98,
            "eps_4q": 4.56,
            "eps_4q_growth_year": -22.5,
            "roe": 6.13,
            "gross_profit": 162049,
            "gross_margin": 27.94,
            "net_income": 98815,
            "revenue": 580010,
            "common_shares": 913424,
            "equity": 1609506,
            "current_ratio": 201.04,
            "debt_ratio": 34.28,
            "inventory_turnover_ratio": 0.85,
            "account_receivable_turnover_ratio": null,
            "reinvestment_rate": 35.46,
            "research_to_sale_ratio": null,
            "price_fair": 18.59,
            "eps_avg_yearly": 6.2,
            "eps_latest_yearly": 4.4,
            "eps_growth_yearly": -3.48
        },
        "20072": {
            "year_quarter": 20072,
            "year": 2007,
            "quarter": 2,
            "eps": 0.99,
            "eps_growth_year": -20.8,
            "eps_4q": 4.51,
            "eps_4q_growth_year": -18.71,
            "roe": 5.84,
            "gross_profit": 161787,
            "gross_margin": 25.69,
            "net_income": 89064,
            "revenue": 629868,
            "common_shares": 913561,
            "equity": 1440999,
            "current_ratio": 170.74,
            "debt_ratio": 40.28,
            "inventory_turnover_ratio": 0.94,
            "account_receivable_turnover_ratio": null,
            "reinvestment_rate": 34.98,
            "research_to_sale_ratio": null,
            "price_fair": 17.46,
            "eps_avg_yearly": 5.82,
            "eps_latest_yearly": 3.96,
            "eps_growth_yearly": -16.15
        },
        "20073": {
            "year_quarter": 20073,
            "year": 2007,
            "quarter": 3,
            "eps": 0.97,
            "eps_growth_year": -20.49,
            "eps_4q": 3.91,
            "eps_4q_growth_year": -9.53,
            "roe": 6.25,
            "gross_profit": 153350,
            "gross_margin": 24.9,
            "net_income": 97032,
            "revenue": 615978,
            "common_shares": 1022994,
            "equity": 1664868,
            "current_ratio": 201.32,
            "debt_ratio": 35.55,
            "inventory_turnover_ratio": 1.11,
            "account_receivable_turnover_ratio": null,
            "reinvestment_rate": 18.88,
            "research_to_sale_ratio": null,
            "price_fair": 16.95,
            "eps_avg_yearly": 5.65,
            "eps_latest_yearly": 3.88,
            "eps_growth_yearly": -8.22
        },
        "20074": {
            "year_quarter": 20074,
            "year": 2007,
            "quarter": 4,
            "eps": 0.28,
            "eps_growth_year": -75.86,
            "eps_4q": 3.1,
            "eps_4q_growth_year": -28.9,
            "roe": 1.63,
            "gross_profit": 136569,
            "gross_margin": 23.29,
            "net_income": 28323,
            "revenue": 586303,
            "common_shares": 1079607,
            "equity": 1814934,
            "current_ratio": 272.76,
            "debt_ratio": 27.33,
            "inventory_turnover_ratio": 1.1,
            "account_receivable_turnover_ratio": null,
            "reinvestment_rate": 18.62,
            "research_to_sale_ratio": null,
            "price_fair": 15.91,
            "eps_avg_yearly": 5.3,
            "eps_latest_yearly": 1.12,
            "eps_growth_yearly": -26.3
        },
        "20081": {
            "year_quarter": 20081,
            "year": 2008,
            "quarter": 1,
            "eps": 0.16,
            "eps_growth_year": -85.45,
            "eps_4q": 2.12,
            "eps_4q_growth_year": -53.56,
            "roe": 0.96,
            "gross_profit": 125658,
            "gross_margin": 21.1,
            "net_income": 17519,
            "revenue": 595559,
            "common_shares": 1130252,
            "equity": 1840345,
            "current_ratio": 366.97,
            "debt_ratio": 19.65,
            "inventory_turnover_ratio": 1.16,
            "account_receivable_turnover_ratio": null,
            "reinvestment_rate": 19.8,
            "research_to_sale_ratio": null,
            "price_fair": 14.6,
            "eps_avg_yearly": 4.87,
            "eps_latest_yearly": 0.64,
            "eps_growth_yearly": -40.46
        },
        "20082": {
            "year_quarter": 20082,
            "year": 2008,
            "quarter": 2,
            "eps": 0.37,
            "eps_growth_year": -62.63,
            "eps_4q": 1.65,
            "eps_4q_growth_year": -63.38,
            "roe": 2.37,
            "gross_profit": 125485,
            "gross_margin": 22.37,
            "net_income": 41257,
            "revenue": 560894,
            "common_shares": 1096704,
            "equity": 1647642,
            "current_ratio": 245.4,
            "debt_ratio": 29.46,
            "inventory_turnover_ratio": 1.24,
            "account_receivable_turnover_ratio": null,
            "reinvestment_rate": 17.83,
            "research_to_sale_ratio": null,
            "price_fair": 13.58,
            "eps_avg_yearly": 4.53,
            "eps_latest_yearly": 1.48,
            "eps_growth_yearly": -5.41
        },
        "20083": {
            "year_quarter": 20083,
            "year": 2008,
            "quarter": 3,
            "eps": 0.65,
            "eps_growth_year": -32.99,
            "eps_4q": 1.41,
            "eps_4q_growth_year": -63.81,
            "roe": 4.51,
            "gross_profit": 141496,
            "gross_margin": 25.33,
            "net_income": 74046,
            "revenue": 558535,
            "common_shares": 1147605,
            "equity": 1635047,
            "current_ratio": 283.7,
            "debt_ratio": 24.56,
            "inventory_turnover_ratio": 1.11,
            "account_receivable_turnover_ratio": null,
            "reinvestment_rate": 14.97,
            "research_to_sale_ratio": null,
            "price_fair": 102.11,
            "eps_avg_yearly": 4.27,
            "eps_latest_yearly": 2.6,
            "eps_growth_yearly": 13.94
        },
        "20084": {
            "year_quarter": 20084,
            "year": 2008,
            "quarter": 4,
            "eps": 0.43,
            "eps_growth_year": 53.57,
            "eps_4q": 1.6,
            "eps_4q_growth_year": -48.19,
            "roe": 2.99,
            "gross_profit": 141941,
            "gross_margin": 27.66,
            "net_income": 48637,
            "revenue": 513070,
            "common_shares": 1057605,
            "equity": 1623436,
            "current_ratio": 335.56,
            "debt_ratio": 20.35,
            "inventory_turnover_ratio": 0.91,
            "account_receivable_turnover_ratio": 3.54,
            "reinvestment_rate": 12.02,
            "research_to_sale_ratio": null,
            "price_fair": 91.02,
            "eps_avg_yearly": 4.07,
            "eps_latest_yearly": 1.72,
            "eps_growth_yearly": 12.39
        },
        "20091": {
            "year_quarter": 20091,
            "year": 2009,
            "quarter": 1,
            "eps": 0.26,
            "eps_growth_year": 62.5,
            "eps_4q": 1.81,
            "eps_4q_growth_year": -14.34,
            "roe": 1.67,
            "gross_profit": 101224,
            "gross_margin": 22.69,
            "net_income": 27419,
            "revenue": 446099,
            "common_shares": 1057605,
            "equity": 1652540,
            "current_ratio": 502.49,
            "debt_ratio": 13.41,
            "inventory_turnover_ratio": 1.03,
            "account_receivable_turnover_ratio": 1.5,
            "reinvestment_rate": 5.91,
            "research_to_sale_ratio": null,
            "price_fair": 11.36,
            "eps_avg_yearly": 3.79,
            "eps_latest_yearly": 1.04,
            "eps_growth_yearly": -0.34
        },
        "20092": {
            "year_quarter": 20092,
            "year": 2009,
            "quarter": 2,
            "eps": 0.16,
            "eps_growth_year": -56.76,
            "eps_4q": 1.62,
            "eps_4q_growth_year": -2.12,
            "roe": 1.03,
            "gross_profit": 102202,
            "gross_margin": 22.92,
            "net_income": 16492,
            "revenue": 445964,
            "common_shares": 1057605,
            "equity": 1562002,
            "current_ratio": 313.69,
            "debt_ratio": 21.74,
            "inventory_turnover_ratio": 1.37,
            "account_receivable_turnover_ratio": 1.6,
            "reinvestment_rate": 1.16,
            "research_to_sale_ratio": null,
            "price_fair": 9.99,
            "eps_avg_yearly": 3.33,
            "eps_latest_yearly": 0.64,
            "eps_growth_yearly": -21.27
        },
        "20093": {
            "year_quarter": 20093,
            "year": 2009,
            "quarter": 3,
            "eps": 0.28,
            "eps_growth_year": -56.92,
            "eps_4q": 1.15,
            "eps_4q_growth_year": -18.58,
            "roe": 1.88,
            "gross_profit": 107602,
            "gross_margin": 23.47,
            "net_income": 29726,
            "revenue": 458413,
            "common_shares": 1057605,
            "equity": 1592447,
            "current_ratio": 326.11,
            "debt_ratio": 20.34,
            "inventory_turnover_ratio": 1.31,
            "account_receivable_turnover_ratio": 1.7,
            "reinvestment_rate": -6.8,
            "research_to_sale_ratio": null,
            "price_fair": 29.63,
            "eps_avg_yearly": 2.96,
            "eps_latest_yearly": 1.12,
            "eps_growth_yearly": 0.5
        },
        "20094": {
            "year_quarter": 20094,
            "year": 2009,
            "quarter": 4,
            "eps": 0.25,
            "eps_growth_year": -41.86,
            "eps_4q": 0.95,
            "eps_4q_growth_year": -41.03,
            "roe": 1.64,
            "gross_profit": 98233,
            "gross_margin": 22.38,
            "net_income": 26409,
            "revenue": 438948,
            "common_shares": 1057605,
            "equity": 1618829,
            "current_ratio": 357.34,
            "debt_ratio": 18.47,
            "inventory_turnover_ratio": 1.16,
            "account_receivable_turnover_ratio": 3.33,
            "reinvestment_rate": -6.95,
            "research_to_sale_ratio": null,
            "price_fair": 34.29,
            "eps_avg_yearly": 2.68,
            "eps_latest_yearly": 1,
            "eps_growth_yearly": 2.82
        },
        "20101": {
            "year_quarter": 20101,
            "year": 2010,
            "quarter": 1,
            "eps": 0.15,
            "eps_growth_year": -42.31,
            "eps_4q": 0.84,
            "eps_4q_growth_year": -53.93,
            "roe": 0.97,
            "gross_profit": 89736,
            "gross_margin": 23.28,
            "net_income": 15792,
            "revenue": 385513,
            "common_shares": 1057605,
            "equity": 1633977,
            "current_ratio": 405.41,
            "debt_ratio": 16.22,
            "inventory_turnover_ratio": 1.06,
            "account_receivable_turnover_ratio": 1.52,
            "reinvestment_rate": -6.51,
            "research_to_sale_ratio": 6.62,
            "price_fair": 7.26,
            "eps_avg_yearly": 2.42,
            "eps_latest_yearly": 0.6,
            "eps_growth_yearly": -3.07
        },
        "20102": {
            "year_quarter": 20102,
            "year": 2010,
            "quarter": 2,
            "eps": 0.23,
            "eps_growth_year": 45.64,
            "eps_4q": 0.91,
            "eps_4q_growth_year": -43.5,
            "roe": 1.56,
            "gross_profit": 104677,
            "gross_margin": 22.97,
            "net_income": 24645,
            "revenue": 455761,
            "common_shares": 1057605,
            "equity": 1532110,
            "current_ratio": 245.71,
            "debt_ratio": 27.28,
            "inventory_turnover_ratio": 1.21,
            "account_receivable_turnover_ratio": 1.71,
            "reinvestment_rate": -4.22,
            "research_to_sale_ratio": 5.76,
            "price_fair": 40.16,
            "eps_avg_yearly": 2.17,
            "eps_latest_yearly": 0.92,
            "eps_growth_yearly": 8.55
        },
        "20103": {
            "year_quarter": 20103,
            "year": 2010,
            "quarter": 3,
            "eps": 0.32,
            "eps_growth_year": 14.67,
            "eps_4q": 0.95,
            "eps_4q_growth_year": -17.24,
            "roe": 2.19,
            "gross_profit": 109581,
            "gross_margin": 18.84,
            "net_income": 33958,
            "revenue": 581601,
            "common_shares": 1057605,
            "equity": 1565374,
            "current_ratio": 240.01,
            "debt_ratio": 28.46,
            "inventory_turnover_ratio": 1.34,
            "account_receivable_turnover_ratio": 1.86,
            "reinvestment_rate": 4.9,
            "research_to_sale_ratio": 4.75,
            "price_fair": 56.13,
            "eps_avg_yearly": 1.94,
            "eps_latest_yearly": 1.28,
            "eps_growth_yearly": 18.93
        },
        "20104": {
            "year_quarter": 20104,
            "year": 2010,
            "quarter": 4,
            "eps": -0.13,
            "eps_growth_year": -153.89,
            "eps_4q": 0.57,
            "eps_4q_growth_year": -39.88,
            "roe": -0.91,
            "gross_profit": 81406,
            "gross_margin": 17.54,
            "net_income": -14249,
            "revenue": 464175,
            "common_shares": 1057605,
            "equity": 1551016,
            "current_ratio": 305.68,
            "debt_ratio": 21.3,
            "inventory_turnover_ratio": 1.06,
            "account_receivable_turnover_ratio": 1.56,
            "reinvestment_rate": -1.15,
            "research_to_sale_ratio": 5.72,
            "price_fair": 55.45,
            "eps_avg_yearly": 1.76,
            "eps_latest_yearly": 1.28,
            "eps_growth_yearly": 21.51
        },
        "20111": {
            "year_quarter": 20111,
            "year": 2011,
            "quarter": 1,
            "eps": 0.01,
            "eps_growth_year": -93.33,
            "eps_4q": 0.43,
            "eps_4q_growth_year": -48.22,
            "roe": 0.05,
            "gross_profit": 55259,
            "gross_margin": 15.6,
            "net_income": 781,
            "revenue": 354262,
            "common_shares": 1057605,
            "equity": 1514914,
            "current_ratio": 377.79,
            "debt_ratio": 16.58,
            "inventory_turnover_ratio": 1.04,
            "account_receivable_turnover_ratio": 1.45,
            "reinvestment_rate": 6.59,
            "research_to_sale_ratio": 6.93,
            "price_fair": 54.25,
            "eps_avg_yearly": 1.57,
            "eps_latest_yearly": 1.28,
            "eps_growth_yearly": 24.52
        },
        "20112": {
            "year_quarter": 20112,
            "year": 2011,
            "quarter": 2,
            "eps": 0.05,
            "eps_growth_year": -80.33,
            "eps_4q": 0.24,
            "eps_4q_growth_year": -73.37,
            "roe": 0.32,
            "gross_profit": 75991,
            "gross_margin": 18.33,
            "net_income": 4758,
            "revenue": 414510,
            "common_shares": 1040205,
            "equity": 1468215,
            "current_ratio": 264.3,
            "debt_ratio": 24.38,
            "inventory_turnover_ratio": 1.35,
            "account_receivable_turnover_ratio": 1.65,
            "reinvestment_rate": 8.87,
            "research_to_sale_ratio": 5.59,
            "price_fair": 45.6,
            "eps_avg_yearly": 1.3,
            "eps_latest_yearly": 0.2,
            "eps_growth_yearly": 141.66
        },
        "20113": {
            "year_quarter": 20113,
            "year": 2011,
            "quarter": 3,
            "eps": 0.29,
            "eps_growth_year": -10.4,
            "eps_4q": 0.2,
            "eps_4q_growth_year": -78.87,
            "roe": 1.99,
            "gross_profit": 91568,
            "gross_margin": 20.32,
            "net_income": 29048,
            "revenue": 450727,
            "common_shares": 1020205,
            "equity": 1452474,
            "current_ratio": 238.74,
            "debt_ratio": 27.21,
            "inventory_turnover_ratio": 1.24,
            "account_receivable_turnover_ratio": 1.61,
            "reinvestment_rate": 10.39,
            "research_to_sale_ratio": 5.61,
            "price_fair": 38.8,
            "eps_avg_yearly": 1.11,
            "eps_latest_yearly": 1.16,
            "eps_growth_yearly": 279.38
        },
        "20114": {
            "year_quarter": 20114,
            "year": 2011,
            "quarter": 4,
            "eps": -0.26,
            "eps_growth_year": null,
            "eps_4q": 0.08,
            "eps_4q_growth_year": -85.48,
            "roe": -1.84,
            "gross_profit": 68748,
            "gross_margin": 18.81,
            "net_income": -26326,
            "revenue": 365486,
            "common_shares": 1000205,
            "equity": 1412344,
            "current_ratio": 341.19,
            "debt_ratio": 17.82,
            "inventory_turnover_ratio": 0.98,
            "account_receivable_turnover_ratio": 1.47,
            "reinvestment_rate": 5.21,
            "research_to_sale_ratio": 6.24,
            "price_fair": 38.77,
            "eps_avg_yearly": 1.11,
            "eps_latest_yearly": 1.16,
            "eps_growth_yearly": 322.76
        },
        "20121": {
            "year_quarter": 20121,
            "year": 2012,
            "quarter": 1,
            "eps": -0.1,
            "eps_growth_year": -1100,
            "eps_4q": -0.02,
            "eps_4q_growth_year": -105.45,
            "roe": -0.7,
            "gross_profit": 51950,
            "gross_margin": 17.63,
            "net_income": -9840,
            "revenue": 294733,
            "common_shares": 1000205,
            "equity": 1402883,
            "current_ratio": 357.49,
            "debt_ratio": 16.99,
            "inventory_turnover_ratio": 0.87,
            "account_receivable_turnover_ratio": 1.48,
            "reinvestment_rate": 4.91,
            "research_to_sale_ratio": 8.14,
            "price_fair": 40.13,
            "eps_avg_yearly": 1.15,
            "eps_latest_yearly": 1.16,
            "eps_growth_yearly": 363.94
        },
        "20122": {
            "year_quarter": 20122,
            "year": 2012,
            "quarter": 2,
            "eps": -0.03,
            "eps_growth_year": -158.21,
            "eps_4q": -0.1,
            "eps_4q_growth_year": -140.23,
            "roe": -0.19,
            "gross_profit": 68366,
            "gross_margin": 20.03,
            "net_income": -2668,
            "revenue": 341365,
            "common_shares": 1000205,
            "equity": 1362530,
            "current_ratio": 296.53,
            "debt_ratio": 20.42,
            "inventory_turnover_ratio": 1,
            "account_receivable_turnover_ratio": 1.76,
            "reinvestment_rate": 1.96,
            "research_to_sale_ratio": 7.38,
            "price_fair": 39.07,
            "eps_avg_yearly": 1.12,
            "eps_latest_yearly": 1.16,
            "eps_growth_yearly": 349.3
        },
        "20123": {
            "year_quarter": 20123,
            "year": 2012,
            "quarter": 3,
            "eps": -0.28,
            "eps_growth_year": -195.74,
            "eps_4q": -0.66,
            "eps_4q_growth_year": -429.5,
            "roe": -2.04,
            "gross_profit": 53550,
            "gross_margin": 17.52,
            "net_income": -27549,
            "revenue": 305638,
            "common_shares": 1000205,
            "equity": 1335347,
            "current_ratio": 306.25,
            "debt_ratio": 19.3,
            "inventory_turnover_ratio": 0.95,
            "account_receivable_turnover_ratio": 1.58,
            "reinvestment_rate": 4.74,
            "research_to_sale_ratio": 9.06,
            "price_fair": 33.88,
            "eps_avg_yearly": 0.97,
            "eps_latest_yearly": 1.16,
            "eps_growth_yearly": 353.96
        },
        "20124": {
            "year_quarter": 20124,
            "year": 2012,
            "quarter": 4,
            "eps": -0.18,
            "eps_growth_year": null,
            "eps_4q": -0.58,
            "eps_4q_growth_year": -797.91,
            "roe": -1.33,
            "gross_profit": 43685,
            "gross_margin": 16.93,
            "net_income": -17597,
            "revenue": 258061,
            "common_shares": 1000205,
            "equity": 1317418,
            "current_ratio": 405.57,
            "debt_ratio": 14.07,
            "inventory_turnover_ratio": 0.86,
            "account_receivable_turnover_ratio": 1.55,
            "reinvestment_rate": 1.23,
            "research_to_sale_ratio": 9.55,
            "price_fair": 30.96,
            "eps_avg_yearly": 0.88,
            "eps_latest_yearly": 1.16,
            "eps_growth_yearly": 408.33
        },
        "20131": {
            "year_quarter": 20131,
            "year": 2013,
            "quarter": 1,
            "eps": 0.01,
            "eps_growth_year": null,
            "eps_4q": -0.47,
            "eps_4q_growth_year": null,
            "roe": 0.05,
            "gross_profit": 49128,
            "gross_margin": 18.56,
            "net_income": 687,
            "revenue": 264751,
            "common_shares": 1000205,
            "equity": 1315786,
            "current_ratio": 371.98,
            "debt_ratio": 15.21,
            "inventory_turnover_ratio": 0.94,
            "account_receivable_turnover_ratio": 1.59,
            "reinvestment_rate": 8.72,
            "research_to_sale_ratio": 9.26,
            "price_fair": 30.28,
            "eps_avg_yearly": 0.87,
            "eps_latest_yearly": 1.16,
            "eps_growth_yearly": 479.14
        },
        "20132": {
            "year_quarter": 20132,
            "year": 2013,
            "quarter": 2,
            "eps": -0.28,
            "eps_growth_year": null,
            "eps_4q": -0.72,
            "eps_4q_growth_year": null,
            "roe": -2.2,
            "gross_profit": 43506,
            "gross_margin": 19.75,
            "net_income": -28050,
            "revenue": 220231,
            "common_shares": 1000205,
            "equity": 1229505,
            "current_ratio": 287.4,
            "debt_ratio": 19.42,
            "inventory_turnover_ratio": 0.74,
            "account_receivable_turnover_ratio": 1.36,
            "reinvestment_rate": 29.18,
            "research_to_sale_ratio": 10.95,
            "price_fair": 31.4,
            "eps_avg_yearly": 0.9,
            "eps_latest_yearly": 1.16,
            "eps_growth_yearly": 569.57
        },
        "20133": {
            "year_quarter": 20133,
            "year": 2013,
            "quarter": 3,
            "eps": -0.26,
            "eps_growth_year": null,
            "eps_4q": -0.73,
            "eps_4q_growth_year": null,
            "roe": -2.16,
            "gross_profit": 41008,
            "gross_margin": 17.89,
            "net_income": -25815,
            "revenue": 229209,
            "common_shares": 1000205,
            "equity": 1160817,
            "current_ratio": 333.96,
            "debt_ratio": 15.79,
            "inventory_turnover_ratio": 0.78,
            "account_receivable_turnover_ratio": 1.5,
            "reinvestment_rate": null,
            "research_to_sale_ratio": 11.75,
            "price_fair": 30.1,
            "eps_avg_yearly": 0.86,
            "eps_latest_yearly": 1.16,
            "eps_growth_yearly": 614.5
        },
        "20134": {
            "year_quarter": 20134,
            "year": 2013,
            "quarter": 4,
            "eps": -1.06,
            "eps_growth_year": null,
            "eps_4q": -1.61,
            "eps_4q_growth_year": null,
            "roe": -9.18,
            "gross_profit": 11903,
            "gross_margin": 7.77,
            "net_income": -101882,
            "revenue": 153196,
            "common_shares": 964205,
            "equity": 1058200,
            "current_ratio": 333.1,
            "debt_ratio": 14.84,
            "inventory_turnover_ratio": 0.68,
            "account_receivable_turnover_ratio": 1.1,
            "reinvestment_rate": null,
            "research_to_sale_ratio": 19.22,
            "price_fair": 29.12,
            "eps_avg_yearly": 0.83,
            "eps_latest_yearly": 1.16,
            "eps_growth_yearly": 745.97
        },
        "20141": {
            "year_quarter": 20141,
            "year": 2014,
            "quarter": 1,
            "eps": -0.36,
            "eps_growth_year": -3700,
            "eps_4q": -1.98,
            "eps_4q_growth_year": null,
            "roe": -3.37,
            "gross_profit": 26518,
            "gross_margin": 19.1,
            "net_income": -35120,
            "revenue": 138870,
            "common_shares": 964205,
            "equity": 1024494,
            "current_ratio": 420.93,
            "debt_ratio": 11.07,
            "inventory_turnover_ratio": 0.69,
            "account_receivable_turnover_ratio": 1.33,
            "reinvestment_rate": null,
            "research_to_sale_ratio": 14.27,
            "price_fair": 31.15,
            "eps_avg_yearly": 0.89,
            "eps_latest_yearly": 1.16,
            "eps_growth_yearly": 972.46
        },
        "20142": {
            "year_quarter": 20142,
            "year": 2014,
            "quarter": 2,
            "eps": -0.3,
            "eps_growth_year": null,
            "eps_4q": -1.99,
            "eps_4q_growth_year": null,
            "roe": -2.96,
            "gross_profit": 20665,
            "gross_margin": 15.25,
            "net_income": -29401,
            "revenue": 135546,
            "common_shares": 964205,
            "equity": 964842,
            "current_ratio": 325.48,
            "debt_ratio": 13.58,
            "inventory_turnover_ratio": 0.88,
            "account_receivable_turnover_ratio": 1.42,
            "reinvestment_rate": null,
            "research_to_sale_ratio": 11.42,
            "price_fair": 30.8,
            "eps_avg_yearly": 0.88,
            "eps_latest_yearly": 1.16,
            "eps_growth_yearly": 1225.51
        },
        "20143": {
            "year_quarter": 20143,
            "year": 2014,
            "quarter": 3,
            "eps": -0.51,
            "eps_growth_year": null,
            "eps_4q": -2.23,
            "eps_4q_growth_year": null,
            "roe": -5.17,
            "gross_profit": -1370,
            "gross_margin": -1.08,
            "net_income": -48957,
            "revenue": 126795,
            "common_shares": 964205,
            "equity": 927466,
            "current_ratio": 432.25,
            "debt_ratio": 26.5,
            "inventory_turnover_ratio": 1.18,
            "account_receivable_turnover_ratio": 1.13,
            "reinvestment_rate": null,
            "research_to_sale_ratio": 15.67,
            "price_fair": 23.8,
            "eps_avg_yearly": 0.68,
            "eps_latest_yearly": 1.16,
            "eps_growth_yearly": 1760
        },
        "20144": {
            "year_quarter": 20144,
            "year": 2014,
            "quarter": 4,
            "eps": -0.37,
            "eps_growth_year": null,
            "eps_4q": -1.55,
            "eps_4q_growth_year": null,
            "roe": -3.72,
            "gross_profit": 7643,
            "gross_margin": 9.6,
            "net_income": -35831,
            "revenue": 79637,
            "common_shares": 964205,
            "equity": 996491,
            "current_ratio": 524.33,
            "debt_ratio": 23.38,
            "inventory_turnover_ratio": 0.8,
            "account_receivable_turnover_ratio": 0.76,
            "reinvestment_rate": null,
            "research_to_sale_ratio": 16.93,
            "price_fair": 23.8,
            "eps_avg_yearly": 0.68,
            "eps_latest_yearly": 1.16,
            "eps_growth_yearly": 1760
        },
        "20151": {
            "year_quarter": 20151,
            "year": 2015,
            "quarter": 1,
            "eps": -0.25,
            "eps_growth_year": null,
            "eps_4q": -1.42,
            "eps_4q_growth_year": null,
            "roe": -2.47,
            "gross_profit": 2950,
            "gross_margin": 3.73,
            "net_income": -24516,
            "revenue": 79166,
            "common_shares": 974510,
            "equity": 987672,
            "current_ratio": 727.07,
            "debt_ratio": 20.27,
            "inventory_turnover_ratio": 1.02,
            "account_receivable_turnover_ratio": 1.17,
            "reinvestment_rate": null,
            "research_to_sale_ratio": 19.09,
            "price_fair": 23.8,
            "eps_avg_yearly": 0.68,
            "eps_latest_yearly": 1.16,
            "eps_growth_yearly": 1760
        },
        "20152": {
            "year_quarter": 20152,
            "year": 2015,
            "quarter": 2,
            "eps": -0.4,
            "eps_growth_year": null,
            "eps_4q": -1.49,
            "eps_4q_growth_year": null,
            "roe": -3.81,
            "gross_profit": -6019,
            "gross_margin": -13.02,
            "net_income": -39500,
            "revenue": 46227,
            "common_shares": 974509,
            "equity": 1087100,
            "current_ratio": 866.49,
            "debt_ratio": 15.54,
            "inventory_turnover_ratio": 0.99,
            "account_receivable_turnover_ratio": 1,
            "reinvestment_rate": null,
            "research_to_sale_ratio": 25.35,
            "price_fair": 40.6,
            "eps_avg_yearly": 1.16,
            "eps_latest_yearly": 1.16,
            "eps_growth_yearly": 1920
        },
        "20153": {
            "year_quarter": 20153,
            "year": 2015,
            "quarter": 3,
            "eps": -0.27,
            "eps_growth_year": null,
            "eps_4q": -1.25,
            "eps_4q_growth_year": null,
            "roe": -2.55,
            "gross_profit": 7687,
            "gross_margin": 13.65,
            "net_income": -27631,
            "revenue": 56307,
            "common_shares": 1016948,
            "equity": 1082004,
            "current_ratio": 156.09,
            "debt_ratio": 17.34,
            "inventory_turnover_ratio": 1.11,
            "account_receivable_turnover_ratio": 1.34,
            "reinvestment_rate": null,
            "research_to_sale_ratio": 13.65,
            "price_fair": 0,
            "eps_avg_yearly": 0,
            "eps_latest_yearly": 0,
            "eps_growth_yearly": 0
        },
        "20154": {
            "year_quarter": 20154,
            "year": 2015,
            "quarter": 4,
            "eps": -3.85,
            "eps_growth_year": null,
            "eps_4q": -4.74,
            "eps_4q_growth_year": null,
            "roe": -44.04,
            "gross_profit": 236,
            "gross_margin": 0.49,
            "net_income": -391975,
            "revenue": 47860,
            "common_shares": 1019265,
            "equity": 698045,
            "current_ratio": 65.53,
            "debt_ratio": 22.63,
            "inventory_turnover_ratio": 1.27,
            "account_receivable_turnover_ratio": 1.21,
            "reinvestment_rate": null,
            "research_to_sale_ratio": 12.44,
            "price_fair": 0,
            "eps_avg_yearly": 0,
            "eps_latest_yearly": 0,
            "eps_growth_yearly": 0
        },
        "20161": {
            "year_quarter": 20161,
            "year": 2016,
            "quarter": 1,
            "eps": -0.32,
            "eps_growth_year": null,
            "eps_4q": -4.82,
            "eps_4q_growth_year": null,
            "roe": -4.01,
            "gross_profit": 8659,
            "gross_margin": 20.66,
            "net_income": -32554,
            "revenue": 41914,
            "common_shares": 1019265,
            "equity": 925724,
            "current_ratio": 54.97,
            "debt_ratio": 18.67,
            "inventory_turnover_ratio": 1.31,
            "account_receivable_turnover_ratio": 1.32,
            "reinvestment_rate": null,
            "research_to_sale_ratio": 11.62,
            "price_fair": 0,
            "eps_avg_yearly": 0,
            "eps_latest_yearly": 0,
            "eps_growth_yearly": 0
        },
        "20162": {
            "year_quarter": 20162,
            "year": 2016,
            "quarter": 2,
            "eps": -0.33,
            "eps_growth_year": null,
            "eps_4q": -4.77,
            "eps_4q_growth_year": null,
            "roe": -3.77,
            "gross_profit": 5558,
            "gross_margin": 17.95,
            "net_income": -34159,
            "revenue": 30963,
            "common_shares": 1019265,
            "equity": 886714,
            "current_ratio": 30.19,
            "debt_ratio": 17.72,
            "inventory_turnover_ratio": 1.69,
            "account_receivable_turnover_ratio": 1.24,
            "reinvestment_rate": null,
            "research_to_sale_ratio": 5.14,
            "price_fair": 0,
            "eps_avg_yearly": 0,
            "eps_latest_yearly": 0,
            "eps_growth_yearly": 0
        },
        "20163": {
            "year_quarter": 20163,
            "year": 2016,
            "quarter": 3,
            "eps": -0.02,
            "eps_growth_year": null,
            "eps_4q": -4.51,
            "eps_4q_growth_year": null,
            "roe": -0.16,
            "gross_profit": 2557,
            "gross_margin": 7.35,
            "net_income": -1437,
            "revenue": 34767,
            "common_shares": 1019265,
            "equity": 881081,
            "current_ratio": 180.79,
            "debt_ratio": 24.79,
            "inventory_turnover_ratio": 3.23,
            "account_receivable_turnover_ratio": 1.37,
            "reinvestment_rate": null,
            "research_to_sale_ratio": 6.75,
            "price_fair": 0,
            "eps_avg_yearly": 0,
            "eps_latest_yearly": 0,
            "eps_growth_yearly": 0
        },
        "20164": {
            "year_quarter": 20164,
            "year": 2016,
            "quarter": 4,
            "eps": -0.42,
            "eps_growth_year": null,
            "eps_4q": -1.09,
            "eps_4q_growth_year": null,
            "roe": -5.01,
            "gross_profit": 3342,
            "gross_margin": 16.87,
            "net_income": -43016,
            "revenue": 19807,
            "common_shares": 1019265,
            "equity": 836826,
            "current_ratio": 112.47,
            "debt_ratio": 25.66,
            "inventory_turnover_ratio": 2.48,
            "account_receivable_turnover_ratio": 1.02,
            "reinvestment_rate": null,
            "research_to_sale_ratio": -0.01,
            "price_fair": 0,
            "eps_avg_yearly": 0,
            "eps_latest_yearly": 0,
            "eps_growth_yearly": 0
        },
        "20171": {
            "year_quarter": 20171,
            "year": 2017,
            "quarter": 1,
            "eps": -0.16,
            "eps_growth_year": null,
            "eps_4q": -0.93,
            "eps_4q_growth_year": null,
            "roe": -1.92,
            "gross_profit": 4191,
            "gross_margin": 32.41,
            "net_income": -15911,
            "revenue": 12933,
            "common_shares": 1019265,
            "equity": 823576,
            "current_ratio": 92.31,
            "debt_ratio": 25.69,
            "inventory_turnover_ratio": 2.53,
            "account_receivable_turnover_ratio": 1.78,
            "reinvestment_rate": null,
            "research_to_sale_ratio": 0,
            "price_fair": 0,
            "eps_avg_yearly": 0,
            "eps_latest_yearly": 0,
            "eps_growth_yearly": 0
        },
        "20172": {
            "year_quarter": 20172,
            "year": 2017,
            "quarter": 2,
            "eps": -0.14,
            "eps_growth_year": null,
            "eps_4q": -0.73,
            "eps_4q_growth_year": null,
            "roe": -1.61,
            "gross_profit": 3139,
            "gross_margin": 34.92,
            "net_income": -14521,
            "revenue": 8988,
            "common_shares": 1019265,
            "equity": 975744,
            "current_ratio": 20.41,
            "debt_ratio": 23.59,
            "inventory_turnover_ratio": 2.09,
            "account_receivable_turnover_ratio": 2.87,
            "reinvestment_rate": null,
            "research_to_sale_ratio": 0,
            "price_fair": 0,
            "eps_avg_yearly": 0,
            "eps_latest_yearly": 0,
            "eps_growth_yearly": 0
        },
        "20173": {
            "year_quarter": 20173,
            "year": 2017,
            "quarter": 3,
            "eps": 2.07,
            "eps_growth_year": null,
            "eps_4q": 1.35,
            "eps_4q_growth_year": null,
            "roe": 19.51,
            "gross_profit": 3598,
            "gross_margin": 40.12,
            "net_income": 211021,
            "revenue": 8967,
            "common_shares": 1019265,
            "equity": 1186960,
            "current_ratio": 7282.91,
            "debt_ratio": 1.33,
            "inventory_turnover_ratio": 2.03,
            "account_receivable_turnover_ratio": 4.83,
            "reinvestment_rate": null,
            "research_to_sale_ratio": 0,
            "price_fair": 0,
            "eps_avg_yearly": 0,
            "eps_latest_yearly": 0,
            "eps_growth_yearly": 0
        },
        "20174": {
            "year_quarter": 20174,
            "year": 2017,
            "quarter": 4,
            "eps": -0.08,
            "eps_growth_year": null,
            "eps_4q": 1.7,
            "eps_4q_growth_year": null,
            "roe": -0.66,
            "gross_profit": 2507,
            "gross_margin": 40.41,
            "net_income": -7802,
            "revenue": 6204,
            "common_shares": 1019265,
            "equity": 1182818,
            "current_ratio": 823.95,
            "debt_ratio": 11.39,
            "inventory_turnover_ratio": 1.7,
            "account_receivable_turnover_ratio": 6.29,
            "reinvestment_rate": null,
            "research_to_sale_ratio": 0,
            "price_fair": 0,
            "eps_avg_yearly": 0,
            "eps_latest_yearly": 0,
            "eps_growth_yearly": 0
        },
        "20181": {
            "year_quarter": 20181,
            "year": 2018,
            "quarter": 1,
            "eps": -0.83,
            "eps_growth_year": null,
            "eps_4q": 1.02,
            "eps_4q_growth_year": null,
            "roe": -7.6,
            "gross_profit": -68893,
            "gross_margin": 110.93,
            "net_income": -84706,
            "revenue": -62103,
            "common_shares": 1019265,
            "equity": 1047136,
            "current_ratio": 353.04,
            "debt_ratio": 26.77,
            "inventory_turnover_ratio": 3.3,
            "account_receivable_turnover_ratio": -26.38,
            "reinvestment_rate": null,
            "research_to_sale_ratio": null,
            "price_fair": 0,
            "eps_avg_yearly": 0,
            "eps_latest_yearly": 0,
            "eps_growth_yearly": 0
        },
        "20182": {
            "year_quarter": 20182,
            "year": 2018,
            "quarter": 2,
            "eps": null,
            "eps_growth_year": null,
            "eps_4q": null,
            "eps_4q_growth_year": null,
            "roe": null,
            "gross_profit": null,
            "gross_margin": null,
            "net_income": null,
            "revenue": null,
            "common_shares": null,
            "equity": null,
            "current_ratio": null,
            "debt_ratio": null,
            "inventory_turnover_ratio": null,
            "account_receivable_turnover_ratio": null,
            "reinvestment_rate": null,
            "research_to_sale_ratio": null,
            "price_fair": 0,
            "eps_avg_yearly": 0,
            "eps_latest_yearly": 0,
            "eps_growth_yearly": 0
        },
        "20183": {
            "year_quarter": 20183,
            "year": 2018,
            "quarter": 3,
            "eps": -0.18,
            "eps_growth_year": -108.7,
            "eps_4q": null,
            "eps_4q_growth_year": null,
            "roe": -8.4,
            "gross_profit": -3566,
            "gross_margin": -120.43,
            "net_income": -16791,
            "revenue": 2961,
            "common_shares": 1019265,
            "equity": 200010,
            "current_ratio": 887.36,
            "debt_ratio": 5.38,
            "inventory_turnover_ratio": 3.1,
            "account_receivable_turnover_ratio": 2.42,
            "reinvestment_rate": null,
            "research_to_sale_ratio": 0,
            "price_fair": 0,
            "eps_avg_yearly": 0,
            "eps_latest_yearly": 0,
            "eps_growth_yearly": 0
        },
        "20184": {
            "year_quarter": 20184,
            "year": 2018,
            "quarter": 4,
            "eps": -0.24,
            "eps_growth_year": null,
            "eps_4q": null,
            "eps_4q_growth_year": null,
            "roe": -12.03,
            "gross_profit": 660,
            "gross_margin": 15.2,
            "net_income": -22690,
            "revenue": 4341,
            "common_shares": 1019265,
            "equity": 177085,
            "current_ratio": 599.18,
            "debt_ratio": 7.73,
            "inventory_turnover_ratio": 1.55,
            "account_receivable_turnover_ratio": 5.28,
            "reinvestment_rate": null,
            "research_to_sale_ratio": null,
            "price_fair": 0,
            "eps_avg_yearly": 0,
            "eps_latest_yearly": 0,
            "eps_growth_yearly": 0
        },
        "20191": {
            "year_quarter": 20191,
            "year": 2019,
            "quarter": 1,
            "eps": -0.24,
            "eps_growth_year": null,
            "eps_4q": null,
            "eps_4q_growth_year": null,
            "roe": -14.78,
            "gross_profit": -11162,
            "gross_margin": 125.97,
            "net_income": -24363,
            "revenue": -8861,
            "common_shares": 1019265,
            "equity": 152611,
            "current_ratio": 950.16,
            "debt_ratio": 7.79,
            "inventory_turnover_ratio": 0.65,
            "account_receivable_turnover_ratio": -21.27,
            "reinvestment_rate": null,
            "research_to_sale_ratio": null,
            "price_fair": 0,
            "eps_avg_yearly": 0,
            "eps_latest_yearly": 0,
            "eps_growth_yearly": 0
        },
        "20192": {
            "year_quarter": 20192,
            "year": 2019,
            "quarter": 2,
            "eps": 0.02,
            "eps_growth_year": null,
            "eps_4q": -0.65,
            "eps_4q_growth_year": null,
            "roe": 1.37,
            "gross_profit": 10686,
            "gross_margin": 82.83,
            "net_income": 2102,
            "revenue": 12901,
            "common_shares": 1019265,
            "equity": 154455,
            "current_ratio": 1150.79,
            "debt_ratio": 6.72,
            "inventory_turnover_ratio": 0.56,
            "account_receivable_turnover_ratio": 24.83,
            "reinvestment_rate": null,
            "research_to_sale_ratio": null,
            "price_fair": 0,
            "eps_avg_yearly": 0,
            "eps_latest_yearly": 0,
            "eps_growth_yearly": 0
        },
        "20193": {
            "year_quarter": 20193,
            "year": 2019,
            "quarter": 3,
            "eps": -0.15,
            "eps_growth_year": null,
            "eps_4q": -0.63,
            "eps_4q_growth_year": null,
            "roe": -9.72,
            "gross_profit": -7935,
            "gross_margin": 100.33,
            "net_income": -14321,
            "revenue": -7909,
            "common_shares": 1019265,
            "equity": 140161,
            "current_ratio": 797.27,
            "debt_ratio": 8.41,
            "inventory_turnover_ratio": 0.01,
            "account_receivable_turnover_ratio": -24.15,
            "reinvestment_rate": null,
            "research_to_sale_ratio": null,
            "price_fair": 0,
            "eps_avg_yearly": 0,
            "eps_latest_yearly": 0,
            "eps_growth_yearly": 0
        },
        "20194": {
            "year_quarter": 20194,
            "year": 2019,
            "quarter": 4,
            "eps": -0.26,
            "eps_growth_year": null,
            "eps_4q": -0.64,
            "eps_4q_growth_year": null,
            "roe": -18.88,
            "gross_profit": -3055,
            "gross_margin": -44.87,
            "net_income": -24283,
            "revenue": 6809,
            "common_shares": 1019265,
            "equity": 117045,
            "current_ratio": 528.52,
            "debt_ratio": 9.18,
            "inventory_turnover_ratio": 3.78,
            "account_receivable_turnover_ratio": 234.79,
            "reinvestment_rate": null,
            "research_to_sale_ratio": null,
            "price_fair": 0,
            "eps_avg_yearly": 0,
            "eps_latest_yearly": 0,
            "eps_growth_yearly": 0
        },
        "20201": {
            "year_quarter": 20201,
            "year": 2020,
            "quarter": 1,
            "eps": -0.17,
            "eps_growth_year": null,
            "eps_4q": -0.56,
            "eps_4q_growth_year": null,
            "roe": -14.96,
            "gross_profit": -8772,
            "gross_margin": 109.4,
            "net_income": -16269,
            "revenue": -8018,
            "common_shares": 1019265,
            "equity": 100506,
            "current_ratio": 169.62,
            "debt_ratio": 22.54,
            "inventory_turnover_ratio": 0.46,
            "account_receivable_turnover_ratio": -62.16,
            "reinvestment_rate": null,
            "research_to_sale_ratio": null,
            "price_fair": 0,
            "eps_avg_yearly": 0,
            "eps_latest_yearly": 0,
            "eps_growth_yearly": 0
        },
        "20202": {
            "year_quarter": 20202,
            "year": 2020,
            "quarter": 2,
            "eps": -0.09,
            "eps_growth_year": -550,
            "eps_4q": -0.67,
            "eps_4q_growth_year": null,
            "roe": -9.19,
            "gross_profit": 8508,
            "gross_margin": 99.99,
            "net_income": -8861,
            "revenue": 8509,
            "common_shares": 1019265,
            "equity": 92305,
            "current_ratio": 132.35,
            "debt_ratio": 27.15,
            "inventory_turnover_ratio": 0,
            "account_receivable_turnover_ratio": 65.96,
            "reinvestment_rate": null,
            "research_to_sale_ratio": null,
            "price_fair": 0,
            "eps_avg_yearly": 0,
            "eps_latest_yearly": 0,
            "eps_growth_yearly": 0
        },
        "20203": {
            "year_quarter": 20203,
            "year": 2020,
            "quarter": 3,
            "eps": -1,
            "eps_growth_year": null,
            "eps_4q": -2.77,
            "eps_4q_growth_year": null,
            "roe": -35.25,
            "gross_profit": -7558,
            "gross_margin": 100,
            "net_income": -27753,
            "revenue": -7558,
            "common_shares": 300000,
            "equity": 65139,
            "current_ratio": 87.43,
            "debt_ratio": 45.61,
            "inventory_turnover_ratio": 0,
            "account_receivable_turnover_ratio": -521.24,
            "reinvestment_rate": null,
            "research_to_sale_ratio": null,
            "price_fair": 0,
            "eps_avg_yearly": 0,
            "eps_latest_yearly": 0,
            "eps_growth_yearly": 0
        },
        "20204": {
            "year_quarter": 20204,
            "year": 2020,
            "quarter": 4,
            "eps": 1.99,
            "eps_growth_year": null,
            "eps_4q": 0.4,
            "eps_4q_growth_year": null,
            "roe": 59.64,
            "gross_profit": 16584,
            "gross_margin": 74.11,
            "net_income": 65999,
            "revenue": 22377,
            "common_shares": 330000,
            "equity": 156171,
            "current_ratio": 446.82,
            "debt_ratio": 9.55,
            "inventory_turnover_ratio": 2.38,
            "account_receivable_turnover_ratio": 4.48,
            "reinvestment_rate": null,
            "research_to_sale_ratio": null,
            "price_fair": 0,
            "eps_avg_yearly": 0,
            "eps_latest_yearly": 0,
            "eps_growth_yearly": 0
        },
        "20211": {
            "year_quarter": 20211,
            "year": 2021,
            "quarter": 1,
            "eps": -0.38,
            "eps_growth_year": null,
            "eps_4q": 0.47,
            "eps_4q_growth_year": null,
            "roe": -7.97,
            "gross_profit": -6801,
            "gross_margin": -48.58,
            "net_income": -12826,
            "revenue": 13999,
            "common_shares": 370000,
            "equity": 165714,
            "current_ratio": 911.62,
            "debt_ratio": 6.38,
            "inventory_turnover_ratio": 5.64,
            "account_receivable_turnover_ratio": 0.72,
            "reinvestment_rate": null,
            "research_to_sale_ratio": null,
            "price_fair": 0,
            "eps_avg_yearly": 0,
            "eps_latest_yearly": 0,
            "eps_growth_yearly": 0
        }
    },
    "months": {
        "2001-12": {
            "month": "2001-12",
            "price": "38.70",
            "revenue": 64035
        },
        "2002-01": {
            "month": "2002-01",
            "price": "65.70",
            "revenue": 46721
        },
        "2002-02": {
            "month": "2002-02",
            "price": "71.50",
            "revenue": 44075
        },
        "2002-03": {
            "month": "2002-03",
            "price": "72.10",
            "revenue": 64208
        },
        "2002-04": {
            "month": "2002-04",
            "price": "74.29",
            "revenue": 72068
        },
        "2002-05": {
            "month": "2002-05",
            "price": "69.95",
            "revenue": 74400
        },
        "2002-06": {
            "month": "2002-06",
            "price": "65.60",
            "revenue": 78671
        },
        "2002-07": {
            "month": "2002-07",
            "price": "55.80",
            "revenue": 75552
        },
        "2002-08": {
            "month": "2002-08",
            "price": "51.22",
            "revenue": 80590
        },
        "2002-09": {
            "month": "2002-09",
            "price": "53.24",
            "revenue": 83684
        },
        "2002-10": {
            "month": "2002-10",
            "price": "52.47",
            "revenue": 87183
        },
        "2002-11": {
            "month": "2002-11",
            "price": "63.69",
            "revenue": 93270
        },
        "2002-12": {
            "month": "2002-12",
            "price": "66.73",
            "revenue": 94943
        },
        "2003-01": {
            "month": "2003-01",
            "price": "60.55",
            "revenue": 94747
        },
        "2003-02": {
            "month": "2003-02",
            "price": "58.34",
            "revenue": 85578
        },
        "2003-03": {
            "month": "2003-03",
            "price": "64.50",
            "revenue": 112193
        },
        "2003-04": {
            "month": "2003-04",
            "price": "69.34",
            "revenue": 123240
        },
        "2003-05": {
            "month": "2003-05",
            "price": "80.00",
            "revenue": 124603
        },
        "2003-06": {
            "month": "2003-06",
            "price": "89.20",
            "revenue": 129055
        },
        "2003-07": {
            "month": "2003-07",
            "price": "103.61",
            "revenue": 116954
        },
        "2003-08": {
            "month": "2003-08",
            "price": "95.38",
            "revenue": 110219
        },
        "2003-09": {
            "month": "2003-09",
            "price": "86.74",
            "revenue": 114718
        },
        "2003-10": {
            "month": "2003-10",
            "price": "82.30",
            "revenue": 118310
        },
        "2003-11": {
            "month": "2003-11",
            "price": "82.52",
            "revenue": 119619
        },
        "2003-12": {
            "month": "2003-12",
            "price": "82.07",
            "revenue": 119782
        },
        "2004-01": {
            "month": "2004-01",
            "price": "82.83",
            "revenue": 94570
        },
        "2004-02": {
            "month": "2004-02",
            "price": "89.28",
            "revenue": 120231
        },
        "2004-03": {
            "month": "2004-03",
            "price": "85.41",
            "revenue": 137385
        },
        "2004-04": {
            "month": "2004-04",
            "price": "88.55",
            "revenue": 146256
        },
        "2004-05": {
            "month": "2004-05",
            "price": "83.50",
            "revenue": 148635
        },
        "2004-06": {
            "month": "2004-06",
            "price": "63.00",
            "revenue": 149502
        },
        "2004-07": {
            "month": "2004-07",
            "price": "50.33",
            "revenue": 151121
        },
        "2004-08": {
            "month": "2004-08",
            "price": "54.14",
            "revenue": 140418
        },
        "2004-09": {
            "month": "2004-09",
            "price": "56.67",
            "revenue": 146470
        },
        "2004-10": {
            "month": "2004-10",
            "price": "52.92",
            "revenue": 146913
        },
        "2004-11": {
            "month": "2004-11",
            "price": "52.90",
            "revenue": 147388
        },
        "2004-12": {
            "month": "2004-12",
            "price": "54.02",
            "revenue": 130679
        },
        "2005-01": {
            "month": "2005-01",
            "price": "53.90",
            "revenue": 151682
        },
        "2005-02": {
            "month": "2005-02",
            "price": "58.65",
            "revenue": 122104
        },
        "2005-03": {
            "month": "2005-03",
            "price": "60.42",
            "revenue": 171667
        },
        "2005-04": {
            "month": "2005-04",
            "price": "57.25",
            "revenue": 175309
        },
        "2005-05": {
            "month": "2005-05",
            "price": "54.54",
            "revenue": 182333
        },
        "2005-06": {
            "month": "2005-06",
            "price": "57.23",
            "revenue": 184490
        },
        "2005-07": {
            "month": "2005-07",
            "price": "57.60",
            "revenue": 180768
        },
        "2005-08": {
            "month": "2005-08",
            "price": "51.20",
            "revenue": 178222
        },
        "2005-09": {
            "month": "2005-09",
            "price": "49.89",
            "revenue": 176381
        },
        "2005-10": {
            "month": "2005-10",
            "price": "49.67",
            "revenue": 180268
        },
        "2005-11": {
            "month": "2005-11",
            "price": "48.49",
            "revenue": 192902
        },
        "2005-12": {
            "month": "2005-12",
            "price": "51.85",
            "revenue": 183234
        },
        "2006-01": {
            "month": "2006-01",
            "price": "52.43",
            "revenue": 162947
        },
        "2006-02": {
            "month": "2006-02",
            "price": "50.19",
            "revenue": 148106
        },
        "2006-03": {
            "month": "2006-03",
            "price": "49.80",
            "revenue": 199312
        },
        "2006-04": {
            "month": "2006-04",
            "price": "52.16",
            "revenue": 181676
        },
        "2006-05": {
            "month": "2006-05",
            "price": "51.15",
            "revenue": 166302
        },
        "2006-06": {
            "month": "2006-06",
            "price": "47.07",
            "revenue": 182703
        },
        "2006-07": {
            "month": "2006-07",
            "price": "46.09",
            "revenue": 182136
        },
        "2006-08": {
            "month": "2006-08",
            "price": "38.87",
            "revenue": 186841
        },
        "2006-09": {
            "month": "2006-09",
            "price": "35.37",
            "revenue": 193887
        },
        "2006-10": {
            "month": "2006-10",
            "price": "37.26",
            "revenue": 203625
        },
        "2006-11": {
            "month": "2006-11",
            "price": "40.40",
            "revenue": 212921
        },
        "2006-12": {
            "month": "2006-12",
            "price": "41.32",
            "revenue": 216274
        },
        "2007-01": {
            "month": "2007-01",
            "price": "42.35",
            "revenue": 200170
        },
        "2007-02": {
            "month": "2007-02",
            "price": "41.59",
            "revenue": 143245
        },
        "2007-03": {
            "month": "2007-03",
            "price": "42.47",
            "revenue": 236595
        },
        "2007-04": {
            "month": "2007-04",
            "price": "45.33",
            "revenue": 214230
        },
        "2007-05": {
            "month": "2007-05",
            "price": "45.29",
            "revenue": 219479
        },
        "2007-06": {
            "month": "2007-06",
            "price": "49.62",
            "revenue": 196159
        },
        "2007-07": {
            "month": "2007-07",
            "price": "52.45",
            "revenue": 214468
        },
        "2007-08": {
            "month": "2007-08",
            "price": "48.54",
            "revenue": 213717
        },
        "2007-09": {
            "month": "2007-09",
            "price": "47.57",
            "revenue": 187793
        },
        "2007-10": {
            "month": "2007-10",
            "price": "40.55",
            "revenue": 193240
        },
        "2007-11": {
            "month": "2007-11",
            "price": "33.25",
            "revenue": 214497
        },
        "2007-12": {
            "month": "2007-12",
            "price": "30.86",
            "revenue": 178566
        },
        "2008-01": {
            "month": "2008-01",
            "price": "27.07",
            "revenue": 194982
        },
        "2008-02": {
            "month": "2008-02",
            "price": "26.29",
            "revenue": 145906
        },
        "2008-03": {
            "month": "2008-03",
            "price": "28.47",
            "revenue": 174335
        },
        "2008-04": {
            "month": "2008-04",
            "price": "30.12",
            "revenue": 170135
        },
        "2008-05": {
            "month": "2008-05",
            "price": "28.05",
            "revenue": 161240
        },
        "2008-06": {
            "month": "2008-06",
            "price": "23.47",
            "revenue": 162817
        },
        "2008-07": {
            "month": "2008-07",
            "price": "18.31",
            "revenue": 173615
        },
        "2008-08": {
            "month": "2008-08",
            "price": "18.51",
            "revenue": 178312
        },
        "2008-09": {
            "month": "2008-09",
            "price": "14.99",
            "revenue": 177736
        },
        "2008-10": {
            "month": "2008-10",
            "price": "14.80",
            "revenue": 157596
        },
        "2008-11": {
            "month": "2008-11",
            "price": "13.58",
            "revenue": 145274
        },
        "2008-12": {
            "month": "2008-12",
            "price": "11.77",
            "revenue": 126184
        },
        "2009-01": {
            "month": "2009-01",
            "price": "11.79",
            "revenue": 85061
        },
        "2009-02": {
            "month": "2009-02",
            "price": "11.88",
            "revenue": 132225
        },
        "2009-03": {
            "month": "2009-03",
            "price": "13.48",
            "revenue": 137290
        },
        "2009-04": {
            "month": "2009-04",
            "price": "15.37",
            "revenue": 109024
        },
        "2009-05": {
            "month": "2009-05",
            "price": "15.85",
            "revenue": 115591
        },
        "2009-06": {
            "month": "2009-06",
            "price": "15.23",
            "revenue": 152126
        },
        "2009-07": {
            "month": "2009-07",
            "price": "16.30",
            "revenue": 141425
        },
        "2009-08": {
            "month": "2009-08",
            "price": "15.96",
            "revenue": 131495
        },
        "2009-09": {
            "month": "2009-09",
            "price": "17.08",
            "revenue": 127117
        },
        "2009-10": {
            "month": "2009-10",
            "price": "17.82",
            "revenue": 118086
        },
        "2009-11": {
            "month": "2009-11",
            "price": "17.50",
            "revenue": 133386
        },
        "2009-12": {
            "month": "2009-12",
            "price": "20.99",
            "revenue": 118125
        },
        "2010-01": {
            "month": "2010-01",
            "price": "20.68",
            "revenue": 127443
        },
        "2010-02": {
            "month": "2010-02",
            "price": "18.00",
            "revenue": 85319
        },
        "2010-03": {
            "month": "2010-03",
            "price": "19.13",
            "revenue": 105960
        },
        "2010-04": {
            "month": "2010-04",
            "price": "21.14",
            "revenue": 130618
        },
        "2010-05": {
            "month": "2010-05",
            "price": "18.35",
            "revenue": 119191
        },
        "2010-06": {
            "month": "2010-06",
            "price": "17.68",
            "revenue": 136332
        },
        "2010-07": {
            "month": "2010-07",
            "price": "18.56",
            "revenue": 161591
        },
        "2010-08": {
            "month": "2010-08",
            "price": "19.13",
            "revenue": 169726
        },
        "2010-09": {
            "month": "2010-09",
            "price": "19.94",
            "revenue": 187225
        },
        "2010-10": {
            "month": "2010-10",
            "price": "20.78",
            "revenue": 154324
        },
        "2010-11": {
            "month": "2010-11",
            "price": "20.26",
            "revenue": 127203
        },
        "2010-12": {
            "month": "2010-12",
            "price": "23.72",
            "revenue": 134225
        },
        "2011-01": {
            "month": "2011-01",
            "price": "26.14",
            "revenue": 74743
        },
        "2011-02": {
            "month": "2011-02",
            "price": "25.30",
            "revenue": 94175
        },
        "2011-03": {
            "month": "2011-03",
            "price": "23.93",
            "revenue": 135489
        },
        "2011-04": {
            "month": "2011-04",
            "price": "24.77",
            "revenue": 129628
        },
        "2011-05": {
            "month": "2011-05",
            "price": "23.49",
            "revenue": 125950
        },
        "2011-06": {
            "month": "2011-06",
            "price": "21.38",
            "revenue": 134260
        },
        "2011-07": {
            "month": "2011-07",
            "price": "18.12",
            "revenue": 153209
        },
        "2011-08": {
            "month": "2011-08",
            "price": "14.69",
            "revenue": 142098
        },
        "2011-09": {
            "month": "2011-09",
            "price": "14.15",
            "revenue": 125878
        },
        "2011-10": {
            "month": "2011-10",
            "price": "14.45",
            "revenue": 136662
        },
        "2011-11": {
            "month": "2011-11",
            "price": "14.27",
            "revenue": 116387
        },
        "2011-12": {
            "month": "2011-12",
            "price": "12.93",
            "revenue": 72807
        },
        "2012-01": {
            "month": "2012-01",
            "price": "12.38",
            "revenue": 82610
        },
        "2012-02": {
            "month": "2012-02",
            "price": "13.88",
            "revenue": 78549
        },
        "2012-03": {
            "month": "2012-03",
            "price": "13.85",
            "revenue": 96107
        },
        "2012-04": {
            "month": "2012-04",
            "price": "12.67",
            "revenue": 88183
        },
        "2012-05": {
            "month": "2012-05",
            "price": "12.44",
            "revenue": 109822
        },
        "2012-06": {
            "month": "2012-06",
            "price": "13.20",
            "revenue": 100580
        },
        "2012-07": {
            "month": "2012-07",
            "price": "12.22",
            "revenue": 86284
        },
        "2012-08": {
            "month": "2012-08",
            "price": "11.71",
            "revenue": 101155
        },
        "2012-09": {
            "month": "2012-09",
            "price": "11.62",
            "revenue": 72566
        },
        "2012-10": {
            "month": "2012-10",
            "price": "10.99",
            "revenue": 67798
        },
        "2012-11": {
            "month": "2012-11",
            "price": "10.34",
            "revenue": 73908
        },
        "2012-12": {
            "month": "2012-12",
            "price": "10.78",
            "revenue": 58460
        },
        "2013-01": {
            "month": "2013-01",
            "price": "11.00",
            "revenue": 126207
        },
        "2013-02": {
            "month": "2013-02",
            "price": "10.79",
            "revenue": 60134
        },
        "2013-03": {
            "month": "2013-03",
            "price": "11.03",
            "revenue": 78410
        },
        "2013-04": {
            "month": "2013-04",
            "price": "11.15",
            "revenue": 92927
        },
        "2013-05": {
            "month": "2013-05",
            "price": "11.52",
            "revenue": 74538
        },
        "2013-06": {
            "month": "2013-06",
            "price": "11.68",
            "revenue": 52767
        },
        "2013-07": {
            "month": "2013-07",
            "price": "11.38",
            "revenue": 82852
        },
        "2013-08": {
            "month": "2013-08",
            "price": "11.63",
            "revenue": 76772
        },
        "2013-09": {
            "month": "2013-09",
            "price": "11.68",
            "revenue": 69584
        },
        "2013-10": {
            "month": "2013-10",
            "price": "11.41",
            "revenue": 54186
        },
        "2013-11": {
            "month": "2013-11",
            "price": "10.85",
            "revenue": 51953
        },
        "2013-12": {
            "month": "2013-12",
            "price": "10.54",
            "revenue": 47057
        },
        "2014-01": {
            "month": "2014-01",
            "price": "12.28",
            "revenue": 58815
        },
        "2014-02": {
            "month": "2014-02",
            "price": "14.15",
            "revenue": 36749
        },
        "2014-03": {
            "month": "2014-03",
            "price": "15.79",
            "revenue": 43306
        },
        "2014-04": {
            "month": "2014-04",
            "price": "15.77",
            "revenue": 36795
        },
        "2014-05": {
            "month": "2014-05",
            "price": "15.00",
            "revenue": 30755
        },
        "2014-06": {
            "month": "2014-06",
            "price": "16.05",
            "revenue": 67996
        },
        "2014-07": {
            "month": "2014-07",
            "price": "18.85",
            "revenue": 42133
        },
        "2014-08": {
            "month": "2014-08",
            "price": "18.43",
            "revenue": 37254
        },
        "2014-09": {
            "month": "2014-09",
            "price": "17.75",
            "revenue": 47408
        },
        "2014-10": {
            "month": "2014-10",
            "price": "15.66",
            "revenue": 22564
        },
        "2014-11": {
            "month": "2014-11",
            "price": "12.13",
            "revenue": 19256
        },
        "2014-12": {
            "month": "2014-12",
            "price": "11.99",
            "revenue": 37817
        },
        "2015-01": {
            "month": "2015-01",
            "price": "12.90",
            "revenue": 35966
        },
        "2015-02": {
            "month": "2015-02",
            "price": "17.02",
            "revenue": 15672
        },
        "2015-03": {
            "month": "2015-03",
            "price": "23.22",
            "revenue": 27528
        },
        "2015-04": {
            "month": "2015-04",
            "price": "27.18",
            "revenue": 14966
        },
        "2015-05": {
            "month": "2015-05",
            "price": "28.46",
            "revenue": 20323
        },
        "2015-06": {
            "month": "2015-06",
            "price": "26.90",
            "revenue": 10842
        },
        "2015-07": {
            "month": "2015-07",
            "price": "25.60",
            "revenue": 20213
        },
        "2015-08": {
            "month": "2015-08",
            "price": "23.78",
            "revenue": 19407
        },
        "2015-09": {
            "month": "2015-09",
            "price": "23.92",
            "revenue": 16783
        },
        "2015-10": {
            "month": "2015-10",
            "price": "23.52",
            "revenue": 21577
        },
        "2015-11": {
            "month": "2015-11",
            "price": "16.71",
            "revenue": 14360
        },
        "2015-12": {
            "month": "2015-12",
            "price": "10.49",
            "revenue": 11923
        },
        "2016-01": {
            "month": "2016-01",
            "price": "8.45",
            "revenue": 10091
        },
        "2016-02": {
            "month": "2016-02",
            "price": "7.76",
            "revenue": 12151
        },
        "2016-03": {
            "month": "2016-03",
            "price": "10.39",
            "revenue": 19672
        },
        "2016-04": {
            "month": "2016-04",
            "price": "9.41",
            "revenue": 13185
        },
        "2016-07": {
            "month": "2016-07",
            "price": "10.05",
            "revenue": 4615
        },
        "2016-08": {
            "month": "2016-08",
            "price": "11.62",
            "revenue": 20460
        },
        "2016-09": {
            "month": "2016-09",
            "price": "12.99",
            "revenue": 9692
        },
        "2016-10": {
            "month": "2016-10",
            "price": "13.26",
            "revenue": 7332
        },
        "2016-11": {
            "month": "2016-11",
            "price": "12.64",
            "revenue": 7702
        },
        "2016-12": {
            "month": "2016-12",
            "price": "12.63",
            "revenue": 4773
        },
        "2017-01": {
            "month": "2017-01",
            "price": "12.75",
            "revenue": 3868
        },
        "2017-02": {
            "month": "2017-02",
            "price": "13.66",
            "revenue": 4525
        },
        "2017-03": {
            "month": "2017-03",
            "price": "13.58",
            "revenue": 4540
        },
        "2017-04": {
            "month": "2017-04",
            "price": "15.39",
            "revenue": 2713
        },
        "2017-05": {
            "month": "2017-05",
            "price": "17.44",
            "revenue": 3667
        },
        "2017-06": {
            "month": "2017-06",
            "price": "16.66",
            "revenue": 3434
        },
        "2017-07": {
            "month": "2017-07",
            "price": "16.48",
            "revenue": 4072
        },
        "2017-08": {
            "month": "2017-08",
            "price": "17.12",
            "revenue": 2973
        },
        "2017-09": {
            "month": "2017-09",
            "price": "17.17",
            "revenue": 1921
        },
        "2017-10": {
            "month": "2017-10",
            "price": "19.25",
            "revenue": 2054
        },
        "2017-11": {
            "month": "2017-11",
            "price": "21.80",
            "revenue": 2293
        },
        "2017-12": {
            "month": "2017-12",
            "price": "18.98",
            "revenue": 1857
        },
        "2018-01": {
            "month": "2018-01",
            "price": "19.45",
            "revenue": 1884
        },
        "2018-02": {
            "month": "2018-02",
            "price": "18.37",
            "revenue": 1624
        },
        "2018-03": {
            "month": "2018-03",
            "price": "18.67",
            "revenue": 3896
        },
        "2018-04": {
            "month": "2018-04",
            "price": "18.00",
            "revenue": -66683
        },
        "2018-05": {
            "month": "2018-05",
            "price": "15.45",
            "revenue": -178284
        },
        "2019-04": {
            "month": "2019-04",
            "price": "2.25",
            "revenue": 7719
        },
        "2019-05": {
            "month": "2019-05",
            "price": "2.34",
            "revenue": 5060
        },
        "2019-06": {
            "month": "2019-06",
            "price": "2.03",
            "revenue": 121
        },
        "2019-07": {
            "month": "2019-07",
            "price": "1.79",
            "revenue": -3059
        },
        "2019-08": {
            "month": "2019-08",
            "price": "2.15",
            "revenue": -55
        },
        "2019-09": {
            "month": "2019-09",
            "price": "2.62",
            "revenue": -4795
        },
        "2019-10": {
            "month": "2019-10",
            "price": "2.63",
            "revenue": -2540
        },
        "2019-11": {
            "month": "2019-11",
            "price": "3.40",
            "revenue": 3143
        },
        "2019-12": {
            "month": "2019-12",
            "price": "3.48",
            "revenue": -2155
        },
        "2020-01": {
            "month": "2020-01",
            "price": "3.47",
            "revenue": -462
        },
        "2020-02": {
            "month": "2020-02",
            "price": "3.38",
            "revenue": -1508
        },
        "2020-03": {
            "month": "2020-03",
            "price": "3.26",
            "revenue": -6168
        },
        "2020-04": {
            "month": "2020-04",
            "price": "2.98",
            "revenue": 363
        },
        "2020-05": {
            "month": "2020-05",
            "price": "2.79",
            "revenue": 2097
        },
        "2020-06": {
            "month": "2020-06",
            "price": "2.42",
            "revenue": 6168
        },
        "2020-07": {
            "month": "2020-07",
            "price": "3.27",
            "revenue": -1264
        },
        "2020-08": {
            "month": "2020-08",
            "price": "3.01",
            "revenue": -4889
        },
        "2020-09": {
            "month": "2020-09",
            "price": "4.19",
            "revenue": -1404
        },
        "2020-10": {
            "month": "2020-10",
            "price": "8.82",
            "revenue": 715
        },
        "2020-11": {
            "month": "2020-11",
            "price": "5.78",
            "revenue": 4218
        }
    }
}
