{
    "summary": {
        "stock_name": "金橋",
        "stock_id": "6133",
        "category": "電子零組件",
        "main_business": "連接器及連接線(組)<br>其他",
        "website_url": "http://www.gbe.com.tw",
        "ceo": "蔡文鐽",
        "pe_ratio": 0,
        "report_year_from": 2001,
        "report_year_to": 2023,
        "age": 22,
        "eps_negative_percentage": 17,
        "eps_growth_avg": {
            "last_all": -18.25,
            "last_2y": -94.44,
            "last_4y": -43.81,
            "last_8y": -9,
            "last_12y": -15.38,
            "last_16y": -22.53,
            "last_20y": -18.25,
            "at_2006_last_3y": 7.32,
            "at_2007_last_3y": 16.83,
            "at_2008_last_3y": -14.69,
            "at_2009_last_3y": -40.4,
            "at_2010_last_3y": -72.53,
            "at_2011_last_3y": -90.91,
            "at_2012_last_3y": -95.83,
            "at_2013_last_3y": -40.91,
            "at_2014_last_3y": 59.09,
            "at_2015_last_3y": 32.15,
            "at_2016_last_3y": 5.36,
            "at_2017_last_3y": 25.82,
            "at_2018_last_3y": -11.68,
            "at_2019_last_3y": 9.66,
            "at_2020_last_3y": 6.19,
            "at_2021_last_3y": -43.81,
            "at_2022_last_3y": -41.75,
            "at_2023_last_3y": -41.75,
            "at_2006_last_all": 3.09,
            "at_2007_last_all": -0.32,
            "at_2008_last_all": -11.86,
            "at_2009_last_all": -21.83,
            "at_2010_last_all": -30.52,
            "at_2011_last_all": -30.52,
            "at_2012_last_all": -30.52,
            "at_2013_last_all": -25.65,
            "at_2014_last_all": -14.22,
            "at_2015_last_all": -14.85,
            "at_2016_last_all": -19.48,
            "at_2017_last_all": -10.94,
            "at_2018_last_all": -13.55,
            "at_2019_last_all": -8.72,
            "at_2020_last_all": -13.44,
            "at_2021_last_all": -18.25,
            "at_2022_last_all": -18.25,
            "at_2023_last_all": -18.25
        },
        "latest_eps": 0,
        "latest_price": 18.75,
        "latest_roe": 0,
        "latest_gross_margin": 16.7,
        "latest_equity": 1212527,
        "latest_revenue": 256878,
        "latest_gross_profit": 42903,
        "latest_net_income": -11741,
        "latest_debt_ratio": 40.48,
        "latest_current_ratio": 136.23,
        "latest_account_receivable_turnover_ratio": 1.44,
        "latest_inventory_turnover_ratio": 0.73,
        "latest_reinvestment_rate": null,
        "latest_research_to_sale_ratio": 3.29
    },
    "eps_dividends": {
        "2000": {
            "cash": 0,
            "stock": 3,
            "eps": 0
        },
        "2001": {
            "cash": 1,
            "stock": 2,
            "eps": 2.89
        },
        "2002": {
            "cash": 0,
            "stock": 2,
            "eps": 2.49
        },
        "2003": {
            "cash": 1,
            "stock": 1,
            "eps": 1.11
        },
        "2004": {
            "cash": 1,
            "stock": 1,
            "eps": 1.61
        },
        "2005": {
            "cash": 1,
            "stock": 1,
            "eps": 1.79
        },
        "2006": {
            "cash": 1,
            "stock": 1,
            "eps": 2.3
        },
        "2007": {
            "cash": 1,
            "stock": 1,
            "eps": 1.9
        },
        "2008": {
            "cash": 1,
            "stock": 0,
            "eps": 0.36
        },
        "2009": {
            "cash": 0,
            "stock": 0,
            "eps": 0.03
        },
        "2010": {
            "cash": 0,
            "stock": 0,
            "eps": -0.26
        },
        "2011": {
            "cash": 0,
            "stock": 0,
            "eps": -1.41
        },
        "2012": {
            "cash": 0,
            "stock": 0,
            "eps": 0.11
        },
        "2013": {
            "cash": 0,
            "stock": 0,
            "eps": 0.13
        },
        "2014": {
            "cash": 0,
            "stock": 0,
            "eps": 0.46
        },
        "2015": {
            "cash": 0,
            "stock": 0,
            "eps": 0.36
        },
        "2016": {
            "cash": 0,
            "stock": 0,
            "eps": 0.09
        },
        "2017": {
            "cash": 0,
            "stock": 0,
            "eps": 0.22
        },
        "2018": {
            "cash": 0,
            "stock": 0,
            "eps": 0.11
        },
        "2019": {
            "cash": 0,
            "stock": 0,
            "eps": 0.18
        },
        "2020": {
            "cash": 0,
            "stock": 0,
            "eps": 0.02
        },
        "2021": {
            "cash": 0,
            "stock": 0,
            "eps": -0.48
        },
        "2022": {
            "cash": 0,
            "stock": 0,
            "eps": 0.65
        },
        "2023": {
            "cash": 1,
            "stock": 0,
            "eps": -0.1
        }
    },
    "dividends": {
        "2000-06-03": {
            "cash": 0,
            "stock": 3
        },
        "2001-06-30": {
            "cash": 0.5,
            "stock": 2
        },
        "2002-06-04": {
            "cash": 0,
            "stock": 2
        },
        "2003-03-05": {
            "cash": 0.8,
            "stock": 1.2
        },
        "2004-03-30": {
            "cash": 1,
            "stock": 0.5
        },
        "2005-03-16": {
            "cash": 0.76,
            "stock": 0.67
        },
        "2006-03-13": {
            "cash": 0.8,
            "stock": 0.7
        },
        "2007-03-21": {
            "cash": 1.4,
            "stock": 0.6
        },
        "2008-03-27": {
            "cash": 1.1,
            "stock": 0.4
        },
        "2009-03-31": {
            "cash": 0.3,
            "stock": 0
        },
        "2014-09-24": {
            "cash": 0.3,
            "stock": 0
        },
        "2015-10-07": {
            "cash": 0.4,
            "stock": 0
        },
        "2016-10-07": {
            "cash": 0.4,
            "stock": 0
        },
        "2017-10-18": {
            "cash": 0.2,
            "stock": 0
        },
        "2018-10-17": {
            "cash": 0.25,
            "stock": 0
        },
        "2019-10-17": {
            "cash": 0.25,
            "stock": 0
        },
        "2020-10-16": {
            "cash": 0.25,
            "stock": 0
        },
        "2023-03-29": {
            "cash": 0.5,
            "stock": 0
        }
    },
    "prices": {
        "200101": "無",
        "200102": "無",
        "200103": "無",
        "200104": "無",
        "200105": "無",
        "200106": "無",
        "200107": "無",
        "200108": "無",
        "200109": "無",
        "200110": "無",
        "200111": "無",
        "200112": "無",
        "200201": "39.56",
        "200202": "44.20",
        "200203": "41.39",
        "200204": "41.86",
        "200205": "37.09",
        "200206": "36.54",
        "200207": "33.99",
        "200208": "30.75",
        "200209": "27.00",
        "200210": "24.11",
        "200211": "25.57",
        "200212": "25.00",
        "200301": "27.19",
        "200302": "24.10",
        "200303": "22.70",
        "200304": "22.38",
        "200305": "19.19",
        "200306": "22.30",
        "200307": "30.31",
        "200308": "25.92",
        "200309": "22.29",
        "200310": "19.44",
        "200311": "20.00",
        "200312": "21.67",
        "200401": "24.03",
        "200402": "27.05",
        "200403": "25.31",
        "200404": "28.75",
        "200405": "23.89",
        "200406": "22.74",
        "200407": "21.92",
        "200408": "20.66",
        "200409": "22.51",
        "200410": "22.20",
        "200411": "21.99",
        "200412": "22.28",
        "200501": "21.80",
        "200502": "21.98",
        "200503": "22.82",
        "200504": "23.92",
        "200505": "20.90",
        "200506": "21.70",
        "200507": "21.70",
        "200508": "18.69",
        "200509": "17.90",
        "200510": "17.56",
        "200511": "17.18",
        "200512": "20.02",
        "200601": "24.70",
        "200602": "21.96",
        "200603": "21.14",
        "200604": "24.18",
        "200605": "28.28",
        "200606": "26.89",
        "200607": "24.80",
        "200608": "23.86",
        "200609": "23.41",
        "200610": "24.32",
        "200611": "24.77",
        "200612": "26.73",
        "200701": "28.68",
        "200702": "32.49",
        "200703": "32.41",
        "200704": "30.68",
        "200705": "28.14",
        "200706": "28.80",
        "200707": "29.60",
        "200708": "25.44",
        "200709": "24.22",
        "200710": "24.23",
        "200711": "22.69",
        "200712": "19.85",
        "200801": "17.12",
        "200802": "15.24",
        "200803": "16.04",
        "200804": "無",
        "200805": "18.47",
        "200806": "16.89",
        "200807": "14.74",
        "200808": "14.67",
        "200809": "12.35",
        "200810": "9.48",
        "200811": "7.73",
        "200812": "7.51",
        "200901": "7.38",
        "200902": "7.55",
        "200903": "8.58",
        "200904": "9.21",
        "200905": "9.26",
        "200906": "9.21",
        "200907": "9.99",
        "200908": "11.24",
        "200909": "11.61",
        "200910": "12.89",
        "200911": "12.56",
        "200912": "12.88",
        "201001": "13.52",
        "201002": "12.54",
        "201003": "13.54",
        "201004": "14.40",
        "201005": "15.53",
        "201006": "14.96",
        "201007": "14.91",
        "201008": "14.84",
        "201009": "12.83",
        "201010": "12.00",
        "201011": "10.34",
        "201012": "11.71",
        "201101": "11.33",
        "201102": "11.75",
        "201103": "11.53",
        "201104": "10.86",
        "201105": "10.80",
        "201106": "10.06",
        "201107": "9.63",
        "201108": "8.58",
        "201109": "8.03",
        "201110": "8.07",
        "201111": "7.79",
        "201112": "7.36",
        "201201": "7.17",
        "201202": "8.13",
        "201203": "7.79",
        "201204": "7.77",
        "201205": "8.06",
        "201206": "7.96",
        "201207": "7.87",
        "201208": "7.52",
        "201209": "8.17",
        "201210": "8.04",
        "201211": "7.95",
        "201212": "8.11",
        "201301": "8.84",
        "201302": "8.87",
        "201303": "8.56",
        "201304": "8.62",
        "201305": "9.08",
        "201306": "9.43",
        "201307": "9.07",
        "201308": "9.09",
        "201309": "9.13",
        "201310": "9.11",
        "201311": "8.84",
        "201312": "8.85",
        "201401": "9.58",
        "201402": "12.03",
        "201403": "11.50",
        "201404": "12.62",
        "201405": "12.01",
        "201406": "12.90",
        "201407": "12.39",
        "201408": "11.03",
        "201409": "10.41",
        "201410": "9.52",
        "201411": "9.41",
        "201412": "10.08",
        "201501": "11.11",
        "201502": "10.94",
        "201503": "10.92",
        "201504": "11.17",
        "201505": "10.53",
        "201506": "9.44",
        "201507": "9.96",
        "201508": "9.90",
        "201509": "10.24",
        "201510": "10.61",
        "201511": "11.06",
        "201512": "10.66",
        "201601": "10.19",
        "201602": "9.96",
        "201603": "10.03",
        "201604": "10.00",
        "201605": "9.86",
        "201606": "9.45",
        "201607": "9.36",
        "201608": "9.26",
        "201609": "9.20",
        "201610": "9.02",
        "201611": "8.86",
        "201612": "8.95",
        "201701": "9.22",
        "201702": "9.49",
        "201703": "9.32",
        "201704": "9.53",
        "201705": "9.37",
        "201706": "9.37",
        "201707": "9.89",
        "201708": "10.47",
        "201709": "11.33",
        "201710": "10.85",
        "201711": "10.61",
        "201712": "10.27",
        "201801": "10.60",
        "201802": "9.99",
        "201803": "10.16",
        "201804": "10.26",
        "201805": "9.53",
        "201806": "9.52",
        "201807": "9.60",
        "201808": "9.08",
        "201809": "9.11",
        "201810": "8.44",
        "201811": "8.49",
        "201812": "8.64",
        "201901": "8.63",
        "201902": "8.71",
        "201903": "8.92",
        "201904": "8.97",
        "201905": "8.70",
        "201906": "8.45",
        "201907": "8.51",
        "201908": "8.36",
        "201909": "8.37",
        "201910": "8.23",
        "201911": "8.21",
        "201912": "8.19",
        "202001": "8.24",
        "202002": "7.52",
        "202003": "6.77",
        "202004": "6.67",
        "202005": "7.11",
        "202006": "7.30",
        "202007": "7.53",
        "202008": "7.67",
        "202009": "8.11",
        "202010": "8.29",
        "202011": "8.23",
        "202012": "9.08",
        "202101": "9.18",
        "202102": "8.84",
        "202103": "9.73",
        "202104": "11.28",
        "202105": "9.63",
        "202106": "8.99",
        "202107": "8.99",
        "202108": "8.66",
        "202109": "8.62",
        "202110": "8.51",
        "202111": "8.81",
        "202112": "9.77",
        "202201": "10.30",
        "202202": "9.87",
        "202203": "9.44",
        "202204": "9.34",
        "202205": "9.16",
        "202206": "11.61",
        "202207": "15.06",
        "202208": "25.18",
        "202209": "24.87",
        "202210": "20.84",
        "202211": "26.25",
        "202212": "24.19",
        "202301": "22.88",
        "202302": "23.26",
        "202303": "23.24",
        "202304": "22.59",
        "202305": "19.33"
    },
    "quarters": {
        "20011": {
            "year_quarter": 20011,
            "year": 2001,
            "quarter": 1,
            "eps": 0.99,
            "eps_growth_year": null,
            "eps_4q": null,
            "eps_4q_growth_year": null,
            "roe": 5.21,
            "roe_4q": 5.21,
            "gross_profit": 85760,
            "gross_margin": 36.37,
            "gross_margin_4q_avg": 36.37,
            "net_income": 35987,
            "revenue": 235816,
            "common_shares": 364000,
            "book_valuer_per_share": 19.45,
            "book_valuer_per_share_4q_avg": 19.45,
            "equity": 707883,
            "current_ratio": 138.83,
            "debt_ratio": 39.15,
            "inventory_turnover_ratio": 1.08,
            "account_receivable_turnover_ratio": null,
            "reinvestment_rate": null,
            "research_to_sale_ratio": null,
            "price_fair": 0,
            "eps_avg_yearly": 0,
            "eps_latest_yearly": 0,
            "eps_growth_yearly": 0
        },
        "20012": {
            "year_quarter": 20012,
            "year": 2001,
            "quarter": 2,
            "eps": 0.68,
            "eps_growth_year": null,
            "eps_4q": null,
            "eps_4q_growth_year": null,
            "roe": 3.31,
            "roe_4q": 8.52,
            "gross_profit": 61940,
            "gross_margin": 26.84,
            "gross_margin_4q_avg": 31.61,
            "net_income": 25742,
            "revenue": 230794,
            "common_shares": 406000,
            "book_valuer_per_share": 20.89,
            "book_valuer_per_share_4q_avg": 20.17,
            "equity": 848178,
            "current_ratio": 177.3,
            "debt_ratio": 34.67,
            "inventory_turnover_ratio": 1.18,
            "account_receivable_turnover_ratio": null,
            "reinvestment_rate": null,
            "research_to_sale_ratio": null,
            "price_fair": 0,
            "eps_avg_yearly": 0,
            "eps_latest_yearly": 0,
            "eps_growth_yearly": 0
        },
        "20013": {
            "year_quarter": 20013,
            "year": 2001,
            "quarter": 3,
            "eps": 0.55,
            "eps_growth_year": null,
            "eps_4q": null,
            "eps_4q_growth_year": null,
            "roe": 2.47,
            "roe_4q": 10.99,
            "gross_profit": 71284,
            "gross_margin": 30.74,
            "gross_margin_4q_avg": 31.32,
            "net_income": 21286,
            "revenue": 231873,
            "common_shares": 406000,
            "book_valuer_per_share": 21.62,
            "book_valuer_per_share_4q_avg": 20.65,
            "equity": 877862,
            "current_ratio": 210.12,
            "debt_ratio": 29.25,
            "inventory_turnover_ratio": 1.19,
            "account_receivable_turnover_ratio": null,
            "reinvestment_rate": null,
            "research_to_sale_ratio": null,
            "price_fair": 0,
            "eps_avg_yearly": 0,
            "eps_latest_yearly": 0,
            "eps_growth_yearly": 0
        },
        "20014": {
            "year_quarter": 20014,
            "year": 2001,
            "quarter": 4,
            "eps": 0.67,
            "eps_growth_year": null,
            "eps_4q": 2.4,
            "eps_4q_growth_year": null,
            "roe": 3.59,
            "roe_4q": 14.580000000000002,
            "gross_profit": 70609,
            "gross_margin": 28.56,
            "gross_margin_4q_avg": 30.63,
            "net_income": 32180,
            "revenue": 247259,
            "common_shares": 496000,
            "book_valuer_per_share": 18.42,
            "book_valuer_per_share_4q_avg": 20.1,
            "equity": 913850,
            "current_ratio": 242.38,
            "debt_ratio": 27.8,
            "inventory_turnover_ratio": 1.36,
            "account_receivable_turnover_ratio": null,
            "reinvestment_rate": null,
            "research_to_sale_ratio": null,
            "price_fair": 0,
            "eps_avg_yearly": 0,
            "eps_latest_yearly": 0,
            "eps_growth_yearly": 0
        },
        "20021": {
            "year_quarter": 20021,
            "year": 2002,
            "quarter": 1,
            "eps": 0.69,
            "eps_growth_year": -30.3,
            "eps_4q": 2.29,
            "eps_4q_growth_year": null,
            "roe": 3.67,
            "roe_4q": 13.040000000000001,
            "gross_profit": 70673,
            "gross_margin": 27.94,
            "gross_margin_4q_avg": 28.52,
            "net_income": 34126,
            "revenue": 252900,
            "common_shares": 496000,
            "book_valuer_per_share": 19.12,
            "book_valuer_per_share_4q_avg": 20.01,
            "equity": 948199,
            "current_ratio": 171.51,
            "debt_ratio": 28.53,
            "inventory_turnover_ratio": 1.48,
            "account_receivable_turnover_ratio": null,
            "reinvestment_rate": null,
            "research_to_sale_ratio": null,
            "price_fair": 60.56,
            "eps_avg_yearly": 2.76,
            "eps_latest_yearly": 2.76,
            "eps_growth_yearly": 11.94
        },
        "20022": {
            "year_quarter": 20022,
            "year": 2002,
            "quarter": 2,
            "eps": 0.7,
            "eps_growth_year": 2.94,
            "eps_4q": 2.45,
            "eps_4q_growth_year": null,
            "roe": 3.66,
            "roe_4q": 13.39,
            "gross_profit": 55324,
            "gross_margin": 20.61,
            "gross_margin_4q_avg": 26.96,
            "net_income": 34958,
            "revenue": 268457,
            "common_shares": 496000,
            "book_valuer_per_share": 19.38,
            "book_valuer_per_share_4q_avg": 19.64,
            "equity": 961117,
            "current_ratio": 175.33,
            "debt_ratio": 28.62,
            "inventory_turnover_ratio": 1.88,
            "account_receivable_turnover_ratio": null,
            "reinvestment_rate": null,
            "research_to_sale_ratio": null,
            "price_fair": 52.45,
            "eps_avg_yearly": 2.78,
            "eps_latest_yearly": 2.8,
            "eps_growth_yearly": 8.87
        },
        "20023": {
            "year_quarter": 20023,
            "year": 2002,
            "quarter": 3,
            "eps": 0.65,
            "eps_growth_year": 18.18,
            "eps_4q": 2.34,
            "eps_4q_growth_year": null,
            "roe": 3.93,
            "roe_4q": 14.85,
            "gross_profit": 54115,
            "gross_margin": 22.4,
            "gross_margin_4q_avg": 24.88,
            "net_income": 38936,
            "revenue": 241627,
            "common_shares": 600000,
            "book_valuer_per_share": 17.01,
            "book_valuer_per_share_4q_avg": 18.48,
            "equity": 1020831,
            "current_ratio": 180.22,
            "debt_ratio": 26.99,
            "inventory_turnover_ratio": 1.84,
            "account_receivable_turnover_ratio": null,
            "reinvestment_rate": null,
            "research_to_sale_ratio": null,
            "price_fair": 8.16,
            "eps_avg_yearly": 2.72,
            "eps_latest_yearly": 2.6,
            "eps_growth_yearly": -3.61
        },
        "20024": {
            "year_quarter": 20024,
            "year": 2002,
            "quarter": 4,
            "eps": 0.45,
            "eps_growth_year": -32.84,
            "eps_4q": 2.23,
            "eps_4q_growth_year": -6.94,
            "roe": 2.64,
            "roe_4q": 13.9,
            "gross_profit": 61246,
            "gross_margin": 21.5,
            "gross_margin_4q_avg": 23.11,
            "net_income": 27278,
            "revenue": 284913,
            "common_shares": 600000,
            "book_valuer_per_share": 17.42,
            "book_valuer_per_share_4q_avg": 18.23,
            "equity": 1045336,
            "current_ratio": 259.82,
            "debt_ratio": 26.85,
            "inventory_turnover_ratio": 2.07,
            "account_receivable_turnover_ratio": null,
            "reinvestment_rate": null,
            "research_to_sale_ratio": null,
            "price_fair": 7.47,
            "eps_avg_yearly": 2.49,
            "eps_latest_yearly": 1.8,
            "eps_growth_yearly": -33.48
        },
        "20031": {
            "year_quarter": 20031,
            "year": 2003,
            "quarter": 1,
            "eps": 0.32,
            "eps_growth_year": -53.62,
            "eps_4q": 2.01,
            "eps_4q_growth_year": -12.5,
            "roe": 1.82,
            "roe_4q": 12.05,
            "gross_profit": 45042,
            "gross_margin": 22.86,
            "gross_margin_4q_avg": 21.84,
            "net_income": 19213,
            "revenue": 196996,
            "common_shares": 600000,
            "book_valuer_per_share": 17.74,
            "book_valuer_per_share_4q_avg": 17.89,
            "equity": 1064354,
            "current_ratio": 162.51,
            "debt_ratio": 29.32,
            "inventory_turnover_ratio": 1.08,
            "account_receivable_turnover_ratio": null,
            "reinvestment_rate": null,
            "research_to_sale_ratio": null,
            "price_fair": 6.74,
            "eps_avg_yearly": 2.25,
            "eps_latest_yearly": 1.28,
            "eps_growth_yearly": -49.89
        },
        "20032": {
            "year_quarter": 20032,
            "year": 2003,
            "quarter": 2,
            "eps": 0.22,
            "eps_growth_year": -68.57,
            "eps_4q": 1.63,
            "eps_4q_growth_year": -33.62,
            "roe": 1.28,
            "roe_4q": 9.67,
            "gross_profit": 41084,
            "gross_margin": 19.78,
            "gross_margin_4q_avg": 21.64,
            "net_income": 13339,
            "revenue": 207736,
            "common_shares": 600000,
            "book_valuer_per_share": 17.1,
            "book_valuer_per_share_4q_avg": 17.32,
            "equity": 1026026,
            "current_ratio": 143.61,
            "debt_ratio": 32.58,
            "inventory_turnover_ratio": 0.99,
            "account_receivable_turnover_ratio": null,
            "reinvestment_rate": null,
            "research_to_sale_ratio": null,
            "price_fair": 6.06,
            "eps_avg_yearly": 2.02,
            "eps_latest_yearly": 0.88,
            "eps_growth_yearly": -62.41
        },
        "20033": {
            "year_quarter": 20033,
            "year": 2003,
            "quarter": 3,
            "eps": 0.29,
            "eps_growth_year": -55.38,
            "eps_4q": 1.16,
            "eps_4q_growth_year": -50.32,
            "roe": 1.93,
            "roe_4q": 7.67,
            "gross_profit": 49185,
            "gross_margin": 20.31,
            "gross_margin_4q_avg": 21.11,
            "net_income": 19879,
            "revenue": 242210,
            "common_shares": 680000,
            "book_valuer_per_share": 15.19,
            "book_valuer_per_share_4q_avg": 16.86,
            "equity": 1033157,
            "current_ratio": 139.56,
            "debt_ratio": 35.01,
            "inventory_turnover_ratio": 1.01,
            "account_receivable_turnover_ratio": null,
            "reinvestment_rate": null,
            "research_to_sale_ratio": null,
            "price_fair": 5.69,
            "eps_avg_yearly": 1.9,
            "eps_latest_yearly": 1.16,
            "eps_growth_yearly": -35.31
        },
        "20034": {
            "year_quarter": 20034,
            "year": 2003,
            "quarter": 4,
            "eps": 0.28,
            "eps_growth_year": -37.78,
            "eps_4q": 1.05,
            "eps_4q_growth_year": -52.96,
            "roe": 1.83,
            "roe_4q": 6.86,
            "gross_profit": 55494,
            "gross_margin": 20.49,
            "gross_margin_4q_avg": 20.86,
            "net_income": 19069,
            "revenue": 270821,
            "common_shares": 680000,
            "book_valuer_per_share": 15.52,
            "book_valuer_per_share_4q_avg": 16.39,
            "equity": 1055691,
            "current_ratio": 237.07,
            "debt_ratio": 28.59,
            "inventory_turnover_ratio": 1.03,
            "account_receivable_turnover_ratio": null,
            "reinvestment_rate": null,
            "research_to_sale_ratio": null,
            "price_fair": 5.4,
            "eps_avg_yearly": 1.8,
            "eps_latest_yearly": 1.12,
            "eps_growth_yearly": -32.62
        },
        "20041": {
            "year_quarter": 20041,
            "year": 2004,
            "quarter": 1,
            "eps": 0.28,
            "eps_growth_year": -12.5,
            "eps_4q": 1.04,
            "eps_4q_growth_year": -48.04,
            "roe": 1.82,
            "roe_4q": 6.86,
            "gross_profit": 59967,
            "gross_margin": 20.24,
            "gross_margin_4q_avg": 20.21,
            "net_income": 19219,
            "revenue": 296326,
            "common_shares": 680000,
            "book_valuer_per_share": 15.6,
            "book_valuer_per_share_4q_avg": 15.85,
            "equity": 1061107,
            "current_ratio": 147.47,
            "debt_ratio": 34.33,
            "inventory_turnover_ratio": 1.05,
            "account_receivable_turnover_ratio": null,
            "reinvestment_rate": null,
            "research_to_sale_ratio": null,
            "price_fair": 5.17,
            "eps_avg_yearly": 1.72,
            "eps_latest_yearly": 1.12,
            "eps_growth_yearly": -29
        },
        "20042": {
            "year_quarter": 20042,
            "year": 2004,
            "quarter": 2,
            "eps": 0.43,
            "eps_growth_year": 95.45,
            "eps_4q": 1.28,
            "eps_4q_growth_year": -21.63,
            "roe": 2.82,
            "roe_4q": 8.4,
            "gross_profit": 73348,
            "gross_margin": 21.82,
            "gross_margin_4q_avg": 20.72,
            "net_income": 29546,
            "revenue": 336184,
            "common_shares": 680000,
            "book_valuer_per_share": 15.22,
            "book_valuer_per_share_4q_avg": 15.38,
            "equity": 1034897,
            "current_ratio": 195.74,
            "debt_ratio": 46.65,
            "inventory_turnover_ratio": 1.03,
            "account_receivable_turnover_ratio": null,
            "reinvestment_rate": null,
            "research_to_sale_ratio": null,
            "price_fair": 5.17,
            "eps_avg_yearly": 1.72,
            "eps_latest_yearly": 1.72,
            "eps_growth_yearly": -4.67
        },
        "20043": {
            "year_quarter": 20043,
            "year": 2004,
            "quarter": 3,
            "eps": 0.62,
            "eps_growth_year": 113.79,
            "eps_4q": 1.57,
            "eps_4q_growth_year": 35.08,
            "roe": 4.17,
            "roe_4q": 10.64,
            "gross_profit": 84172,
            "gross_margin": 20.84,
            "gross_margin_4q_avg": 20.85,
            "net_income": 44238,
            "revenue": 403820,
            "common_shares": 719696,
            "book_valuer_per_share": 15.11,
            "book_valuer_per_share_4q_avg": 15.36,
            "equity": 1087433,
            "current_ratio": 229.02,
            "debt_ratio": 43.07,
            "inventory_turnover_ratio": 1.23,
            "account_receivable_turnover_ratio": null,
            "reinvestment_rate": null,
            "research_to_sale_ratio": null,
            "price_fair": 39.12,
            "eps_avg_yearly": 1.79,
            "eps_latest_yearly": 2.48,
            "eps_growth_yearly": 11.82
        },
        "20044": {
            "year_quarter": 20044,
            "year": 2004,
            "quarter": 4,
            "eps": 0.28,
            "eps_growth_year": 0,
            "eps_4q": 1.58,
            "eps_4q_growth_year": 50.33,
            "roe": 1.86,
            "roe_4q": 10.67,
            "gross_profit": 80748,
            "gross_margin": 21.03,
            "gross_margin_4q_avg": 20.98,
            "net_income": 20058,
            "revenue": 383912,
            "common_shares": 723803,
            "book_valuer_per_share": 14.83,
            "book_valuer_per_share_4q_avg": 15.19,
            "equity": 1073217,
            "current_ratio": 257.61,
            "debt_ratio": 45,
            "inventory_turnover_ratio": 1.22,
            "account_receivable_turnover_ratio": null,
            "reinvestment_rate": 31.92,
            "research_to_sale_ratio": null,
            "price_fair": 5.21,
            "eps_avg_yearly": 1.74,
            "eps_latest_yearly": 1.12,
            "eps_growth_yearly": -7.44
        },
        "20051": {
            "year_quarter": 20051,
            "year": 2005,
            "quarter": 1,
            "eps": 0.22,
            "eps_growth_year": -21.43,
            "eps_4q": 1.51,
            "eps_4q_growth_year": 45.26,
            "roe": 1.44,
            "roe_4q": 10.29,
            "gross_profit": 74284,
            "gross_margin": 20.75,
            "gross_margin_4q_avg": 21.11,
            "net_income": 15964,
            "revenue": 358001,
            "common_shares": 748592,
            "book_valuer_per_share": 15.28,
            "book_valuer_per_share_4q_avg": 15.11,
            "equity": 1144153,
            "current_ratio": 257.81,
            "debt_ratio": 38.25,
            "inventory_turnover_ratio": 1.13,
            "account_receivable_turnover_ratio": null,
            "reinvestment_rate": -16.49,
            "research_to_sale_ratio": null,
            "price_fair": 5.01,
            "eps_avg_yearly": 1.67,
            "eps_latest_yearly": 0.88,
            "eps_growth_yearly": -13.46
        },
        "20052": {
            "year_quarter": 20052,
            "year": 2005,
            "quarter": 2,
            "eps": 0.11,
            "eps_growth_year": -74.42,
            "eps_4q": 1.13,
            "eps_4q_growth_year": -11.74,
            "roe": 0.77,
            "roe_4q": 8.24,
            "gross_profit": 58260,
            "gross_margin": 18.45,
            "gross_margin_4q_avg": 20.27,
            "net_income": 8684,
            "revenue": 315824,
            "common_shares": 757822,
            "book_valuer_per_share": 14.74,
            "book_valuer_per_share_4q_avg": 14.99,
            "equity": 1117052,
            "current_ratio": 231.7,
            "debt_ratio": 39.61,
            "inventory_turnover_ratio": 1.04,
            "account_receivable_turnover_ratio": null,
            "reinvestment_rate": -18.63,
            "research_to_sale_ratio": null,
            "price_fair": 4.75,
            "eps_avg_yearly": 1.58,
            "eps_latest_yearly": 0.44,
            "eps_growth_yearly": -26.79
        },
        "20053": {
            "year_quarter": 20053,
            "year": 2005,
            "quarter": 3,
            "eps": 0.44,
            "eps_growth_year": -29.03,
            "eps_4q": 1,
            "eps_4q_growth_year": -36.04,
            "roe": 3.02,
            "roe_4q": 7.090000000000001,
            "gross_profit": 72242,
            "gross_margin": 20.23,
            "gross_margin_4q_avg": 20.12,
            "net_income": 34841,
            "revenue": 357071,
            "common_shares": 816832,
            "book_valuer_per_share": 14.54,
            "book_valuer_per_share_4q_avg": 14.85,
            "equity": 1187874,
            "current_ratio": 240.14,
            "debt_ratio": 37.77,
            "inventory_turnover_ratio": 1.11,
            "account_receivable_turnover_ratio": null,
            "reinvestment_rate": -37.43,
            "research_to_sale_ratio": null,
            "price_fair": 55.81,
            "eps_avg_yearly": 1.59,
            "eps_latest_yearly": 1.76,
            "eps_growth_yearly": 55
        },
        "20054": {
            "year_quarter": 20054,
            "year": 2005,
            "quarter": 4,
            "eps": 1.02,
            "eps_growth_year": 264.29,
            "eps_4q": 1.77,
            "eps_4q_growth_year": 12,
            "roe": 6.63,
            "roe_4q": 11.86,
            "gross_profit": 66294,
            "gross_margin": 16.62,
            "gross_margin_4q_avg": 19.01,
            "net_income": 81158,
            "revenue": 398882,
            "common_shares": 819627,
            "book_valuer_per_share": 15.39,
            "book_valuer_per_share_4q_avg": 14.99,
            "equity": 1261616,
            "current_ratio": 256.85,
            "debt_ratio": 38.41,
            "inventory_turnover_ratio": 1.19,
            "account_receivable_turnover_ratio": null,
            "reinvestment_rate": -7.4,
            "research_to_sale_ratio": null,
            "price_fair": 61.25,
            "eps_avg_yearly": 1.75,
            "eps_latest_yearly": 4.08,
            "eps_growth_yearly": 84.52
        },
        "20061": {
            "year_quarter": 20061,
            "year": 2006,
            "quarter": 1,
            "eps": 0.73,
            "eps_growth_year": 231.82,
            "eps_4q": 2.25,
            "eps_4q_growth_year": 48.97,
            "roe": 4.55,
            "roe_4q": 14.969999999999999,
            "gross_profit": 65567,
            "gross_margin": 22.32,
            "gross_margin_4q_avg": 19.41,
            "net_income": 59715,
            "revenue": 293776,
            "common_shares": 845567,
            "book_valuer_per_share": 16.09,
            "book_valuer_per_share_4q_avg": 15.19,
            "equity": 1360818,
            "current_ratio": 382.49,
            "debt_ratio": 25.4,
            "inventory_turnover_ratio": 0.87,
            "account_receivable_turnover_ratio": null,
            "reinvestment_rate": -31.91,
            "research_to_sale_ratio": null,
            "price_fair": 61.6,
            "eps_avg_yearly": 1.76,
            "eps_latest_yearly": 2.92,
            "eps_growth_yearly": 76.66
        },
        "20062": {
            "year_quarter": 20062,
            "year": 2006,
            "quarter": 2,
            "eps": 0.63,
            "eps_growth_year": 472.73,
            "eps_4q": 2.62,
            "eps_4q_growth_year": 132.45,
            "roe": 4.03,
            "roe_4q": 18.23,
            "gross_profit": 80815,
            "gross_margin": 22.59,
            "gross_margin_4q_avg": 20.44,
            "net_income": 55659,
            "revenue": 357796,
            "common_shares": 871831,
            "book_valuer_per_share": 16.08,
            "book_valuer_per_share_4q_avg": 15.53,
            "equity": 1401601,
            "current_ratio": 203.04,
            "debt_ratio": 24.22,
            "inventory_turnover_ratio": 1.23,
            "account_receivable_turnover_ratio": null,
            "reinvestment_rate": -30.41,
            "research_to_sale_ratio": null,
            "price_fair": 60.99,
            "eps_avg_yearly": 1.74,
            "eps_latest_yearly": 2.52,
            "eps_growth_yearly": 72.87
        },
        "20063": {
            "year_quarter": 20063,
            "year": 2006,
            "quarter": 3,
            "eps": 0.77,
            "eps_growth_year": 75,
            "eps_4q": 2.95,
            "eps_4q_growth_year": 194.06,
            "roe": 4.79,
            "roe_4q": 20,
            "gross_profit": 77063,
            "gross_margin": 22.34,
            "gross_margin_4q_avg": 20.97,
            "net_income": 69287,
            "revenue": 344965,
            "common_shares": 934646,
            "book_valuer_per_share": 15.93,
            "book_valuer_per_share_4q_avg": 15.87,
            "equity": 1488994,
            "current_ratio": 221.7,
            "debt_ratio": 22.28,
            "inventory_turnover_ratio": 1.21,
            "account_receivable_turnover_ratio": null,
            "reinvestment_rate": -24,
            "research_to_sale_ratio": null,
            "price_fair": 62.04,
            "eps_avg_yearly": 1.77,
            "eps_latest_yearly": 3.08,
            "eps_growth_yearly": 80.22
        },
        "20064": {
            "year_quarter": 20064,
            "year": 2006,
            "quarter": 4,
            "eps": 0.17,
            "eps_growth_year": -83.33,
            "eps_4q": 2.25,
            "eps_4q_growth_year": 27.18,
            "roe": 1.01,
            "roe_4q": 14.379999999999999,
            "gross_profit": 91135,
            "gross_margin": 23.1,
            "gross_margin_4q_avg": 22.59,
            "net_income": 15106,
            "revenue": 394540,
            "common_shares": 940990,
            "book_valuer_per_share": 16.08,
            "book_valuer_per_share_4q_avg": 16.05,
            "equity": 1513068,
            "current_ratio": 243.9,
            "debt_ratio": 29.41,
            "inventory_turnover_ratio": 1.04,
            "account_receivable_turnover_ratio": null,
            "reinvestment_rate": -8.35,
            "research_to_sale_ratio": null,
            "price_fair": 59.59,
            "eps_avg_yearly": 1.7,
            "eps_latest_yearly": 0.68,
            "eps_growth_yearly": 68.43
        },
        "20071": {
            "year_quarter": 20071,
            "year": 2007,
            "quarter": 1,
            "eps": 0.83,
            "eps_growth_year": 13.7,
            "eps_4q": 2.32,
            "eps_4q_growth_year": 2.84,
            "roe": 4.89,
            "roe_4q": 14.719999999999999,
            "gross_profit": 71475,
            "gross_margin": 24.08,
            "gross_margin_4q_avg": 23.03,
            "net_income": 78112,
            "revenue": 296846,
            "common_shares": 961955,
            "book_valuer_per_share": 17.47,
            "book_valuer_per_share_4q_avg": 16.39,
            "equity": 1680498,
            "current_ratio": 263.61,
            "debt_ratio": 18.98,
            "inventory_turnover_ratio": 0.73,
            "account_receivable_turnover_ratio": null,
            "reinvestment_rate": -21.12,
            "research_to_sale_ratio": null,
            "price_fair": 64.05,
            "eps_avg_yearly": 1.83,
            "eps_latest_yearly": 3.32,
            "eps_growth_yearly": 172.71
        },
        "20072": {
            "year_quarter": 20072,
            "year": 2007,
            "quarter": 2,
            "eps": 0.45,
            "eps_growth_year": -28.57,
            "eps_4q": 2.03,
            "eps_4q_growth_year": -22.3,
            "roe": 2.74,
            "roe_4q": 13.43,
            "gross_profit": 73741,
            "gross_margin": 23.89,
            "gross_margin_4q_avg": 23.35,
            "net_income": 46144,
            "revenue": 308694,
            "common_shares": 1018975,
            "book_valuer_per_share": 16.57,
            "book_valuer_per_share_4q_avg": 16.51,
            "equity": 1688303,
            "current_ratio": 241.88,
            "debt_ratio": 20.66,
            "inventory_turnover_ratio": 0.88,
            "account_receivable_turnover_ratio": null,
            "reinvestment_rate": -19.48,
            "research_to_sale_ratio": null,
            "price_fair": 66.06,
            "eps_avg_yearly": 1.89,
            "eps_latest_yearly": 1.8,
            "eps_growth_yearly": 169.08
        },
        "20073": {
            "year_quarter": 20073,
            "year": 2007,
            "quarter": 3,
            "eps": 0.34,
            "eps_growth_year": -55.84,
            "eps_4q": 1.71,
            "eps_4q_growth_year": -42,
            "roe": 2.02,
            "roe_4q": 10.659999999999998,
            "gross_profit": 82882,
            "gross_margin": 22.91,
            "gross_margin_4q_avg": 23.5,
            "net_income": 34499,
            "revenue": 361729,
            "common_shares": 1080083,
            "book_valuer_per_share": 16.07,
            "book_valuer_per_share_4q_avg": 16.55,
            "equity": 1735541,
            "current_ratio": 334.41,
            "debt_ratio": 14.84,
            "inventory_turnover_ratio": 1.03,
            "account_receivable_turnover_ratio": null,
            "reinvestment_rate": -21.67,
            "research_to_sale_ratio": null,
            "price_fair": 66.5,
            "eps_avg_yearly": 1.9,
            "eps_latest_yearly": 1.36,
            "eps_growth_yearly": 155.01
        },
        "20074": {
            "year_quarter": 20074,
            "year": 2007,
            "quarter": 4,
            "eps": 0.28,
            "eps_growth_year": 64.71,
            "eps_4q": 1.85,
            "eps_4q_growth_year": -17.5,
            "roe": 1.67,
            "roe_4q": 11.32,
            "gross_profit": 82155,
            "gross_margin": 23.68,
            "gross_margin_4q_avg": 23.64,
            "net_income": 28228,
            "revenue": 346907,
            "common_shares": 1085086,
            "book_valuer_per_share": 15.09,
            "book_valuer_per_share_4q_avg": 16.3,
            "equity": 1637101,
            "current_ratio": 286.84,
            "debt_ratio": 25.35,
            "inventory_turnover_ratio": 0.84,
            "account_receivable_turnover_ratio": null,
            "reinvestment_rate": -13.64,
            "research_to_sale_ratio": null,
            "price_fair": 66.5,
            "eps_avg_yearly": 1.9,
            "eps_latest_yearly": 1.12,
            "eps_growth_yearly": 151.46
        },
        "20081": {
            "year_quarter": 20081,
            "year": 2008,
            "quarter": 1,
            "eps": 0.32,
            "eps_growth_year": -61.45,
            "eps_4q": 1.38,
            "eps_4q_growth_year": -40.42,
            "roe": 2.02,
            "roe_4q": 8.45,
            "gross_profit": 119991,
            "gross_margin": 23.96,
            "gross_margin_4q_avg": 23.61,
            "net_income": 32834,
            "revenue": 500808,
            "common_shares": 1085616,
            "book_valuer_per_share": 14.87,
            "book_valuer_per_share_4q_avg": 15.65,
            "equity": 1614781,
            "current_ratio": 344.71,
            "debt_ratio": 21.05,
            "inventory_turnover_ratio": 1.06,
            "account_receivable_turnover_ratio": null,
            "reinvestment_rate": 36.95,
            "research_to_sale_ratio": null,
            "price_fair": 66.85,
            "eps_avg_yearly": 1.91,
            "eps_latest_yearly": 1.28,
            "eps_growth_yearly": 155.03
        },
        "20082": {
            "year_quarter": 20082,
            "year": 2008,
            "quarter": 2,
            "eps": 0.32,
            "eps_growth_year": -28.89,
            "eps_4q": 1.25,
            "eps_4q_growth_year": -38.55,
            "roe": 2.09,
            "roe_4q": 7.799999999999999,
            "gross_profit": 95082,
            "gross_margin": 18.6,
            "gross_margin_4q_avg": 22.29,
            "net_income": 32865,
            "revenue": 511332,
            "common_shares": 1088980,
            "book_valuer_per_share": 14.1,
            "book_valuer_per_share_4q_avg": 15.03,
            "equity": 1535907,
            "current_ratio": 258.07,
            "debt_ratio": 27.98,
            "inventory_turnover_ratio": 1.14,
            "account_receivable_turnover_ratio": null,
            "reinvestment_rate": 38.72,
            "research_to_sale_ratio": null,
            "price_fair": 65.89,
            "eps_avg_yearly": 1.88,
            "eps_latest_yearly": 1.28,
            "eps_growth_yearly": 141.64
        },
        "20083": {
            "year_quarter": 20083,
            "year": 2008,
            "quarter": 3,
            "eps": -0.1,
            "eps_growth_year": -129.41,
            "eps_4q": 0.74,
            "eps_4q_growth_year": -56.9,
            "roe": -0.67,
            "roe_4q": 5.109999999999999,
            "gross_profit": 67761,
            "gross_margin": 13.39,
            "gross_margin_4q_avg": 19.91,
            "net_income": -10496,
            "revenue": 506119,
            "common_shares": 1129604,
            "book_valuer_per_share": 13.95,
            "book_valuer_per_share_4q_avg": 14.5,
            "equity": 1576125,
            "current_ratio": 253.71,
            "debt_ratio": 27.8,
            "inventory_turnover_ratio": 1.17,
            "account_receivable_turnover_ratio": null,
            "reinvestment_rate": 48.27,
            "research_to_sale_ratio": null,
            "price_fair": 64.49,
            "eps_avg_yearly": 1.84,
            "eps_latest_yearly": 1.28,
            "eps_growth_yearly": 139.3
        },
        "20084": {
            "year_quarter": 20084,
            "year": 2008,
            "quarter": 4,
            "eps": -0.18,
            "eps_growth_year": -164.29,
            "eps_4q": 0.34,
            "eps_4q_growth_year": -81.67,
            "roe": -1.22,
            "roe_4q": 2.2199999999999998,
            "gross_profit": 9821,
            "gross_margin": 2.65,
            "gross_margin_4q_avg": 14.65,
            "net_income": -19051,
            "revenue": 370924,
            "common_shares": 1129604,
            "book_valuer_per_share": 13.65,
            "book_valuer_per_share_4q_avg": 14.14,
            "equity": 1541632,
            "current_ratio": 429.5,
            "debt_ratio": 16.12,
            "inventory_turnover_ratio": 1.06,
            "account_receivable_turnover_ratio": 1.64,
            "reinvestment_rate": -12.53,
            "research_to_sale_ratio": null,
            "price_fair": 66.3,
            "eps_avg_yearly": 1.89,
            "eps_latest_yearly": 1.28,
            "eps_growth_yearly": 164.92
        },
        "20091": {
            "year_quarter": 20091,
            "year": 2009,
            "quarter": 1,
            "eps": -0.11,
            "eps_growth_year": -134.38,
            "eps_4q": -0.07,
            "eps_4q_growth_year": -105.03,
            "roe": -0.72,
            "roe_4q": -0.52,
            "gross_profit": 21288,
            "gross_margin": 6.76,
            "gross_margin_4q_avg": 10.35,
            "net_income": -11160,
            "revenue": 314984,
            "common_shares": 1129604,
            "book_valuer_per_share": 13.86,
            "book_valuer_per_share_4q_avg": 13.89,
            "equity": 1565869,
            "current_ratio": 382.37,
            "debt_ratio": 17.07,
            "inventory_turnover_ratio": 0.99,
            "account_receivable_turnover_ratio": 0.77,
            "reinvestment_rate": 67.54,
            "research_to_sale_ratio": null,
            "price_fair": 69.03,
            "eps_avg_yearly": 1.97,
            "eps_latest_yearly": 1.28,
            "eps_growth_yearly": 184.2
        },
        "20092": {
            "year_quarter": 20092,
            "year": 2009,
            "quarter": 2,
            "eps": 0.04,
            "eps_growth_year": -87.5,
            "eps_4q": -0.36,
            "eps_4q_growth_year": -128.54,
            "roe": 0.27,
            "roe_4q": -2.34,
            "gross_profit": 34285,
            "gross_margin": 11.34,
            "gross_margin_4q_avg": 8.54,
            "net_income": 4103,
            "revenue": 302209,
            "common_shares": 1129604,
            "book_valuer_per_share": 13.35,
            "book_valuer_per_share_4q_avg": 13.7,
            "equity": 1508385,
            "current_ratio": 399.64,
            "debt_ratio": 15.88,
            "inventory_turnover_ratio": 1.12,
            "account_receivable_turnover_ratio": 0.85,
            "reinvestment_rate": 65.43,
            "research_to_sale_ratio": null,
            "price_fair": 73.5,
            "eps_avg_yearly": 2.1,
            "eps_latest_yearly": 1.28,
            "eps_growth_yearly": 216.21
        },
        "20093": {
            "year_quarter": 20093,
            "year": 2009,
            "quarter": 3,
            "eps": 0.02,
            "eps_growth_year": null,
            "eps_4q": -0.25,
            "eps_4q_growth_year": -134.5,
            "roe": 0.13,
            "roe_4q": -1.54,
            "gross_profit": 82994,
            "gross_margin": 26.5,
            "gross_margin_4q_avg": 11.81,
            "net_income": 1900,
            "revenue": 313145,
            "common_shares": 1129604,
            "book_valuer_per_share": 13.23,
            "book_valuer_per_share_4q_avg": 13.52,
            "equity": 1494198,
            "current_ratio": 307.07,
            "debt_ratio": 20.57,
            "inventory_turnover_ratio": 1.17,
            "account_receivable_turnover_ratio": 0.88,
            "reinvestment_rate": 87.89,
            "research_to_sale_ratio": null,
            "price_fair": 68.6,
            "eps_avg_yearly": 1.96,
            "eps_latest_yearly": 0.08,
            "eps_growth_yearly": 99.54
        },
        "20094": {
            "year_quarter": 20094,
            "year": 2009,
            "quarter": 4,
            "eps": 0.08,
            "eps_growth_year": null,
            "eps_4q": 0.03,
            "eps_4q_growth_year": -90.68,
            "roe": 0.56,
            "roe_4q": 0.2400000000000001,
            "gross_profit": 46541,
            "gross_margin": 14.36,
            "gross_margin_4q_avg": 14.74,
            "net_income": 8383,
            "revenue": 324028,
            "common_shares": 1129604,
            "book_valuer_per_share": 14.67,
            "book_valuer_per_share_4q_avg": 13.78,
            "equity": 1492975,
            "current_ratio": 289.65,
            "debt_ratio": 22.61,
            "inventory_turnover_ratio": 1.34,
            "account_receivable_turnover_ratio": 1.84,
            "reinvestment_rate": 242.28,
            "research_to_sale_ratio": null,
            "price_fair": 57.63,
            "eps_avg_yearly": 1.65,
            "eps_latest_yearly": 0.32,
            "eps_growth_yearly": 155.61
        },
        "20101": {
            "year_quarter": 20101,
            "year": 2010,
            "quarter": 1,
            "eps": 0.04,
            "eps_growth_year": null,
            "eps_4q": 0.18,
            "eps_4q_growth_year": null,
            "roe": 0.28,
            "roe_4q": 1.2400000000000002,
            "gross_profit": 53883,
            "gross_margin": 15.22,
            "gross_margin_4q_avg": 16.86,
            "net_income": 4206,
            "revenue": 354142,
            "common_shares": 1130834,
            "book_valuer_per_share": 15.05,
            "book_valuer_per_share_4q_avg": 14.08,
            "equity": 1533572,
            "current_ratio": 400.17,
            "debt_ratio": 27.3,
            "inventory_turnover_ratio": 1.37,
            "account_receivable_turnover_ratio": 0.95,
            "reinvestment_rate": 434.33,
            "research_to_sale_ratio": 1.68,
            "price_fair": 49.58,
            "eps_avg_yearly": 1.42,
            "eps_latest_yearly": 0.16,
            "eps_growth_yearly": 148.42
        },
        "20102": {
            "year_quarter": 20102,
            "year": 2010,
            "quarter": 2,
            "eps": 0.01,
            "eps_growth_year": -65.69,
            "eps_4q": 0.15,
            "eps_4q_growth_year": null,
            "roe": 0.09,
            "roe_4q": 1.06,
            "gross_profit": 40477,
            "gross_margin": 9.94,
            "gross_margin_4q_avg": 16.51,
            "net_income": 1408,
            "revenue": 407097,
            "common_shares": 1138047,
            "book_valuer_per_share": 15.23,
            "book_valuer_per_share_4q_avg": 14.55,
            "equity": 1562350,
            "current_ratio": 351.01,
            "debt_ratio": 29.05,
            "inventory_turnover_ratio": 1.57,
            "account_receivable_turnover_ratio": 0.96,
            "reinvestment_rate": 514.77,
            "research_to_sale_ratio": 1.34,
            "price_fair": 42.35,
            "eps_avg_yearly": 1.21,
            "eps_latest_yearly": 0.04,
            "eps_growth_yearly": 127.98
        },
        "20103": {
            "year_quarter": 20103,
            "year": 2010,
            "quarter": 3,
            "eps": -0.15,
            "eps_growth_year": -873.66,
            "eps_4q": -0.02,
            "eps_4q_growth_year": null,
            "roe": -1.03,
            "roe_4q": -0.09999999999999998,
            "gross_profit": 36086,
            "gross_margin": 9.19,
            "gross_margin_4q_avg": 12.18,
            "net_income": -15989,
            "revenue": 392660,
            "common_shares": 1145342,
            "book_valuer_per_share": 14.88,
            "book_valuer_per_share_4q_avg": 14.96,
            "equity": 1537871,
            "current_ratio": 330.6,
            "debt_ratio": 29.58,
            "inventory_turnover_ratio": 1.58,
            "account_receivable_turnover_ratio": 0.76,
            "reinvestment_rate": 690.8,
            "research_to_sale_ratio": 1.06,
            "price_fair": 36.4,
            "eps_avg_yearly": 1.04,
            "eps_latest_yearly": 0.04,
            "eps_growth_yearly": 131.54
        },
        "20104": {
            "year_quarter": 20104,
            "year": 2010,
            "quarter": 4,
            "eps": -0.16,
            "eps_growth_year": -302.35,
            "eps_4q": -0.26,
            "eps_4q_growth_year": -927.35,
            "roe": -1.12,
            "roe_4q": -1.7800000000000005,
            "gross_profit": 45015,
            "gross_margin": 13.03,
            "gross_margin_4q_avg": 11.85,
            "net_income": -16728,
            "revenue": 345521,
            "common_shares": 1115342,
            "book_valuer_per_share": 14,
            "book_valuer_per_share_4q_avg": 14.79,
            "equity": 1447099,
            "current_ratio": 420.52,
            "debt_ratio": 25.88,
            "inventory_turnover_ratio": 1.48,
            "account_receivable_turnover_ratio": 0.8,
            "reinvestment_rate": 519.82,
            "research_to_sale_ratio": 1.17,
            "price_fair": 37.66,
            "eps_avg_yearly": 1.08,
            "eps_latest_yearly": 0.04,
            "eps_growth_yearly": 175.86
        },
        "20111": {
            "year_quarter": 20111,
            "year": 2011,
            "quarter": 1,
            "eps": -0.11,
            "eps_growth_year": -375,
            "eps_4q": -0.42,
            "eps_4q_growth_year": -327.83,
            "roe": -0.8,
            "roe_4q": -2.8600000000000003,
            "gross_profit": 29230,
            "gross_margin": 9.3,
            "gross_margin_4q_avg": 10.37,
            "net_income": -11653,
            "revenue": 314241,
            "common_shares": 1075342,
            "book_valuer_per_share": 14.03,
            "book_valuer_per_share_4q_avg": 14.54,
            "equity": 1450262,
            "current_ratio": 243.22,
            "debt_ratio": 37.36,
            "inventory_turnover_ratio": 1.33,
            "account_receivable_turnover_ratio": 0.78,
            "reinvestment_rate": 1355.08,
            "research_to_sale_ratio": 1.48,
            "price_fair": 27.16,
            "eps_avg_yearly": 0.83,
            "eps_latest_yearly": 0.04,
            "eps_growth_yearly": 22.85
        },
        "20112": {
            "year_quarter": 20112,
            "year": 2011,
            "quarter": 2,
            "eps": -0.58,
            "eps_growth_year": -4294.27,
            "eps_4q": -1,
            "eps_4q_growth_year": -748.64,
            "roe": -4.2,
            "roe_4q": -7.15,
            "gross_profit": 36136,
            "gross_margin": 9.22,
            "gross_margin_4q_avg": 10.19,
            "net_income": -59477,
            "revenue": 391853,
            "common_shares": 1075342,
            "book_valuer_per_share": 13.35,
            "book_valuer_per_share_4q_avg": 14.07,
            "equity": 1379728,
            "current_ratio": 323.46,
            "debt_ratio": 29.83,
            "inventory_turnover_ratio": 1.63,
            "account_receivable_turnover_ratio": 0.88,
            "reinvestment_rate": 36970.09,
            "research_to_sale_ratio": 1.05,
            "price_fair": 24.68,
            "eps_avg_yearly": 0.71,
            "eps_latest_yearly": 0.04,
            "eps_growth_yearly": 48.6
        },
        "20113": {
            "year_quarter": 20113,
            "year": 2011,
            "quarter": 3,
            "eps": -0.43,
            "eps_growth_year": null,
            "eps_4q": -1.28,
            "eps_4q_growth_year": null,
            "roe": -3.14,
            "roe_4q": -9.260000000000002,
            "gross_profit": 13380,
            "gross_margin": 3.25,
            "gross_margin_4q_avg": 8.7,
            "net_income": -43473,
            "revenue": 411390,
            "common_shares": 1075342,
            "book_valuer_per_share": 13.61,
            "book_valuer_per_share_4q_avg": 13.75,
            "equity": 1392421,
            "current_ratio": 279.3,
            "debt_ratio": 31.97,
            "inventory_turnover_ratio": 1.8,
            "account_receivable_turnover_ratio": 1.02,
            "reinvestment_rate": null,
            "research_to_sale_ratio": 2.53,
            "price_fair": 21.4,
            "eps_avg_yearly": 0.61,
            "eps_latest_yearly": 0.04,
            "eps_growth_yearly": 69.51
        },
        "20114": {
            "year_quarter": 20114,
            "year": 2011,
            "quarter": 4,
            "eps": -0.29,
            "eps_growth_year": null,
            "eps_4q": -1.43,
            "eps_4q_growth_year": null,
            "roe": -2.17,
            "roe_4q": -10.310000000000002,
            "gross_profit": 40729,
            "gross_margin": 9.63,
            "gross_margin_4q_avg": 7.85,
            "net_income": -29849,
            "revenue": 422772,
            "common_shares": 1075342,
            "book_valuer_per_share": 13.38,
            "book_valuer_per_share_4q_avg": 13.59,
            "equity": 1355423,
            "current_ratio": 337.42,
            "debt_ratio": 28.63,
            "inventory_turnover_ratio": 1.71,
            "account_receivable_turnover_ratio": 1.02,
            "reinvestment_rate": null,
            "research_to_sale_ratio": 2.43,
            "price_fair": 18.43,
            "eps_avg_yearly": 0.53,
            "eps_latest_yearly": 0.04,
            "eps_growth_yearly": 92.86
        },
        "20121": {
            "year_quarter": 20121,
            "year": 2012,
            "quarter": 1,
            "eps": -0.04,
            "eps_growth_year": null,
            "eps_4q": -1.37,
            "eps_4q_growth_year": null,
            "roe": -0.29,
            "roe_4q": -9.8,
            "gross_profit": 45153,
            "gross_margin": 14.97,
            "gross_margin_4q_avg": 9.27,
            "net_income": -3871,
            "revenue": 301632,
            "common_shares": 1033342,
            "book_valuer_per_share": 13.22,
            "book_valuer_per_share_4q_avg": 13.39,
            "equity": 1313940,
            "current_ratio": 453.93,
            "debt_ratio": 24.66,
            "inventory_turnover_ratio": 1.31,
            "account_receivable_turnover_ratio": 0.86,
            "reinvestment_rate": null,
            "research_to_sale_ratio": 2.08,
            "price_fair": 13.16,
            "eps_avg_yearly": 0.38,
            "eps_latest_yearly": 0.04,
            "eps_growth_yearly": 100
        },
        "20122": {
            "year_quarter": 20122,
            "year": 2012,
            "quarter": 2,
            "eps": 0.04,
            "eps_growth_year": null,
            "eps_4q": -0.76,
            "eps_4q_growth_year": null,
            "roe": 0.28,
            "roe_4q": -5.32,
            "gross_profit": 53074,
            "gross_margin": 15.77,
            "gross_margin_4q_avg": 10.91,
            "net_income": 3661,
            "revenue": 336603,
            "common_shares": 1033342,
            "book_valuer_per_share": 13.45,
            "book_valuer_per_share_4q_avg": 13.42,
            "equity": 1307277,
            "current_ratio": 374.36,
            "debt_ratio": 27.68,
            "inventory_turnover_ratio": 1.64,
            "account_receivable_turnover_ratio": 1.05,
            "reinvestment_rate": null,
            "research_to_sale_ratio": 1,
            "price_fair": 5.25,
            "eps_avg_yearly": 0.15,
            "eps_latest_yearly": 0.04,
            "eps_growth_yearly": 125
        },
        "20123": {
            "year_quarter": 20123,
            "year": 2012,
            "quarter": 3,
            "eps": 0.08,
            "eps_growth_year": null,
            "eps_4q": -0.23,
            "eps_4q_growth_year": null,
            "roe": 0.61,
            "roe_4q": -1.5699999999999998,
            "gross_profit": 67700,
            "gross_margin": 18.44,
            "gross_margin_4q_avg": 14.7,
            "net_income": 7885,
            "revenue": 367222,
            "common_shares": 1033342,
            "book_valuer_per_share": 13.39,
            "book_valuer_per_share_4q_avg": 13.36,
            "equity": 1297016,
            "current_ratio": 393.02,
            "debt_ratio": 27.4,
            "inventory_turnover_ratio": 1.77,
            "account_receivable_turnover_ratio": 1.02,
            "reinvestment_rate": null,
            "research_to_sale_ratio": 0.91,
            "price_fair": 6.44,
            "eps_avg_yearly": 0.18,
            "eps_latest_yearly": 0.32,
            "eps_growth_yearly": 180
        },
        "20124": {
            "year_quarter": 20124,
            "year": 2012,
            "quarter": 4,
            "eps": 0.03,
            "eps_growth_year": null,
            "eps_4q": 0.11,
            "eps_4q_growth_year": null,
            "roe": 0.22,
            "roe_4q": 0.8199999999999998,
            "gross_profit": 63638,
            "gross_margin": 18.92,
            "gross_margin_4q_avg": 17.03,
            "net_income": 2842,
            "revenue": 336300,
            "common_shares": 1033342,
            "book_valuer_per_share": 13.48,
            "book_valuer_per_share_4q_avg": 13.39,
            "equity": 1287268,
            "current_ratio": 245.76,
            "debt_ratio": 24.47,
            "inventory_turnover_ratio": 1.79,
            "account_receivable_turnover_ratio": 1,
            "reinvestment_rate": null,
            "research_to_sale_ratio": 0.99,
            "price_fair": 6.07,
            "eps_avg_yearly": 0.17,
            "eps_latest_yearly": 0.12,
            "eps_growth_yearly": 108.33
        },
        "20131": {
            "year_quarter": 20131,
            "year": 2013,
            "quarter": 1,
            "eps": -0.07,
            "eps_growth_year": null,
            "eps_4q": 0.09,
            "eps_4q_growth_year": null,
            "roe": -0.48,
            "roe_4q": 0.63,
            "gross_profit": 32760,
            "gross_margin": 14.89,
            "gross_margin_4q_avg": 17.01,
            "net_income": -6222,
            "revenue": 219947,
            "common_shares": 1033342,
            "book_valuer_per_share": 13.8,
            "book_valuer_per_share_4q_avg": 13.53,
            "equity": 1304316,
            "current_ratio": 517.2,
            "debt_ratio": 20.52,
            "inventory_turnover_ratio": 1.38,
            "account_receivable_turnover_ratio": 0.9,
            "reinvestment_rate": null,
            "research_to_sale_ratio": 3.64,
            "price_fair": 6.07,
            "eps_avg_yearly": 0.17,
            "eps_latest_yearly": 0.12,
            "eps_growth_yearly": 108.33
        },
        "20132": {
            "year_quarter": 20132,
            "year": 2013,
            "quarter": 2,
            "eps": -0.03,
            "eps_growth_year": -179.62,
            "eps_4q": 0.02,
            "eps_4q_growth_year": null,
            "roe": -0.22,
            "roe_4q": 0.13,
            "gross_profit": 45478,
            "gross_margin": 18.05,
            "gross_margin_4q_avg": 17.58,
            "net_income": -2815,
            "revenue": 251928,
            "common_shares": 1033342,
            "book_valuer_per_share": 13.88,
            "book_valuer_per_share_4q_avg": 13.64,
            "equity": 1311415,
            "current_ratio": 524.66,
            "debt_ratio": 20.61,
            "inventory_turnover_ratio": 1.56,
            "account_receivable_turnover_ratio": 1.22,
            "reinvestment_rate": null,
            "research_to_sale_ratio": 3.43,
            "price_fair": 6.07,
            "eps_avg_yearly": 0.17,
            "eps_latest_yearly": 0.12,
            "eps_growth_yearly": 108.33
        },
        "20133": {
            "year_quarter": 20133,
            "year": 2013,
            "quarter": 3,
            "eps": 0.09,
            "eps_growth_year": 10.58,
            "eps_4q": 0.02,
            "eps_4q_growth_year": null,
            "roe": 0.62,
            "roe_4q": 0.14000000000000004,
            "gross_profit": 59198,
            "gross_margin": 20.26,
            "gross_margin_4q_avg": 18.03,
            "net_income": 8160,
            "revenue": 292222,
            "common_shares": 1033342,
            "book_valuer_per_share": 13.9,
            "book_valuer_per_share_4q_avg": 13.77,
            "equity": 1313315,
            "current_ratio": 498.69,
            "debt_ratio": 21.54,
            "inventory_turnover_ratio": 1.81,
            "account_receivable_turnover_ratio": 1.24,
            "reinvestment_rate": null,
            "research_to_sale_ratio": 3.02,
            "price_fair": 6.72,
            "eps_avg_yearly": 0.19,
            "eps_latest_yearly": 0.12,
            "eps_growth_yearly": 170
        },
        "20134": {
            "year_quarter": 20134,
            "year": 2013,
            "quarter": 4,
            "eps": 0.14,
            "eps_growth_year": 380.82,
            "eps_4q": 0.13,
            "eps_4q_growth_year": 21.51,
            "roe": 1.02,
            "roe_4q": 0.9400000000000002,
            "gross_profit": 65622,
            "gross_margin": 21.86,
            "gross_margin_4q_avg": 18.77,
            "net_income": 13522,
            "revenue": 300258,
            "common_shares": 1033342,
            "book_valuer_per_share": 14.22,
            "book_valuer_per_share_4q_avg": 13.95,
            "equity": 1343153,
            "current_ratio": 479.28,
            "debt_ratio": 22.23,
            "inventory_turnover_ratio": 1.71,
            "account_receivable_turnover_ratio": 1.13,
            "reinvestment_rate": null,
            "research_to_sale_ratio": 2.69,
            "price_fair": 0.72,
            "eps_avg_yearly": 0.24,
            "eps_latest_yearly": 0.56,
            "eps_growth_yearly": -25.56
        },
        "20141": {
            "year_quarter": 20141,
            "year": 2014,
            "quarter": 1,
            "eps": 0.13,
            "eps_growth_year": null,
            "eps_4q": 0.33,
            "eps_4q_growth_year": 277.03,
            "roe": 0.88,
            "roe_4q": 2.3,
            "gross_profit": 58992,
            "gross_margin": 20.34,
            "gross_margin_4q_avg": 20.13,
            "net_income": 11921,
            "revenue": 289973,
            "common_shares": 1033342,
            "book_valuer_per_share": 14.52,
            "book_valuer_per_share_4q_avg": 14.13,
            "equity": 1372290,
            "current_ratio": 288.06,
            "debt_ratio": 22.27,
            "inventory_turnover_ratio": 1.6,
            "account_receivable_turnover_ratio": 1.08,
            "reinvestment_rate": null,
            "research_to_sale_ratio": 2.78,
            "price_fair": 5.84,
            "eps_avg_yearly": 0.31,
            "eps_latest_yearly": 0.52,
            "eps_growth_yearly": 8.73
        },
        "20142": {
            "year_quarter": 20142,
            "year": 2014,
            "quarter": 2,
            "eps": 0.02,
            "eps_growth_year": null,
            "eps_4q": 0.33,
            "eps_4q_growth_year": 1743.01,
            "roe": 0.14,
            "roe_4q": 2.66,
            "gross_profit": 63021,
            "gross_margin": 22.07,
            "gross_margin_4q_avg": 21.13,
            "net_income": 1969,
            "revenue": 285534,
            "common_shares": 1167604,
            "book_valuer_per_share": 13.79,
            "book_valuer_per_share_4q_avg": 14.11,
            "equity": 1487793,
            "current_ratio": 453.2,
            "debt_ratio": 14.39,
            "inventory_turnover_ratio": 1.51,
            "account_receivable_turnover_ratio": 1.13,
            "reinvestment_rate": null,
            "research_to_sale_ratio": 2.63,
            "price_fair": 3.53,
            "eps_avg_yearly": 0.32,
            "eps_latest_yearly": 0.08,
            "eps_growth_yearly": 1.04
        },
        "20143": {
            "year_quarter": 20143,
            "year": 2014,
            "quarter": 3,
            "eps": 0.11,
            "eps_growth_year": 22.22,
            "eps_4q": 0.36,
            "eps_4q_growth_year": 1653.4,
            "roe": 0.8,
            "roe_4q": 2.84,
            "gross_profit": 56665,
            "gross_margin": 19.9,
            "gross_margin_4q_avg": 21.04,
            "net_income": 12028,
            "revenue": 284767,
            "common_shares": 1170064,
            "book_valuer_per_share": 13.99,
            "book_valuer_per_share_4q_avg": 14.13,
            "equity": 1513526,
            "current_ratio": 485.94,
            "debt_ratio": 13.64,
            "inventory_turnover_ratio": 1.41,
            "account_receivable_turnover_ratio": 1.06,
            "reinvestment_rate": null,
            "research_to_sale_ratio": 2.56,
            "price_fair": 11.9,
            "eps_avg_yearly": 0.34,
            "eps_latest_yearly": 0.44,
            "eps_growth_yearly": 300.86
        },
        "20144": {
            "year_quarter": 20144,
            "year": 2014,
            "quarter": 4,
            "eps": 0.2,
            "eps_growth_year": 41.41,
            "eps_4q": 0.44,
            "eps_4q_growth_year": 227.01,
            "roe": 1.44,
            "roe_4q": 3.2600000000000002,
            "gross_profit": 61532,
            "gross_margin": 18.84,
            "gross_margin_4q_avg": 20.29,
            "net_income": 22296,
            "revenue": 326540,
            "common_shares": 1170064,
            "book_valuer_per_share": 14.41,
            "book_valuer_per_share_4q_avg": 14.18,
            "equity": 1587896,
            "current_ratio": 446.16,
            "debt_ratio": 15.19,
            "inventory_turnover_ratio": 1.39,
            "account_receivable_turnover_ratio": 1.05,
            "reinvestment_rate": null,
            "research_to_sale_ratio": 2.48,
            "price_fair": 14.2,
            "eps_avg_yearly": 0.41,
            "eps_latest_yearly": 0.8,
            "eps_growth_yearly": 304.64
        },
        "20151": {
            "year_quarter": 20151,
            "year": 2015,
            "quarter": 1,
            "eps": -0.04,
            "eps_growth_year": -130.77,
            "eps_4q": 0.28,
            "eps_4q_growth_year": -12.64,
            "roe": -0.28,
            "roe_4q": 2.1,
            "gross_profit": 55644,
            "gross_margin": 19.32,
            "gross_margin_4q_avg": 20.03,
            "net_income": -4481,
            "revenue": 288041,
            "common_shares": 1170064,
            "book_valuer_per_share": 14.24,
            "book_valuer_per_share_4q_avg": 14.11,
            "equity": 1591669,
            "current_ratio": 475.68,
            "debt_ratio": 14.43,
            "inventory_turnover_ratio": 1.13,
            "account_receivable_turnover_ratio": 0.94,
            "reinvestment_rate": null,
            "research_to_sale_ratio": 3.42,
            "price_fair": 14.2,
            "eps_avg_yearly": 0.41,
            "eps_latest_yearly": 0.8,
            "eps_growth_yearly": 304.64
        },
        "20152": {
            "year_quarter": 20152,
            "year": 2015,
            "quarter": 2,
            "eps": 0.07,
            "eps_growth_year": 250,
            "eps_4q": 0.33,
            "eps_4q_growth_year": -0.65,
            "roe": 0.48,
            "roe_4q": 2.44,
            "gross_profit": 74076,
            "gross_margin": 23.48,
            "gross_margin_4q_avg": 20.39,
            "net_income": 7657,
            "revenue": 315530,
            "common_shares": 1170064,
            "book_valuer_per_share": 13.71,
            "book_valuer_per_share_4q_avg": 14.09,
            "equity": 1569705,
            "current_ratio": 481.78,
            "debt_ratio": 14.45,
            "inventory_turnover_ratio": 1.25,
            "account_receivable_turnover_ratio": 1.19,
            "reinvestment_rate": -88402.85,
            "research_to_sale_ratio": 3.12,
            "price_fair": 14.2,
            "eps_avg_yearly": 0.41,
            "eps_latest_yearly": 0.8,
            "eps_growth_yearly": 304.64
        },
        "20153": {
            "year_quarter": 20153,
            "year": 2015,
            "quarter": 3,
            "eps": 0.31,
            "eps_growth_year": 181.82,
            "eps_4q": 0.53,
            "eps_4q_growth_year": 46.64,
            "roe": 2.23,
            "roe_4q": 3.8699999999999997,
            "gross_profit": 62945,
            "gross_margin": 21.06,
            "gross_margin_4q_avg": 20.68,
            "net_income": 35758,
            "revenue": 298853,
            "common_shares": 1170064,
            "book_valuer_per_share": 14.27,
            "book_valuer_per_share_4q_avg": 14.16,
            "equity": 1633990,
            "current_ratio": 492.47,
            "debt_ratio": 14.52,
            "inventory_turnover_ratio": 1.32,
            "account_receivable_turnover_ratio": 1.14,
            "reinvestment_rate": -1507.1,
            "research_to_sale_ratio": 3.39,
            "price_fair": 17.85,
            "eps_avg_yearly": 0.51,
            "eps_latest_yearly": 1.24,
            "eps_growth_yearly": 437.99
        },
        "20154": {
            "year_quarter": 20154,
            "year": 2015,
            "quarter": 4,
            "eps": 0.02,
            "eps_growth_year": -90.83,
            "eps_4q": 0.35,
            "eps_4q_growth_year": -19.07,
            "roe": 0.13,
            "roe_4q": 2.5599999999999996,
            "gross_profit": 55785,
            "gross_margin": 19.35,
            "gross_margin_4q_avg": 20.8,
            "net_income": 2152,
            "revenue": 288285,
            "common_shares": 1170064,
            "book_valuer_per_share": 14,
            "book_valuer_per_share_4q_avg": 14.06,
            "equity": 1624298,
            "current_ratio": 562.57,
            "debt_ratio": 12.83,
            "inventory_turnover_ratio": 1.35,
            "account_receivable_turnover_ratio": 1.1,
            "reinvestment_rate": -1070.09,
            "research_to_sale_ratio": 3.19,
            "price_fair": 16.18,
            "eps_avg_yearly": 0.46,
            "eps_latest_yearly": 0.08,
            "eps_growth_yearly": 347.74
        },
        "20161": {
            "year_quarter": 20161,
            "year": 2016,
            "quarter": 1,
            "eps": -0.07,
            "eps_growth_year": null,
            "eps_4q": 0.32,
            "eps_4q_growth_year": 13.58,
            "roe": -0.48,
            "roe_4q": 2.36,
            "gross_profit": 49792,
            "gross_margin": 19.76,
            "gross_margin_4q_avg": 20.91,
            "net_income": -7736,
            "revenue": 251945,
            "common_shares": 1170064,
            "book_valuer_per_share": 13.88,
            "book_valuer_per_share_4q_avg": 13.97,
            "equity": 1624160,
            "current_ratio": 618.69,
            "debt_ratio": 11.77,
            "inventory_turnover_ratio": 1.22,
            "account_receivable_turnover_ratio": 1.08,
            "reinvestment_rate": -1064.94,
            "research_to_sale_ratio": 3.64,
            "price_fair": 16.18,
            "eps_avg_yearly": 0.46,
            "eps_latest_yearly": 0.08,
            "eps_growth_yearly": 347.74
        },
        "20162": {
            "year_quarter": 20162,
            "year": 2016,
            "quarter": 2,
            "eps": 0.08,
            "eps_growth_year": 14.29,
            "eps_4q": 0.34,
            "eps_4q_growth_year": 3.62,
            "roe": 0.6,
            "roe_4q": 2.48,
            "gross_profit": 55048,
            "gross_margin": 20.97,
            "gross_margin_4q_avg": 20.29,
            "net_income": 9530,
            "revenue": 262493,
            "common_shares": 1170064,
            "book_valuer_per_share": 13.43,
            "book_valuer_per_share_4q_avg": 13.9,
            "equity": 1571537,
            "current_ratio": 505.48,
            "debt_ratio": 14.6,
            "inventory_turnover_ratio": 1.23,
            "account_receivable_turnover_ratio": 1.12,
            "reinvestment_rate": -1010.87,
            "research_to_sale_ratio": 3.52,
            "price_fair": 16.18,
            "eps_avg_yearly": 0.46,
            "eps_latest_yearly": 0.08,
            "eps_growth_yearly": 347.74
        },
        "20163": {
            "year_quarter": 20163,
            "year": 2016,
            "quarter": 3,
            "eps": 0.01,
            "eps_growth_year": -96.77,
            "eps_4q": 0.05,
            "eps_4q_growth_year": -91.43,
            "roe": 0.09,
            "roe_4q": 0.33999999999999997,
            "gross_profit": 70611,
            "gross_margin": 23.21,
            "gross_margin_4q_avg": 20.82,
            "net_income": 1416,
            "revenue": 304220,
            "common_shares": 1170064,
            "book_valuer_per_share": 13.26,
            "book_valuer_per_share_4q_avg": 13.64,
            "equity": 1551144,
            "current_ratio": 497.68,
            "debt_ratio": 14.98,
            "inventory_turnover_ratio": 1.4,
            "account_receivable_turnover_ratio": 1.08,
            "reinvestment_rate": -1036.2,
            "research_to_sale_ratio": 3.78,
            "price_fair": 15.09,
            "eps_avg_yearly": 0.43,
            "eps_latest_yearly": 0.04,
            "eps_growth_yearly": 264.41
        },
        "20164": {
            "year_quarter": 20164,
            "year": 2016,
            "quarter": 4,
            "eps": 0.07,
            "eps_growth_year": 284.69,
            "eps_4q": 0.1,
            "eps_4q_growth_year": -72.1,
            "roe": 0.54,
            "roe_4q": 0.75,
            "gross_profit": 77844,
            "gross_margin": 27.3,
            "gross_margin_4q_avg": 22.81,
            "net_income": 8350,
            "revenue": 285195,
            "common_shares": 1170064,
            "book_valuer_per_share": 13.23,
            "book_valuer_per_share_4q_avg": 13.45,
            "equity": 1547909,
            "current_ratio": 536.45,
            "debt_ratio": 14.03,
            "inventory_turnover_ratio": 1.19,
            "account_receivable_turnover_ratio": 0.95,
            "reinvestment_rate": -969.3,
            "research_to_sale_ratio": 3.93,
            "price_fair": 15.71,
            "eps_avg_yearly": 0.45,
            "eps_latest_yearly": 0.28,
            "eps_growth_yearly": 558.86
        },
        "20171": {
            "year_quarter": 20171,
            "year": 2017,
            "quarter": 1,
            "eps": -0.08,
            "eps_growth_year": null,
            "eps_4q": 0.08,
            "eps_4q_growth_year": -74.99,
            "roe": -0.64,
            "roe_4q": 0.59,
            "gross_profit": 85516,
            "gross_margin": 29.91,
            "gross_margin_4q_avg": 25.35,
            "net_income": -9834,
            "revenue": 285877,
            "common_shares": 1170064,
            "book_valuer_per_share": 12.9,
            "book_valuer_per_share_4q_avg": 13.21,
            "equity": 1509520,
            "current_ratio": 501.99,
            "debt_ratio": 13.09,
            "inventory_turnover_ratio": 1,
            "account_receivable_turnover_ratio": 1.02,
            "reinvestment_rate": -250.81,
            "research_to_sale_ratio": 3.22,
            "price_fair": 15.71,
            "eps_avg_yearly": 0.45,
            "eps_latest_yearly": 0.28,
            "eps_growth_yearly": 558.86
        },
        "20172": {
            "year_quarter": 20172,
            "year": 2017,
            "quarter": 2,
            "eps": 0.09,
            "eps_growth_year": 12.5,
            "eps_4q": 0.09,
            "eps_4q_growth_year": -74.39,
            "roe": 0.68,
            "roe_4q": 0.67,
            "gross_profit": 77016,
            "gross_margin": 24.69,
            "gross_margin_4q_avg": 26.28,
            "net_income": 10238,
            "revenue": 311884,
            "common_shares": 1170064,
            "book_valuer_per_share": 12.84,
            "book_valuer_per_share_4q_avg": 13.06,
            "equity": 1502895,
            "current_ratio": 409.35,
            "debt_ratio": 14.96,
            "inventory_turnover_ratio": 1.14,
            "account_receivable_turnover_ratio": 1.06,
            "reinvestment_rate": -81.13,
            "research_to_sale_ratio": 3.1,
            "price_fair": 15.71,
            "eps_avg_yearly": 0.45,
            "eps_latest_yearly": 0.28,
            "eps_growth_yearly": 558.86
        },
        "20173": {
            "year_quarter": 20173,
            "year": 2017,
            "quarter": 3,
            "eps": 0.14,
            "eps_growth_year": 1300,
            "eps_4q": 0.21,
            "eps_4q_growth_year": 365.05,
            "roe": 1.07,
            "roe_4q": 1.65,
            "gross_profit": 84744,
            "gross_margin": 27.32,
            "gross_margin_4q_avg": 27.31,
            "net_income": 16182,
            "revenue": 310146,
            "common_shares": 1170064,
            "book_valuer_per_share": 13.03,
            "book_valuer_per_share_4q_avg": 13,
            "equity": 1524101,
            "current_ratio": 366.64,
            "debt_ratio": 15.47,
            "inventory_turnover_ratio": 1.1,
            "account_receivable_turnover_ratio": 1,
            "reinvestment_rate": 1.88,
            "research_to_sale_ratio": 3.01,
            "price_fair": 16.1,
            "eps_avg_yearly": 0.46,
            "eps_latest_yearly": 0.56,
            "eps_growth_yearly": 525.19
        },
        "20174": {
            "year_quarter": 20174,
            "year": 2017,
            "quarter": 4,
            "eps": 0.07,
            "eps_growth_year": -5.56,
            "eps_4q": 0.21,
            "eps_4q_growth_year": 111.7,
            "roe": 0.51,
            "roe_4q": 1.62,
            "gross_profit": 93981,
            "gross_margin": 36.69,
            "gross_margin_4q_avg": 29.65,
            "net_income": 7886,
            "revenue": 256175,
            "common_shares": 1170064,
            "book_valuer_per_share": 13.16,
            "book_valuer_per_share_4q_avg": 12.98,
            "equity": 1540156,
            "current_ratio": 305.12,
            "debt_ratio": 19.52,
            "inventory_turnover_ratio": 0.76,
            "account_receivable_turnover_ratio": 0.94,
            "reinvestment_rate": 89.83,
            "research_to_sale_ratio": 3.09,
            "price_fair": 15.12,
            "eps_avg_yearly": 0.43,
            "eps_latest_yearly": 0.28,
            "eps_growth_yearly": 482.97
        },
        "20181": {
            "year_quarter": 20181,
            "year": 2018,
            "quarter": 1,
            "eps": -0.13,
            "eps_growth_year": null,
            "eps_4q": 0.16,
            "eps_4q_growth_year": 102.15,
            "roe": -0.99,
            "roe_4q": 1.27,
            "gross_profit": 40436,
            "gross_margin": 18.2,
            "gross_margin_4q_avg": 26.73,
            "net_income": -15179,
            "revenue": 222147,
            "common_shares": 1170064,
            "book_valuer_per_share": 13.05,
            "book_valuer_per_share_4q_avg": 13.02,
            "equity": 1526924,
            "current_ratio": 291.53,
            "debt_ratio": 16.91,
            "inventory_turnover_ratio": 0.84,
            "account_receivable_turnover_ratio": 0.94,
            "reinvestment_rate": 113.07,
            "research_to_sale_ratio": 3.92,
            "price_fair": 14.78,
            "eps_avg_yearly": 0.42,
            "eps_latest_yearly": 0.28,
            "eps_growth_yearly": 539.81
        },
        "20182": {
            "year_quarter": 20182,
            "year": 2018,
            "quarter": 2,
            "eps": 0.15,
            "eps_growth_year": 66.67,
            "eps_4q": 0.23,
            "eps_4q_growth_year": 164.85,
            "roe": 1.18,
            "roe_4q": 1.77,
            "gross_profit": 53827,
            "gross_margin": 20.23,
            "gross_margin_4q_avg": 25.61,
            "net_income": 18046,
            "revenue": 266066,
            "common_shares": 1170064,
            "book_valuer_per_share": 12.98,
            "book_valuer_per_share_4q_avg": 13.06,
            "equity": 1518968,
            "current_ratio": 275.54,
            "debt_ratio": 18.11,
            "inventory_turnover_ratio": 1,
            "account_receivable_turnover_ratio": 1.12,
            "reinvestment_rate": 264.76,
            "research_to_sale_ratio": 3.19,
            "price_fair": 16.28,
            "eps_avg_yearly": 0.47,
            "eps_latest_yearly": 0.28,
            "eps_growth_yearly": 649.59
        },
        "20183": {
            "year_quarter": 20183,
            "year": 2018,
            "quarter": 3,
            "eps": 0.05,
            "eps_growth_year": -64.29,
            "eps_4q": 0.15,
            "eps_4q_growth_year": -31.22,
            "roe": 0.42,
            "roe_4q": 1.1199999999999999,
            "gross_profit": 53734,
            "gross_margin": 19.11,
            "gross_margin_4q_avg": 23.56,
            "net_income": 6399,
            "revenue": 281180,
            "common_shares": 1170064,
            "book_valuer_per_share": 12.84,
            "book_valuer_per_share_4q_avg": 13.01,
            "equity": 1502725,
            "current_ratio": 268.96,
            "debt_ratio": 18.8,
            "inventory_turnover_ratio": 1.02,
            "account_receivable_turnover_ratio": 1.09,
            "reinvestment_rate": 273.49,
            "research_to_sale_ratio": 3.2,
            "price_fair": 15.23,
            "eps_avg_yearly": 0.44,
            "eps_latest_yearly": 0.2,
            "eps_growth_yearly": 391.26
        },
        "20184": {
            "year_quarter": 20184,
            "year": 2018,
            "quarter": 4,
            "eps": 0.04,
            "eps_growth_year": -35.98,
            "eps_4q": 0.12,
            "eps_4q_growth_year": -41.5,
            "roe": 0.33,
            "roe_4q": 0.94,
            "gross_profit": 67093,
            "gross_margin": 21.71,
            "gross_margin_4q_avg": 19.81,
            "net_income": 5049,
            "revenue": 309013,
            "common_shares": 1170064,
            "book_valuer_per_share": 12.95,
            "book_valuer_per_share_4q_avg": 12.96,
            "equity": 1515174,
            "current_ratio": 267.98,
            "debt_ratio": 19.27,
            "inventory_turnover_ratio": 1,
            "account_receivable_turnover_ratio": 1.09,
            "reinvestment_rate": 319.18,
            "research_to_sale_ratio": 2.77,
            "price_fair": 12.43,
            "eps_avg_yearly": 0.36,
            "eps_latest_yearly": 0.16,
            "eps_growth_yearly": 340.35
        },
        "20191": {
            "year_quarter": 20191,
            "year": 2019,
            "quarter": 1,
            "eps": 0.04,
            "eps_growth_year": null,
            "eps_4q": 0.29,
            "eps_4q_growth_year": 79.1,
            "roe": 0.31,
            "roe_4q": 2.24,
            "gross_profit": 45747,
            "gross_margin": 18.28,
            "gross_margin_4q_avg": 19.83,
            "net_income": 4763,
            "revenue": 250225,
            "common_shares": 1170064,
            "book_valuer_per_share": 13.12,
            "book_valuer_per_share_4q_avg": 12.97,
            "equity": 1535524,
            "current_ratio": 286.48,
            "debt_ratio": 18.39,
            "inventory_turnover_ratio": 0.8,
            "account_receivable_turnover_ratio": 0.91,
            "reinvestment_rate": 304.2,
            "research_to_sale_ratio": 3.46,
            "price_fair": 11.67,
            "eps_avg_yearly": 0.33,
            "eps_latest_yearly": 0.16,
            "eps_growth_yearly": 302.53
        },
        "20192": {
            "year_quarter": 20192,
            "year": 2019,
            "quarter": 2,
            "eps": 0.04,
            "eps_growth_year": -73.33,
            "eps_4q": 0.18,
            "eps_4q_growth_year": -21.87,
            "roe": 0.32,
            "roe_4q": 1.38,
            "gross_profit": 59701,
            "gross_margin": 19.63,
            "gross_margin_4q_avg": 19.68,
            "net_income": 4833,
            "revenue": 304146,
            "common_shares": 1170064,
            "book_valuer_per_share": 12.84,
            "book_valuer_per_share_4q_avg": 12.94,
            "equity": 1502666,
            "current_ratio": 262.06,
            "debt_ratio": 20.17,
            "inventory_turnover_ratio": 0.95,
            "account_receivable_turnover_ratio": 1.18,
            "reinvestment_rate": 324.93,
            "research_to_sale_ratio": 3.39,
            "price_fair": 11.06,
            "eps_avg_yearly": 0.32,
            "eps_latest_yearly": 0.16,
            "eps_growth_yearly": 272.28
        },
        "20193": {
            "year_quarter": 20193,
            "year": 2019,
            "quarter": 3,
            "eps": 0.17,
            "eps_growth_year": 240,
            "eps_4q": 0.3,
            "eps_4q_growth_year": 104.12,
            "roe": 1.36,
            "roe_4q": 2.3200000000000003,
            "gross_profit": 70161,
            "gross_margin": 21.41,
            "gross_margin_4q_avg": 20.26,
            "net_income": 20365,
            "revenue": 327663,
            "common_shares": 1170064,
            "book_valuer_per_share": 12.68,
            "book_valuer_per_share_4q_avg": 12.9,
            "equity": 1483695,
            "current_ratio": 262.7,
            "debt_ratio": 20.34,
            "inventory_turnover_ratio": 1.13,
            "account_receivable_turnover_ratio": 1.15,
            "reinvestment_rate": 366.11,
            "research_to_sale_ratio": 2.88,
            "price_fair": 9.1,
            "eps_avg_yearly": 0.26,
            "eps_latest_yearly": 0.68,
            "eps_growth_yearly": 265.14
        },
        "20194": {
            "year_quarter": 20194,
            "year": 2019,
            "quarter": 4,
            "eps": -0.07,
            "eps_growth_year": -254.84,
            "eps_4q": 0.19,
            "eps_4q_growth_year": 54.68,
            "roe": -0.53,
            "roe_4q": 1.4600000000000002,
            "gross_profit": 44430,
            "gross_margin": 16.89,
            "gross_margin_4q_avg": 19.05,
            "net_income": -7818,
            "revenue": 263081,
            "common_shares": 1170064,
            "book_valuer_per_share": 12.43,
            "book_valuer_per_share_4q_avg": 12.77,
            "equity": 1454449,
            "current_ratio": 247.39,
            "debt_ratio": 21.58,
            "inventory_turnover_ratio": 1.09,
            "account_receivable_turnover_ratio": 0.95,
            "reinvestment_rate": 420.06,
            "research_to_sale_ratio": 3.64,
            "price_fair": 9.8,
            "eps_avg_yearly": 0.28,
            "eps_latest_yearly": 0.68,
            "eps_growth_yearly": 336.17
        },
        "20201": {
            "year_quarter": 20201,
            "year": 2020,
            "quarter": 1,
            "eps": -0.22,
            "eps_growth_year": -650,
            "eps_4q": -0.07,
            "eps_4q_growth_year": -123.82,
            "roe": -1.78,
            "roe_4q": -0.6299999999999999,
            "gross_profit": 2681,
            "gross_margin": 2.16,
            "gross_margin_4q_avg": 15.02,
            "net_income": -25539,
            "revenue": 124261,
            "common_shares": 1170064,
            "book_valuer_per_share": 12.14,
            "book_valuer_per_share_4q_avg": 12.52,
            "equity": 1420687,
            "current_ratio": 252.33,
            "debt_ratio": 20.36,
            "inventory_turnover_ratio": 0.64,
            "account_receivable_turnover_ratio": 0.64,
            "reinvestment_rate": 573.98,
            "research_to_sale_ratio": 5.81,
            "price_fair": 9.8,
            "eps_avg_yearly": 0.28,
            "eps_latest_yearly": 0.68,
            "eps_growth_yearly": 336.17
        },
        "20202": {
            "year_quarter": 20202,
            "year": 2020,
            "quarter": 2,
            "eps": 0.16,
            "eps_growth_year": 300,
            "eps_4q": 0.05,
            "eps_4q_growth_year": -74.67,
            "roe": 1.31,
            "roe_4q": 0.3600000000000001,
            "gross_profit": 59763,
            "gross_margin": 21.13,
            "gross_margin_4q_avg": 15.4,
            "net_income": 18322,
            "revenue": 282816,
            "common_shares": 1170064,
            "book_valuer_per_share": 11.77,
            "book_valuer_per_share_4q_avg": 12.26,
            "equity": 1376995,
            "current_ratio": 167.78,
            "debt_ratio": 32.5,
            "inventory_turnover_ratio": 1.1,
            "account_receivable_turnover_ratio": 1.45,
            "reinvestment_rate": 515.12,
            "research_to_sale_ratio": 2.99,
            "price_fair": 9.8,
            "eps_avg_yearly": 0.28,
            "eps_latest_yearly": 0.68,
            "eps_growth_yearly": 336.17
        },
        "20203": {
            "year_quarter": 20203,
            "year": 2020,
            "quarter": 3,
            "eps": 0.15,
            "eps_growth_year": -11.76,
            "eps_4q": 0.02,
            "eps_4q_growth_year": -91.95,
            "roe": 1.29,
            "roe_4q": 0.29000000000000004,
            "gross_profit": 53662,
            "gross_margin": 19.13,
            "gross_margin_4q_avg": 14.83,
            "net_income": 17855,
            "revenue": 280544,
            "common_shares": 1170064,
            "book_valuer_per_share": 11.87,
            "book_valuer_per_share_4q_avg": 12.05,
            "equity": 1389080,
            "current_ratio": 140.55,
            "debt_ratio": 34.98,
            "inventory_turnover_ratio": 1.06,
            "account_receivable_turnover_ratio": 1.01,
            "reinvestment_rate": 641.02,
            "research_to_sale_ratio": 2.9,
            "price_fair": 11.98,
            "eps_avg_yearly": 0.34,
            "eps_latest_yearly": 0.6,
            "eps_growth_yearly": 372.28
        },
        "20204": {
            "year_quarter": 20204,
            "year": 2020,
            "quarter": 4,
            "eps": -0.07,
            "eps_growth_year": null,
            "eps_4q": 0.02,
            "eps_4q_growth_year": -91.33,
            "roe": -0.63,
            "roe_4q": 0.19000000000000017,
            "gross_profit": 31502,
            "gross_margin": 12.12,
            "gross_margin_4q_avg": 13.64,
            "net_income": -8719,
            "revenue": 259878,
            "common_shares": 1170064,
            "book_valuer_per_share": 11.84,
            "book_valuer_per_share_4q_avg": 11.91,
            "equity": 1385776,
            "current_ratio": 142.28,
            "debt_ratio": 34.6,
            "inventory_turnover_ratio": 1.17,
            "account_receivable_turnover_ratio": 0.87,
            "reinvestment_rate": 811.11,
            "research_to_sale_ratio": 2.58,
            "price_fair": 12.25,
            "eps_avg_yearly": 0.35,
            "eps_latest_yearly": 0.6,
            "eps_growth_yearly": 118.82
        },
        "20211": {
            "year_quarter": 20211,
            "year": 2021,
            "quarter": 1,
            "eps": -0.14,
            "eps_growth_year": null,
            "eps_4q": 0.1,
            "eps_4q_growth_year": null,
            "roe": -1.18,
            "roe_4q": 0.79,
            "gross_profit": 13613,
            "gross_margin": 6.65,
            "gross_margin_4q_avg": 14.76,
            "net_income": -16068,
            "revenue": 204613,
            "common_shares": 1170064,
            "book_valuer_per_share": 11.47,
            "book_valuer_per_share_4q_avg": 11.74,
            "equity": 1342553,
            "current_ratio": 143.6,
            "debt_ratio": 32.97,
            "inventory_turnover_ratio": 0.99,
            "account_receivable_turnover_ratio": 0.74,
            "reinvestment_rate": 886.2,
            "research_to_sale_ratio": 4.25,
            "price_fair": 12.25,
            "eps_avg_yearly": 0.35,
            "eps_latest_yearly": 0.6,
            "eps_growth_yearly": 118.82
        },
        "20212": {
            "year_quarter": 20212,
            "year": 2021,
            "quarter": 2,
            "eps": -0.14,
            "eps_growth_year": -187.5,
            "eps_4q": -0.2,
            "eps_4q_growth_year": -547.32,
            "roe": -1.28,
            "roe_4q": -1.7999999999999998,
            "gross_profit": 32802,
            "gross_margin": 13.17,
            "gross_margin_4q_avg": 12.77,
            "net_income": -16910,
            "revenue": 249145,
            "common_shares": 1170064,
            "book_valuer_per_share": 11.12,
            "book_valuer_per_share_4q_avg": 11.58,
            "equity": 1301239,
            "current_ratio": 137.61,
            "debt_ratio": 35.47,
            "inventory_turnover_ratio": 0.91,
            "account_receivable_turnover_ratio": 0.94,
            "reinvestment_rate": 1066.34,
            "research_to_sale_ratio": 3.53,
            "price_fair": 12.25,
            "eps_avg_yearly": 0.35,
            "eps_latest_yearly": 0.6,
            "eps_growth_yearly": 118.82
        },
        "20213": {
            "year_quarter": 20213,
            "year": 2021,
            "quarter": 3,
            "eps": -0.1,
            "eps_growth_year": -166.67,
            "eps_4q": -0.46,
            "eps_4q_growth_year": -2006.19,
            "roe": -0.94,
            "roe_4q": -4.029999999999999,
            "gross_profit": 34207,
            "gross_margin": 11.78,
            "gross_margin_4q_avg": 10.93,
            "net_income": -12057,
            "revenue": 290266,
            "common_shares": 1170064,
            "book_valuer_per_share": 10.87,
            "book_valuer_per_share_4q_avg": 11.33,
            "equity": 1271730,
            "current_ratio": 139.77,
            "debt_ratio": 39.06,
            "inventory_turnover_ratio": 0.91,
            "account_receivable_turnover_ratio": 0.97,
            "reinvestment_rate": 17475.41,
            "research_to_sale_ratio": 2.62,
            "price_fair": 11.2,
            "eps_avg_yearly": 0.32,
            "eps_latest_yearly": 0.6,
            "eps_growth_yearly": 104.05
        },
        "20214": {
            "year_quarter": 20214,
            "year": 2021,
            "quarter": 4,
            "eps": -0.1,
            "eps_growth_year": null,
            "eps_4q": -0.48,
            "eps_4q_growth_year": -3026.44,
            "roe": -0.89,
            "roe_4q": -4.29,
            "gross_profit": 44693,
            "gross_margin": 13.9,
            "gross_margin_4q_avg": 11.38,
            "net_income": -11124,
            "revenue": 321629,
            "common_shares": 1170064,
            "book_valuer_per_share": 10.44,
            "book_valuer_per_share_4q_avg": 10.98,
            "equity": 1221546,
            "current_ratio": 134.39,
            "debt_ratio": 42.03,
            "inventory_turnover_ratio": 0.87,
            "account_receivable_turnover_ratio": 0.9,
            "reinvestment_rate": null,
            "research_to_sale_ratio": 2.26,
            "price_fair": 11.43,
            "eps_avg_yearly": 0.33,
            "eps_latest_yearly": 0.6,
            "eps_growth_yearly": 154.72
        },
        "20221": {
            "year_quarter": 20221,
            "year": 2022,
            "quarter": 1,
            "eps": 0.04,
            "eps_growth_year": null,
            "eps_4q": -0.31,
            "eps_4q_growth_year": -414.51,
            "roe": 0.35,
            "roe_4q": -2.76,
            "gross_profit": 39951,
            "gross_margin": 14.84,
            "gross_margin_4q_avg": 13.42,
            "net_income": 4268,
            "revenue": 269244,
            "common_shares": 1170064,
            "book_valuer_per_share": 10.68,
            "book_valuer_per_share_4q_avg": 10.78,
            "equity": 1249240,
            "current_ratio": 130.46,
            "debt_ratio": 40.86,
            "inventory_turnover_ratio": 0.61,
            "account_receivable_turnover_ratio": 0.72,
            "reinvestment_rate": 4627.99,
            "research_to_sale_ratio": 2.67,
            "price_fair": 11.43,
            "eps_avg_yearly": 0.33,
            "eps_latest_yearly": 0.6,
            "eps_growth_yearly": 154.72
        },
        "20222": {
            "year_quarter": 20222,
            "year": 2022,
            "quarter": 2,
            "eps": 0.13,
            "eps_growth_year": null,
            "eps_4q": -0.04,
            "eps_4q_growth_year": null,
            "roe": 1.21,
            "roe_4q": -0.2699999999999999,
            "gross_profit": 58365,
            "gross_margin": 15.59,
            "gross_margin_4q_avg": 14.03,
            "net_income": 14763,
            "revenue": 374263,
            "common_shares": 1170064,
            "book_valuer_per_share": 10.12,
            "book_valuer_per_share_4q_avg": 10.53,
            "equity": 1183547,
            "current_ratio": 129.5,
            "debt_ratio": 42.87,
            "inventory_turnover_ratio": 0.76,
            "account_receivable_turnover_ratio": 0.98,
            "reinvestment_rate": null,
            "research_to_sale_ratio": 1.92,
            "price_fair": 12.4,
            "eps_avg_yearly": 0.35,
            "eps_latest_yearly": 0.52,
            "eps_growth_yearly": 261.19
        },
        "20223": {
            "year_quarter": 20223,
            "year": 2022,
            "quarter": 3,
            "eps": 0.48,
            "eps_growth_year": null,
            "eps_4q": 0.55,
            "eps_4q_growth_year": null,
            "roe": 4.67,
            "roe_4q": 5.34,
            "gross_profit": 90917,
            "gross_margin": 21.69,
            "gross_margin_4q_avg": 16.51,
            "net_income": 56512,
            "revenue": 419259,
            "common_shares": 1170064,
            "book_valuer_per_share": 10.56,
            "book_valuer_per_share_4q_avg": 10.45,
            "equity": 1235357,
            "current_ratio": 135.14,
            "debt_ratio": 41.38,
            "inventory_turnover_ratio": 0.83,
            "account_receivable_turnover_ratio": 0.95,
            "reinvestment_rate": -166.51,
            "research_to_sale_ratio": 1.81,
            "price_fair": 21,
            "eps_avg_yearly": 0.6,
            "eps_latest_yearly": 1.92,
            "eps_growth_yearly": 453.13
        },
        "20224": {
            "year_quarter": 20224,
            "year": 2022,
            "quarter": 4,
            "eps": null,
            "eps_growth_year": null,
            "eps_4q": null,
            "eps_4q_growth_year": null,
            "roe": null,
            "roe_4q": 6.2299999999999995,
            "gross_profit": null,
            "gross_margin": null,
            "gross_margin_4q_avg": 13.03,
            "net_income": null,
            "revenue": null,
            "common_shares": null,
            "book_valuer_per_share": 10.42,
            "book_valuer_per_share_4q_avg": 10.45,
            "equity": null,
            "current_ratio": null,
            "debt_ratio": null,
            "inventory_turnover_ratio": null,
            "account_receivable_turnover_ratio": null,
            "reinvestment_rate": null,
            "research_to_sale_ratio": null,
            "price_fair": 23.57,
            "eps_avg_yearly": 0.67,
            "eps_latest_yearly": 1.92,
            "eps_growth_yearly": 541.99
        },
        "20231": {
            "year_quarter": 20231,
            "year": 2023,
            "quarter": 1,
            "eps": -0.1,
            "eps_growth_year": -350,
            "eps_4q": null,
            "eps_4q_growth_year": null,
            "roe": -0.97,
            "roe_4q": 4.91,
            "gross_profit": 42903,
            "gross_margin": 16.7,
            "gross_margin_4q_avg": 13.5,
            "net_income": -11741,
            "revenue": 256878,
            "common_shares": 1170064,
            "book_valuer_per_share": 10.36,
            "book_valuer_per_share_4q_avg": 10.37,
            "equity": 1212527,
            "current_ratio": 136.23,
            "debt_ratio": 40.48,
            "inventory_turnover_ratio": 0.73,
            "account_receivable_turnover_ratio": 1.44,
            "reinvestment_rate": null,
            "research_to_sale_ratio": 3.29,
            "price_fair": 27.16,
            "eps_avg_yearly": 0.78,
            "eps_latest_yearly": 1.92,
            "eps_growth_yearly": 650.38
        }
    },
    "months": {
        "2002-01": {
            "month": "2002-01",
            "price": "39.56",
            "revenue": 85751
        },
        "2002-02": {
            "month": "2002-02",
            "price": "44.20",
            "revenue": 75520
        },
        "2002-03": {
            "month": "2002-03",
            "price": "41.39",
            "revenue": 91629
        },
        "2002-04": {
            "month": "2002-04",
            "price": "41.86",
            "revenue": 88519
        },
        "2002-05": {
            "month": "2002-05",
            "price": "37.09",
            "revenue": 100387
        },
        "2002-06": {
            "month": "2002-06",
            "price": "36.54",
            "revenue": 79550
        },
        "2002-07": {
            "month": "2002-07",
            "price": "33.99",
            "revenue": 82764
        },
        "2002-08": {
            "month": "2002-08",
            "price": "30.75",
            "revenue": 79302
        },
        "2002-09": {
            "month": "2002-09",
            "price": "27.00",
            "revenue": 79562
        },
        "2002-10": {
            "month": "2002-10",
            "price": "24.11",
            "revenue": 77894
        },
        "2002-11": {
            "month": "2002-11",
            "price": "25.57",
            "revenue": 92835
        },
        "2002-12": {
            "month": "2002-12",
            "price": "25.00",
            "revenue": 114183
        },
        "2003-01": {
            "month": "2003-01",
            "price": "27.19",
            "revenue": 97277
        },
        "2003-02": {
            "month": "2003-02",
            "price": "24.10",
            "revenue": 59237
        },
        "2003-03": {
            "month": "2003-03",
            "price": "22.70",
            "revenue": 40481
        },
        "2003-04": {
            "month": "2003-04",
            "price": "22.38",
            "revenue": 87096
        },
        "2003-05": {
            "month": "2003-05",
            "price": "19.19",
            "revenue": 75952
        },
        "2003-06": {
            "month": "2003-06",
            "price": "22.30",
            "revenue": 75646
        },
        "2003-07": {
            "month": "2003-07",
            "price": "30.31",
            "revenue": 79799
        },
        "2003-08": {
            "month": "2003-08",
            "price": "25.92",
            "revenue": 72605
        },
        "2003-09": {
            "month": "2003-09",
            "price": "22.29",
            "revenue": 89806
        },
        "2003-10": {
            "month": "2003-10",
            "price": "19.44",
            "revenue": 89996
        },
        "2003-11": {
            "month": "2003-11",
            "price": "20.00",
            "revenue": 92431
        },
        "2003-12": {
            "month": "2003-12",
            "price": "21.67",
            "revenue": 88394
        },
        "2004-01": {
            "month": "2004-01",
            "price": "24.03",
            "revenue": 79387
        },
        "2004-02": {
            "month": "2004-02",
            "price": "27.05",
            "revenue": 106544
        },
        "2004-03": {
            "month": "2004-03",
            "price": "25.31",
            "revenue": 110395
        },
        "2004-04": {
            "month": "2004-04",
            "price": "28.75",
            "revenue": 113177
        },
        "2004-05": {
            "month": "2004-05",
            "price": "23.89",
            "revenue": 110079
        },
        "2004-06": {
            "month": "2004-06",
            "price": "22.74",
            "revenue": 112927
        },
        "2004-07": {
            "month": "2004-07",
            "price": "21.92",
            "revenue": 128816
        },
        "2004-08": {
            "month": "2004-08",
            "price": "20.66",
            "revenue": 139094
        },
        "2004-09": {
            "month": "2004-09",
            "price": "22.51",
            "revenue": 135910
        },
        "2004-10": {
            "month": "2004-10",
            "price": "22.20",
            "revenue": 122213
        },
        "2004-11": {
            "month": "2004-11",
            "price": "21.99",
            "revenue": 137794
        },
        "2004-12": {
            "month": "2004-12",
            "price": "22.28",
            "revenue": 123906
        },
        "2005-01": {
            "month": "2005-01",
            "price": "21.80",
            "revenue": 140959
        },
        "2005-02": {
            "month": "2005-02",
            "price": "21.98",
            "revenue": 91940
        },
        "2005-03": {
            "month": "2005-03",
            "price": "22.82",
            "revenue": 125102
        },
        "2005-04": {
            "month": "2005-04",
            "price": "23.92",
            "revenue": 114628
        },
        "2005-05": {
            "month": "2005-05",
            "price": "20.90",
            "revenue": 100321
        },
        "2005-06": {
            "month": "2005-06",
            "price": "21.70",
            "revenue": 100874
        },
        "2005-07": {
            "month": "2005-07",
            "price": "21.70",
            "revenue": 112455
        },
        "2005-08": {
            "month": "2005-08",
            "price": "18.69",
            "revenue": 148445
        },
        "2005-09": {
            "month": "2005-09",
            "price": "17.90",
            "revenue": 152715
        },
        "2005-10": {
            "month": "2005-10",
            "price": "17.56",
            "revenue": 173864
        },
        "2005-11": {
            "month": "2005-11",
            "price": "17.18",
            "revenue": 171089
        },
        "2005-12": {
            "month": "2005-12",
            "price": "20.02",
            "revenue": 138527
        },
        "2006-01": {
            "month": "2006-01",
            "price": "24.70",
            "revenue": 98881
        },
        "2006-02": {
            "month": "2006-02",
            "price": "21.96",
            "revenue": 120166
        },
        "2006-03": {
            "month": "2006-03",
            "price": "21.14",
            "revenue": 156770
        },
        "2006-04": {
            "month": "2006-04",
            "price": "24.18",
            "revenue": 168539
        },
        "2006-05": {
            "month": "2006-05",
            "price": "28.28",
            "revenue": 170319
        },
        "2006-06": {
            "month": "2006-06",
            "price": "26.89",
            "revenue": 187555
        },
        "2006-07": {
            "month": "2006-07",
            "price": "24.80",
            "revenue": 172504
        },
        "2006-08": {
            "month": "2006-08",
            "price": "23.86",
            "revenue": 198124
        },
        "2006-09": {
            "month": "2006-09",
            "price": "23.41",
            "revenue": 201046
        },
        "2006-10": {
            "month": "2006-10",
            "price": "24.32",
            "revenue": 186815
        },
        "2006-11": {
            "month": "2006-11",
            "price": "24.77",
            "revenue": 196924
        },
        "2006-12": {
            "month": "2006-12",
            "price": "26.73",
            "revenue": 181304
        },
        "2007-01": {
            "month": "2007-01",
            "price": "28.68",
            "revenue": 113105
        },
        "2007-02": {
            "month": "2007-02",
            "price": "32.49",
            "revenue": 118335
        },
        "2007-03": {
            "month": "2007-03",
            "price": "32.41",
            "revenue": 153626
        },
        "2007-04": {
            "month": "2007-04",
            "price": "30.68",
            "revenue": 153780
        },
        "2007-05": {
            "month": "2007-05",
            "price": "28.14",
            "revenue": 161429
        },
        "2007-06": {
            "month": "2007-06",
            "price": "28.80",
            "revenue": 158527
        },
        "2007-07": {
            "month": "2007-07",
            "price": "29.60",
            "revenue": 182408
        },
        "2007-08": {
            "month": "2007-08",
            "price": "25.44",
            "revenue": 211386
        },
        "2007-09": {
            "month": "2007-09",
            "price": "24.22",
            "revenue": 214344
        },
        "2007-10": {
            "month": "2007-10",
            "price": "24.23",
            "revenue": 212420
        },
        "2007-11": {
            "month": "2007-11",
            "price": "22.69",
            "revenue": 210158
        },
        "2007-12": {
            "month": "2007-12",
            "price": "19.85",
            "revenue": 213355
        },
        "2008-01": {
            "month": "2008-01",
            "price": "17.12",
            "revenue": 169746
        },
        "2008-02": {
            "month": "2008-02",
            "price": "15.24",
            "revenue": 134548
        },
        "2008-03": {
            "month": "2008-03",
            "price": "16.04",
            "revenue": 198871
        },
        "2008-05": {
            "month": "2008-05",
            "price": "18.47",
            "revenue": 187904
        },
        "2008-06": {
            "month": "2008-06",
            "price": "16.89",
            "revenue": 157380
        },
        "2008-07": {
            "month": "2008-07",
            "price": "14.74",
            "revenue": 175494
        },
        "2008-08": {
            "month": "2008-08",
            "price": "14.67",
            "revenue": 156958
        },
        "2008-09": {
            "month": "2008-09",
            "price": "12.35",
            "revenue": 165008
        },
        "2008-10": {
            "month": "2008-10",
            "price": "9.48",
            "revenue": 150029
        },
        "2008-11": {
            "month": "2008-11",
            "price": "7.73",
            "revenue": 107858
        },
        "2008-12": {
            "month": "2008-12",
            "price": "7.51",
            "revenue": 99689
        },
        "2009-01": {
            "month": "2009-01",
            "price": "7.38",
            "revenue": 92105
        },
        "2009-02": {
            "month": "2009-02",
            "price": "7.55",
            "revenue": 96229
        },
        "2009-03": {
            "month": "2009-03",
            "price": "8.58",
            "revenue": 125535
        },
        "2009-04": {
            "month": "2009-04",
            "price": "9.21",
            "revenue": 110164
        },
        "2009-05": {
            "month": "2009-05",
            "price": "9.26",
            "revenue": 87501
        },
        "2009-06": {
            "month": "2009-06",
            "price": "9.21",
            "revenue": 107037
        },
        "2009-07": {
            "month": "2009-07",
            "price": "9.99",
            "revenue": 97201
        },
        "2009-08": {
            "month": "2009-08",
            "price": "11.24",
            "revenue": 105378
        },
        "2009-09": {
            "month": "2009-09",
            "price": "11.61",
            "revenue": 112653
        },
        "2009-10": {
            "month": "2009-10",
            "price": "12.89",
            "revenue": 105307
        },
        "2009-11": {
            "month": "2009-11",
            "price": "12.56",
            "revenue": 98926
        },
        "2009-12": {
            "month": "2009-12",
            "price": "12.88",
            "revenue": 122732
        },
        "2010-01": {
            "month": "2010-01",
            "price": "13.52",
            "revenue": 116812
        },
        "2010-02": {
            "month": "2010-02",
            "price": "12.54",
            "revenue": 92280
        },
        "2010-03": {
            "month": "2010-03",
            "price": "13.54",
            "revenue": 145036
        },
        "2010-04": {
            "month": "2010-04",
            "price": "14.40",
            "revenue": 143160
        },
        "2010-05": {
            "month": "2010-05",
            "price": "15.53",
            "revenue": 136884
        },
        "2010-06": {
            "month": "2010-06",
            "price": "14.96",
            "revenue": 127254
        },
        "2010-07": {
            "month": "2010-07",
            "price": "14.91",
            "revenue": 135396
        },
        "2010-08": {
            "month": "2010-08",
            "price": "14.84",
            "revenue": 131502
        },
        "2010-09": {
            "month": "2010-09",
            "price": "12.83",
            "revenue": 125679
        },
        "2010-10": {
            "month": "2010-10",
            "price": "12.00",
            "revenue": 111681
        },
        "2010-11": {
            "month": "2010-11",
            "price": "10.34",
            "revenue": 112138
        },
        "2010-12": {
            "month": "2010-12",
            "price": "11.71",
            "revenue": 127569
        },
        "2011-01": {
            "month": "2011-01",
            "price": "11.33",
            "revenue": 109908
        },
        "2011-02": {
            "month": "2011-02",
            "price": "11.75",
            "revenue": 79783
        },
        "2011-03": {
            "month": "2011-03",
            "price": "11.53",
            "revenue": 134196
        },
        "2011-04": {
            "month": "2011-04",
            "price": "10.86",
            "revenue": 131980
        },
        "2011-05": {
            "month": "2011-05",
            "price": "10.80",
            "revenue": 126969
        },
        "2011-06": {
            "month": "2011-06",
            "price": "10.06",
            "revenue": 141316
        },
        "2011-07": {
            "month": "2011-07",
            "price": "9.63",
            "revenue": 127693
        },
        "2011-08": {
            "month": "2011-08",
            "price": "8.58",
            "revenue": 131124
        },
        "2011-09": {
            "month": "2011-09",
            "price": "8.03",
            "revenue": 135040
        },
        "2011-10": {
            "month": "2011-10",
            "price": "8.07",
            "revenue": 131175
        },
        "2011-11": {
            "month": "2011-11",
            "price": "7.79",
            "revenue": 143794
        },
        "2011-12": {
            "month": "2011-12",
            "price": "7.36",
            "revenue": 145475
        },
        "2012-01": {
            "month": "2012-01",
            "price": "7.17",
            "revenue": 95166
        },
        "2012-02": {
            "month": "2012-02",
            "price": "8.13",
            "revenue": 87752
        },
        "2012-03": {
            "month": "2012-03",
            "price": "7.79",
            "revenue": 118736
        },
        "2012-04": {
            "month": "2012-04",
            "price": "7.77",
            "revenue": 114967
        },
        "2012-05": {
            "month": "2012-05",
            "price": "8.06",
            "revenue": 117893
        },
        "2012-06": {
            "month": "2012-06",
            "price": "7.96",
            "revenue": 103767
        },
        "2012-07": {
            "month": "2012-07",
            "price": "7.87",
            "revenue": 104856
        },
        "2012-08": {
            "month": "2012-08",
            "price": "7.52",
            "revenue": 132656
        },
        "2012-09": {
            "month": "2012-09",
            "price": "8.17",
            "revenue": 129682
        },
        "2012-10": {
            "month": "2012-10",
            "price": "8.04",
            "revenue": 124603
        },
        "2012-11": {
            "month": "2012-11",
            "price": "7.95",
            "revenue": 109953
        },
        "2012-12": {
            "month": "2012-12",
            "price": "8.11",
            "revenue": 102002
        },
        "2013-01": {
            "month": "2013-01",
            "price": "8.84",
            "revenue": 99512
        },
        "2013-02": {
            "month": "2013-02",
            "price": "8.87",
            "revenue": 50743
        },
        "2013-03": {
            "month": "2013-03",
            "price": "8.56",
            "revenue": 69167
        },
        "2013-04": {
            "month": "2013-04",
            "price": "8.62",
            "revenue": 80688
        },
        "2013-05": {
            "month": "2013-05",
            "price": "9.08",
            "revenue": 89245
        },
        "2013-06": {
            "month": "2013-06",
            "price": "9.43",
            "revenue": 86480
        },
        "2013-07": {
            "month": "2013-07",
            "price": "9.07",
            "revenue": 93971
        },
        "2013-08": {
            "month": "2013-08",
            "price": "9.09",
            "revenue": 92303
        },
        "2013-09": {
            "month": "2013-09",
            "price": "9.13",
            "revenue": 99010
        },
        "2013-10": {
            "month": "2013-10",
            "price": "9.11",
            "revenue": 97936
        },
        "2013-11": {
            "month": "2013-11",
            "price": "8.84",
            "revenue": 102008
        },
        "2013-12": {
            "month": "2013-12",
            "price": "8.85",
            "revenue": 99491
        },
        "2014-01": {
            "month": "2014-01",
            "price": "9.58",
            "revenue": 107259
        },
        "2014-02": {
            "month": "2014-02",
            "price": "12.03",
            "revenue": 77939
        },
        "2014-03": {
            "month": "2014-03",
            "price": "11.50",
            "revenue": 107372
        },
        "2014-04": {
            "month": "2014-04",
            "price": "12.62",
            "revenue": 100812
        },
        "2014-05": {
            "month": "2014-05",
            "price": "12.01",
            "revenue": 103430
        },
        "2014-06": {
            "month": "2014-06",
            "price": "12.90",
            "revenue": 81674
        },
        "2014-07": {
            "month": "2014-07",
            "price": "12.39",
            "revenue": 93324
        },
        "2014-08": {
            "month": "2014-08",
            "price": "11.03",
            "revenue": 86480
        },
        "2014-09": {
            "month": "2014-09",
            "price": "10.41",
            "revenue": 105698
        },
        "2014-10": {
            "month": "2014-10",
            "price": "9.52",
            "revenue": 98265
        },
        "2014-11": {
            "month": "2014-11",
            "price": "9.41",
            "revenue": 102126
        },
        "2014-12": {
            "month": "2014-12",
            "price": "10.08",
            "revenue": 126799
        },
        "2015-01": {
            "month": "2015-01",
            "price": "11.11",
            "revenue": 113810
        },
        "2015-02": {
            "month": "2015-02",
            "price": "10.94",
            "revenue": 66337
        },
        "2015-03": {
            "month": "2015-03",
            "price": "10.92",
            "revenue": 107761
        },
        "2015-04": {
            "month": "2015-04",
            "price": "11.17",
            "revenue": 114750
        },
        "2015-05": {
            "month": "2015-05",
            "price": "10.53",
            "revenue": 110046
        },
        "2015-06": {
            "month": "2015-06",
            "price": "9.44",
            "revenue": 91319
        },
        "2015-07": {
            "month": "2015-07",
            "price": "9.96",
            "revenue": 99870
        },
        "2015-08": {
            "month": "2015-08",
            "price": "9.90",
            "revenue": 103734
        },
        "2015-09": {
            "month": "2015-09",
            "price": "10.24",
            "revenue": 95281
        },
        "2015-10": {
            "month": "2015-10",
            "price": "10.61",
            "revenue": 97685
        },
        "2015-11": {
            "month": "2015-11",
            "price": "11.06",
            "revenue": 94634
        },
        "2015-12": {
            "month": "2015-12",
            "price": "10.66",
            "revenue": 95344
        },
        "2016-01": {
            "month": "2016-01",
            "price": "10.19",
            "revenue": 100680
        },
        "2016-02": {
            "month": "2016-02",
            "price": "9.96",
            "revenue": 52208
        },
        "2016-03": {
            "month": "2016-03",
            "price": "10.03",
            "revenue": 99092
        },
        "2016-04": {
            "month": "2016-04",
            "price": "10.00",
            "revenue": 89084
        },
        "2016-05": {
            "month": "2016-05",
            "price": "9.86",
            "revenue": 79619
        },
        "2016-06": {
            "month": "2016-06",
            "price": "9.45",
            "revenue": 94696
        },
        "2016-07": {
            "month": "2016-07",
            "price": "9.36",
            "revenue": 103458
        },
        "2016-08": {
            "month": "2016-08",
            "price": "9.26",
            "revenue": 96330
        },
        "2016-09": {
            "month": "2016-09",
            "price": "9.20",
            "revenue": 108212
        },
        "2016-10": {
            "month": "2016-10",
            "price": "9.02",
            "revenue": 89174
        },
        "2016-11": {
            "month": "2016-11",
            "price": "8.86",
            "revenue": 88434
        },
        "2016-12": {
            "month": "2016-12",
            "price": "8.95",
            "revenue": 111393
        },
        "2017-01": {
            "month": "2017-01",
            "price": "9.22",
            "revenue": 101278
        },
        "2017-02": {
            "month": "2017-02",
            "price": "9.49",
            "revenue": 64062
        },
        "2017-03": {
            "month": "2017-03",
            "price": "9.32",
            "revenue": 121251
        },
        "2017-04": {
            "month": "2017-04",
            "price": "9.53",
            "revenue": 102363
        },
        "2017-05": {
            "month": "2017-05",
            "price": "9.37",
            "revenue": 105646
        },
        "2017-06": {
            "month": "2017-06",
            "price": "9.37",
            "revenue": 105182
        },
        "2017-07": {
            "month": "2017-07",
            "price": "9.89",
            "revenue": 101552
        },
        "2017-08": {
            "month": "2017-08",
            "price": "10.47",
            "revenue": 104587
        },
        "2017-09": {
            "month": "2017-09",
            "price": "11.33",
            "revenue": 103002
        },
        "2017-10": {
            "month": "2017-10",
            "price": "10.85",
            "revenue": 81229
        },
        "2017-11": {
            "month": "2017-11",
            "price": "10.61",
            "revenue": 86734
        },
        "2017-12": {
            "month": "2017-12",
            "price": "10.27",
            "revenue": 87369
        },
        "2018-01": {
            "month": "2018-01",
            "price": "10.60",
            "revenue": 92326
        },
        "2018-02": {
            "month": "2018-02",
            "price": "9.99",
            "revenue": 63332
        },
        "2018-03": {
            "month": "2018-03",
            "price": "10.16",
            "revenue": 66246
        },
        "2018-04": {
            "month": "2018-04",
            "price": "10.26",
            "revenue": 91938
        },
        "2018-05": {
            "month": "2018-05",
            "price": "9.53",
            "revenue": 84315
        },
        "2018-06": {
            "month": "2018-06",
            "price": "9.52",
            "revenue": 89194
        },
        "2018-07": {
            "month": "2018-07",
            "price": "9.60",
            "revenue": 94847
        },
        "2018-08": {
            "month": "2018-08",
            "price": "9.08",
            "revenue": 99584
        },
        "2018-09": {
            "month": "2018-09",
            "price": "9.11",
            "revenue": 88619
        },
        "2018-10": {
            "month": "2018-10",
            "price": "8.44",
            "revenue": 104323
        },
        "2018-11": {
            "month": "2018-11",
            "price": "8.49",
            "revenue": 102183
        },
        "2018-12": {
            "month": "2018-12",
            "price": "8.64",
            "revenue": 104884
        },
        "2019-01": {
            "month": "2019-01",
            "price": "8.63",
            "revenue": 104163
        },
        "2019-02": {
            "month": "2019-02",
            "price": "8.71",
            "revenue": 52594
        },
        "2019-03": {
            "month": "2019-03",
            "price": "8.92",
            "revenue": 93245
        },
        "2019-04": {
            "month": "2019-04",
            "price": "8.97",
            "revenue": 94804
        },
        "2019-05": {
            "month": "2019-05",
            "price": "8.70",
            "revenue": 112796
        },
        "2019-06": {
            "month": "2019-06",
            "price": "8.45",
            "revenue": 96722
        },
        "2019-07": {
            "month": "2019-07",
            "price": "8.51",
            "revenue": 121374
        },
        "2019-08": {
            "month": "2019-08",
            "price": "8.36",
            "revenue": 111391
        },
        "2019-09": {
            "month": "2019-09",
            "price": "8.37",
            "revenue": 97065
        },
        "2019-10": {
            "month": "2019-10",
            "price": "8.23",
            "revenue": 87502
        },
        "2019-11": {
            "month": "2019-11",
            "price": "8.21",
            "revenue": 88858
        },
        "2019-12": {
            "month": "2019-12",
            "price": "8.19",
            "revenue": 89588
        },
        "2020-01": {
            "month": "2020-01",
            "price": "8.24",
            "revenue": 59430
        },
        "2020-02": {
            "month": "2020-02",
            "price": "7.52",
            "revenue": 24746
        },
        "2020-03": {
            "month": "2020-03",
            "price": "6.77",
            "revenue": 40203
        },
        "2020-04": {
            "month": "2020-04",
            "price": "6.67",
            "revenue": 86967
        },
        "2020-05": {
            "month": "2020-05",
            "price": "7.11",
            "revenue": 104197
        },
        "2020-06": {
            "month": "2020-06",
            "price": "7.30",
            "revenue": 92816
        },
        "2020-07": {
            "month": "2020-07",
            "price": "7.53",
            "revenue": 104800
        },
        "2020-08": {
            "month": "2020-08",
            "price": "7.67",
            "revenue": 84290
        },
        "2020-09": {
            "month": "2020-09",
            "price": "8.11",
            "revenue": 91429
        },
        "2020-10": {
            "month": "2020-10",
            "price": "8.29",
            "revenue": 87723
        },
        "2020-11": {
            "month": "2020-11",
            "price": "8.23",
            "revenue": 84416
        },
        "2020-12": {
            "month": "2020-12",
            "price": "9.08",
            "revenue": 86366
        },
        "2021-01": {
            "month": "2021-01",
            "price": "9.18",
            "revenue": 89639
        },
        "2021-02": {
            "month": "2021-02",
            "price": "8.84",
            "revenue": 35935
        },
        "2021-03": {
            "month": "2021-03",
            "price": "9.73",
            "revenue": 79179
        },
        "2021-04": {
            "month": "2021-04",
            "price": "11.28",
            "revenue": 78408
        },
        "2021-05": {
            "month": "2021-05",
            "price": "9.63",
            "revenue": 88991
        },
        "2021-06": {
            "month": "2021-06",
            "price": "8.99",
            "revenue": 82224
        },
        "2021-07": {
            "month": "2021-07",
            "price": "8.99",
            "revenue": 97812
        },
        "2021-08": {
            "month": "2021-08",
            "price": "8.66",
            "revenue": 110027
        },
        "2021-09": {
            "month": "2021-09",
            "price": "8.62",
            "revenue": 83067
        },
        "2021-10": {
            "month": "2021-10",
            "price": "8.51",
            "revenue": 85154
        },
        "2021-11": {
            "month": "2021-11",
            "price": "8.81",
            "revenue": 108402
        },
        "2021-12": {
            "month": "2021-12",
            "price": "9.77",
            "revenue": 127777
        },
        "2022-01": {
            "month": "2022-01",
            "price": "10.30",
            "revenue": 103972
        },
        "2022-02": {
            "month": "2022-02",
            "price": "9.87",
            "revenue": 55084
        },
        "2022-03": {
            "month": "2022-03",
            "price": "9.44",
            "revenue": 110182
        },
        "2022-04": {
            "month": "2022-04",
            "price": "9.34",
            "revenue": 108442
        },
        "2022-05": {
            "month": "2022-05",
            "price": "9.16",
            "revenue": 129858
        },
        "2022-06": {
            "month": "2022-06",
            "price": "11.61",
            "revenue": 135958
        },
        "2022-07": {
            "month": "2022-07",
            "price": "15.06",
            "revenue": 137516
        },
        "2022-08": {
            "month": "2022-08",
            "price": "25.18",
            "revenue": 142121
        },
        "2022-09": {
            "month": "2022-09",
            "price": "24.87",
            "revenue": 148707
        },
        "2022-10": {
            "month": "2022-10",
            "price": "20.84",
            "revenue": 109730
        },
        "2022-11": {
            "month": "2022-11",
            "price": "26.25",
            "revenue": 101655
        },
        "2022-12": {
            "month": "2022-12",
            "price": "24.19",
            "revenue": 102023
        },
        "2023-01": {
            "month": "2023-01",
            "price": "22.88",
            "revenue": 96760
        },
        "2023-02": {
            "month": "2023-02",
            "price": "23.26",
            "revenue": 58017
        },
        "2023-03": {
            "month": "2023-03",
            "price": "23.24",
            "revenue": 102101
        },
        "2023-04": {
            "month": "2023-04",
            "price": "22.59",
            "revenue": 86161
        }
    }
}
