{
    "summary": {
        "stock_name": "萬旭",
        "stock_id": "6134",
        "category": "電子零組件",
        "main_business": "連接器配線組立<br>網通視訊<br>車用電子",
        "website_url": "http://www.wanshih.com.tw",
        "ceo": "張程欽",
        "pe_ratio": -28,
        "report_year_from": 2001,
        "report_year_to": 2023,
        "age": 22,
        "eps_negative_percentage": 39,
        "eps_growth_avg": {
            "last_all": -3.65,
            "last_2y": 0,
            "last_4y": -33.33,
            "last_8y": -10.47,
            "last_12y": -35.23,
            "last_16y": 3.32,
            "last_20y": -3.65,
            "at_2006_last_3y": 8.83,
            "at_2007_last_3y": 32.66,
            "at_2008_last_3y": 37.11,
            "at_2009_last_3y": 61.15,
            "at_2010_last_3y": 21.18,
            "at_2011_last_3y": -28.82,
            "at_2012_last_3y": -23.17,
            "at_2013_last_3y": -84.75,
            "at_2014_last_3y": -100,
            "at_2015_last_3y": null,
            "at_2016_last_3y": null,
            "at_2017_last_3y": 58.14,
            "at_2018_last_3y": -20.93,
            "at_2019_last_3y": -20.93,
            "at_2020_last_3y": 19.38,
            "at_2021_last_3y": -33.33,
            "at_2022_last_3y": 0,
            "at_2023_last_3y": 0,
            "at_2006_last_all": 1.21,
            "at_2007_last_all": 17.68,
            "at_2008_last_all": 8.61,
            "at_2009_last_all": 20.04,
            "at_2010_last_all": 10.09,
            "at_2011_last_all": -0.92,
            "at_2012_last_all": -0.92,
            "at_2013_last_all": -0.92,
            "at_2014_last_all": -0.92,
            "at_2015_last_all": -0.92,
            "at_2016_last_all": -0.92,
            "at_2017_last_all": 4.45,
            "at_2018_last_all": -4.26,
            "at_2019_last_all": -4.26,
            "at_2020_last_all": 3.76,
            "at_2021_last_all": -3.65,
            "at_2022_last_all": -3.65,
            "at_2023_last_all": -3.65
        },
        "latest_eps": -0.84,
        "latest_price": 23.45,
        "latest_roe": -6.56,
        "latest_gross_margin": 26.35,
        "latest_equity": 890209,
        "latest_revenue": 315076,
        "latest_gross_profit": 83024,
        "latest_net_income": -5676,
        "latest_debt_ratio": 47.49,
        "latest_current_ratio": 187.3,
        "latest_account_receivable_turnover_ratio": 0.72,
        "latest_inventory_turnover_ratio": 0.94,
        "latest_reinvestment_rate": null,
        "latest_research_to_sale_ratio": 7.23
    },
    "eps_dividends": {
        "2000": {
            "cash": 3.33,
            "stock": 3,
            "eps": 0
        },
        "2001": {
            "cash": 3.2,
            "stock": 2.4,
            "eps": 4.82
        },
        "2002": {
            "cash": 0,
            "stock": 0,
            "eps": 3.41
        },
        "2003": {
            "cash": 1,
            "stock": 1.5,
            "eps": 3.57
        },
        "2004": {
            "cash": 1.4,
            "stock": 2.6,
            "eps": 1.3
        },
        "2005": {
            "cash": 1,
            "stock": 0,
            "eps": 1.35
        },
        "2006": {
            "cash": 1,
            "stock": 1,
            "eps": 2.57
        },
        "2007": {
            "cash": 0.9,
            "stock": 1.1,
            "eps": 5.22
        },
        "2008": {
            "cash": 2,
            "stock": 1,
            "eps": 2.83
        },
        "2009": {
            "cash": 1,
            "stock": 0.5,
            "eps": 6.92
        },
        "2010": {
            "cash": 3.5,
            "stock": 2,
            "eps": 2.11
        },
        "2011": {
            "cash": 0.5,
            "stock": 0,
            "eps": -4.38
        },
        "2012": {
            "cash": 0,
            "stock": 0,
            "eps": -4.63
        },
        "2013": {
            "cash": 0,
            "stock": 0,
            "eps": -2.92
        },
        "2014": {
            "cash": 0,
            "stock": 0,
            "eps": -1.78
        },
        "2015": {
            "cash": 0,
            "stock": 0,
            "eps": -1.01
        },
        "2016": {
            "cash": 0,
            "stock": 0,
            "eps": 0.43
        },
        "2017": {
            "cash": 0,
            "stock": 0,
            "eps": 0.68
        },
        "2018": {
            "cash": 0,
            "stock": 0,
            "eps": -0.25
        },
        "2019": {
            "cash": 0,
            "stock": 0,
            "eps": 0.08
        },
        "2020": {
            "cash": 0,
            "stock": 0,
            "eps": 0.36
        },
        "2021": {
            "cash": 0,
            "stock": 0,
            "eps": -0.54
        },
        "2022": {
            "cash": 0.1,
            "stock": 0,
            "eps": -0.92
        },
        "2023": {
            "cash": 0,
            "stock": 0,
            "eps": -0.1
        }
    },
    "dividends": {
        "2000-04-21": {
            "cash": 3.33,
            "stock": 3
        },
        "2001-04-19": {
            "cash": 3.2,
            "stock": 2.4
        },
        "2003-05-30": {
            "cash": 1,
            "stock": 1.5
        },
        "2004-05-25": {
            "cash": 1.4,
            "stock": 2.6
        },
        "2005-04-11": {
            "cash": 1,
            "stock": 0
        },
        "2006-04-01": {
            "cash": 1,
            "stock": 1
        },
        "2007-03-24": {
            "cash": 0.9,
            "stock": 1.1
        },
        "2008-03-18": {
            "cash": 2,
            "stock": 1
        },
        "2009-04-06": {
            "cash": 1,
            "stock": 0.5
        },
        "2010-03-08": {
            "cash": 3.5,
            "stock": 2
        },
        "2011-03-07": {
            "cash": 0.5,
            "stock": 0
        },
        "2022-08-05": {
            "cash": 0.1,
            "stock": 0
        }
    },
    "prices": {
        "200101": "無",
        "200102": "無",
        "200103": "無",
        "200104": "無",
        "200105": "無",
        "200106": "無",
        "200107": "無",
        "200108": "無",
        "200109": "無",
        "200110": "無",
        "200111": "無",
        "200112": "無",
        "200201": "74.21",
        "200202": "91.46",
        "200203": "90.07",
        "200204": "87.76",
        "200205": "78.89",
        "200206": "74.52",
        "200207": "61.15",
        "200208": "53.86",
        "200209": "54.32",
        "200210": "43.50",
        "200211": "40.35",
        "200212": "42.31",
        "200301": "40.35",
        "200302": "37.99",
        "200303": "39.70",
        "200304": "40.09",
        "200305": "40.88",
        "200306": "43.74",
        "200307": "45.78",
        "200308": "52.49",
        "200309": "47.53",
        "200310": "45.05",
        "200311": "44.96",
        "200312": "48.66",
        "200401": "46.95",
        "200402": "46.66",
        "200403": "46.18",
        "200404": "42.38",
        "200405": "37.48",
        "200406": "39.10",
        "200407": "34.63",
        "200408": "25.10",
        "200409": "24.10",
        "200410": "22.72",
        "200411": "20.97",
        "200412": "21.28",
        "200501": "20.66",
        "200502": "22.29",
        "200503": "24.25",
        "200504": "22.88",
        "200505": "22.41",
        "200506": "31.23",
        "200507": "42.10",
        "200508": "32.17",
        "200509": "32.91",
        "200510": "34.52",
        "200511": "32.06",
        "200512": "34.06",
        "200601": "31.70",
        "200602": "29.90",
        "200603": "28.89",
        "200604": "28.48",
        "200605": "26.59",
        "200606": "25.18",
        "200607": "25.29",
        "200608": "26.82",
        "200609": "25.05",
        "200610": "26.36",
        "200611": "25.61",
        "200612": "31.69",
        "200701": "35.56",
        "200702": "35.92",
        "200703": "39.05",
        "200704": "41.22",
        "200705": "46.60",
        "200706": "58.14",
        "200707": "60.80",
        "200708": "63.95",
        "200709": "65.77",
        "200710": "67.19",
        "200711": "52.67",
        "200712": "50.41",
        "200801": "49.29",
        "200802": "50.92",
        "200803": "51.28",
        "200804": "51.11",
        "200805": "46.89",
        "200806": "38.02",
        "200807": "27.84",
        "200808": "28.36",
        "200809": "25.90",
        "200810": "20.53",
        "200811": "18.98",
        "200812": "17.96",
        "200901": "17.86",
        "200902": "18.19",
        "200903": "24.50",
        "200904": "35.44",
        "200905": "43.70",
        "200906": "41.11",
        "200907": "49.03",
        "200908": "58.74",
        "200909": "71.76",
        "200910": "68.06",
        "200911": "69.62",
        "200912": "78.31",
        "201001": "82.26",
        "201002": "73.52",
        "201003": "76.45",
        "201004": "77.67",
        "201005": "68.60",
        "201006": "63.39",
        "201007": "59.26",
        "201008": "46.70",
        "201009": "40.83",
        "201010": "39.08",
        "201011": "34.45",
        "201012": "37.88",
        "201101": "34.90",
        "201102": "32.20",
        "201103": "29.83",
        "201104": "27.31",
        "201105": "23.65",
        "201106": "21.45",
        "201107": "18.23",
        "201108": "15.56",
        "201109": "15.53",
        "201110": "18.13",
        "201111": "13.76",
        "201112": "11.41",
        "201201": "11.77",
        "201202": "15.60",
        "201203": "15.20",
        "201204": "13.21",
        "201205": "12.05",
        "201206": "11.40",
        "201207": "10.47",
        "201208": "9.16",
        "201209": "10.12",
        "201210": "9.30",
        "201211": "8.07",
        "201212": "8.17",
        "201301": "10.99",
        "201302": "13.08",
        "201303": "12.01",
        "201304": "11.16",
        "201305": "10.85",
        "201306": "10.69",
        "201307": "9.94",
        "201308": "8.89",
        "201309": "9.32",
        "201310": "8.98",
        "201311": "8.92",
        "201312": "8.70",
        "201401": "9.49",
        "201402": "11.31",
        "201403": "11.20",
        "201404": "9.81",
        "201405": "8.90",
        "201406": "8.80",
        "201407": "8.53",
        "201408": "8.18",
        "201409": "8.26",
        "201410": "7.80",
        "201411": "7.14",
        "201412": "7.25",
        "201501": "7.51",
        "201502": "7.34",
        "201503": "8.08",
        "201504": "7.56",
        "201505": "7.18",
        "201506": "6.96",
        "201507": "6.50",
        "201508": "5.45",
        "201509": "5.48",
        "201510": "6.57",
        "201511": "6.77",
        "201512": "6.57",
        "201601": "6.67",
        "201602": "6.91",
        "201603": "7.28",
        "201604": "7.02",
        "201605": "7.61",
        "201606": "8.36",
        "201607": "11.24",
        "201608": "10.87",
        "201609": "11.00",
        "201610": "10.14",
        "201611": "9.40",
        "201612": "9.42",
        "201701": "10.23",
        "201702": "10.55",
        "201703": "10.44",
        "201704": "10.18",
        "201705": "11.67",
        "201706": "11.34",
        "201707": "13.56",
        "201708": "16.14",
        "201709": "15.72",
        "201710": "16.18",
        "201711": "15.44",
        "201712": "14.02",
        "201801": "14.06",
        "201802": "13.31",
        "201803": "13.35",
        "201804": "12.73",
        "201805": "10.90",
        "201806": "10.78",
        "201807": "9.84",
        "201808": "9.78",
        "201809": "9.65",
        "201810": "9.20",
        "201811": "8.91",
        "201812": "8.73",
        "201901": "8.14",
        "201902": "8.01",
        "201903": "8.01",
        "201904": "7.85",
        "201905": "7.47",
        "201906": "7.35",
        "201907": "7.42",
        "201908": "7.35",
        "201909": "8.22",
        "201910": "8.55",
        "201911": "8.45",
        "201912": "8.49",
        "202001": "8.45",
        "202002": "7.71",
        "202003": "6.28",
        "202004": "5.99",
        "202005": "6.55",
        "202006": "7.70",
        "202007": "8.61",
        "202008": "9.03",
        "202009": "9.54",
        "202010": "10.22",
        "202011": "10.02",
        "202012": "12.33",
        "202101": "16.88",
        "202102": "21.31",
        "202103": "26.54",
        "202104": "24.46",
        "202105": "18.11",
        "202106": "16.52",
        "202107": "19.01",
        "202108": "16.86",
        "202109": "16.66",
        "202110": "15.14",
        "202111": "16.22",
        "202112": "27.84",
        "202201": "24.87",
        "202202": "25.54",
        "202203": "25.28",
        "202204": "23.96",
        "202205": "21.55",
        "202206": "24.71",
        "202207": "23.39",
        "202208": "23.70",
        "202209": "21.94",
        "202210": "17.74",
        "202211": "19.29",
        "202212": "22.17",
        "202301": "20.80",
        "202302": "21.66",
        "202303": "22.09",
        "202304": "25.24",
        "202305": "23.29"
    },
    "quarters": {
        "20011": {
            "year_quarter": 20011,
            "year": 2001,
            "quarter": 1,
            "eps": 1.57,
            "eps_growth_year": null,
            "eps_4q": null,
            "eps_4q_growth_year": null,
            "roe": 6.56,
            "roe_4q": 6.56,
            "gross_profit": 33100,
            "gross_margin": 19.05,
            "gross_margin_4q_avg": 19.05,
            "net_income": 23623,
            "revenue": 173790,
            "common_shares": 150000,
            "book_valuer_per_share": 24.78,
            "book_valuer_per_share_4q_avg": 24.78,
            "equity": 371727,
            "current_ratio": 234.39,
            "debt_ratio": 34.25,
            "inventory_turnover_ratio": 4.02,
            "account_receivable_turnover_ratio": null,
            "reinvestment_rate": null,
            "research_to_sale_ratio": null,
            "price_fair": 0,
            "eps_avg_yearly": 0,
            "eps_latest_yearly": 0,
            "eps_growth_yearly": 0
        },
        "20012": {
            "year_quarter": 20012,
            "year": 2001,
            "quarter": 2,
            "eps": 1.02,
            "eps_growth_year": null,
            "eps_4q": null,
            "eps_4q_growth_year": null,
            "roe": 4.97,
            "roe_4q": 11.53,
            "gross_profit": 38375,
            "gross_margin": 18.08,
            "gross_margin_4q_avg": 18.57,
            "net_income": 19292,
            "revenue": 212302,
            "common_shares": 202000,
            "book_valuer_per_share": 20.03,
            "book_valuer_per_share_4q_avg": 22.41,
            "equity": 404598,
            "current_ratio": 213.33,
            "debt_ratio": 38.21,
            "inventory_turnover_ratio": 4.42,
            "account_receivable_turnover_ratio": null,
            "reinvestment_rate": null,
            "research_to_sale_ratio": null,
            "price_fair": 0,
            "eps_avg_yearly": 0,
            "eps_latest_yearly": 0,
            "eps_growth_yearly": 0
        },
        "20013": {
            "year_quarter": 20013,
            "year": 2001,
            "quarter": 3,
            "eps": 1.11,
            "eps_growth_year": null,
            "eps_4q": null,
            "eps_4q_growth_year": null,
            "roe": 5.34,
            "roe_4q": 16.869999999999997,
            "gross_profit": 35494,
            "gross_margin": 20.04,
            "gross_margin_4q_avg": 19.06,
            "net_income": 22467,
            "revenue": 177110,
            "common_shares": 202000,
            "book_valuer_per_share": 21.62,
            "book_valuer_per_share_4q_avg": 22.14,
            "equity": 436787,
            "current_ratio": 223.65,
            "debt_ratio": 33.28,
            "inventory_turnover_ratio": 2.8,
            "account_receivable_turnover_ratio": null,
            "reinvestment_rate": null,
            "research_to_sale_ratio": null,
            "price_fair": 0,
            "eps_avg_yearly": 0,
            "eps_latest_yearly": 0,
            "eps_growth_yearly": 0
        },
        "20014": {
            "year_quarter": 20014,
            "year": 2001,
            "quarter": 4,
            "eps": 1.12,
            "eps_growth_year": null,
            "eps_4q": 4.44,
            "eps_4q_growth_year": null,
            "roe": 4.15,
            "roe_4q": 21.02,
            "gross_profit": 16725,
            "gross_margin": 10.4,
            "gross_margin_4q_avg": 16.89,
            "net_income": 22051,
            "revenue": 160876,
            "common_shares": 202000,
            "book_valuer_per_share": 22.77,
            "book_valuer_per_share_4q_avg": 22.3,
            "equity": 625271,
            "current_ratio": 176.94,
            "debt_ratio": 41.67,
            "inventory_turnover_ratio": 1.32,
            "account_receivable_turnover_ratio": null,
            "reinvestment_rate": null,
            "research_to_sale_ratio": null,
            "price_fair": 0,
            "eps_avg_yearly": 0,
            "eps_latest_yearly": 0,
            "eps_growth_yearly": 0
        },
        "20021": {
            "year_quarter": 20021,
            "year": 2002,
            "quarter": 1,
            "eps": 1.15,
            "eps_growth_year": -26.75,
            "eps_4q": 4.31,
            "eps_4q_growth_year": null,
            "roe": 4.19,
            "roe_4q": 18.65,
            "gross_profit": 31102,
            "gross_margin": 17.26,
            "gross_margin_4q_avg": 16.45,
            "net_income": 23218,
            "revenue": 180231,
            "common_shares": 202000,
            "book_valuer_per_share": 23.92,
            "book_valuer_per_share_4q_avg": 22.09,
            "equity": 483258,
            "current_ratio": 208.32,
            "debt_ratio": 29.35,
            "inventory_turnover_ratio": 1.39,
            "account_receivable_turnover_ratio": null,
            "reinvestment_rate": null,
            "research_to_sale_ratio": null,
            "price_fair": 95.29,
            "eps_avg_yearly": 4.6,
            "eps_latest_yearly": 4.6,
            "eps_growth_yearly": 10.71
        },
        "20022": {
            "year_quarter": 20022,
            "year": 2002,
            "quarter": 2,
            "eps": 0.88,
            "eps_growth_year": -13.73,
            "eps_4q": 3.76,
            "eps_4q_growth_year": null,
            "roe": 4.48,
            "roe_4q": 18.160000000000004,
            "gross_profit": 35830,
            "gross_margin": 20.37,
            "gross_margin_4q_avg": 17.02,
            "net_income": 20716,
            "revenue": 175883,
            "common_shares": 202000,
            "book_valuer_per_share": 21.88,
            "book_valuer_per_share_4q_avg": 22.55,
            "equity": 441992,
            "current_ratio": 172.94,
            "debt_ratio": 36.74,
            "inventory_turnover_ratio": 2.52,
            "account_receivable_turnover_ratio": null,
            "reinvestment_rate": null,
            "research_to_sale_ratio": null,
            "price_fair": 12.18,
            "eps_avg_yearly": 4.06,
            "eps_latest_yearly": 3.52,
            "eps_growth_yearly": -41.6
        },
        "20023": {
            "year_quarter": 20023,
            "year": 2002,
            "quarter": 3,
            "eps": 0.57,
            "eps_growth_year": -48.65,
            "eps_4q": 3.35,
            "eps_4q_growth_year": null,
            "roe": 2.57,
            "roe_4q": 15.390000000000002,
            "gross_profit": 14170,
            "gross_margin": 9,
            "gross_margin_4q_avg": 14.26,
            "net_income": 13551,
            "revenue": 157523,
            "common_shares": 265000,
            "book_valuer_per_share": 23.17,
            "book_valuer_per_share_4q_avg": 22.94,
            "equity": 613950,
            "current_ratio": 266.2,
            "debt_ratio": 23.1,
            "inventory_turnover_ratio": 2.81,
            "account_receivable_turnover_ratio": null,
            "reinvestment_rate": null,
            "research_to_sale_ratio": null,
            "price_fair": 10.4,
            "eps_avg_yearly": 3.47,
            "eps_latest_yearly": 2.28,
            "eps_growth_yearly": -74.7
        },
        "20024": {
            "year_quarter": 20024,
            "year": 2002,
            "quarter": 4,
            "eps": 0.81,
            "eps_growth_year": -27.68,
            "eps_4q": 3.16,
            "eps_4q_growth_year": -28.79,
            "roe": 2.73,
            "roe_4q": 13.970000000000002,
            "gross_profit": 18558,
            "gross_margin": 7.53,
            "gross_margin_4q_avg": 13.54,
            "net_income": 19796,
            "revenue": 246516,
            "common_shares": 265000,
            "book_valuer_per_share": 23.97,
            "book_valuer_per_share_4q_avg": 23.24,
            "equity": 836974,
            "current_ratio": 182.08,
            "debt_ratio": 43.34,
            "inventory_turnover_ratio": 1.72,
            "account_receivable_turnover_ratio": null,
            "reinvestment_rate": null,
            "research_to_sale_ratio": null,
            "price_fair": 10.23,
            "eps_avg_yearly": 3.41,
            "eps_latest_yearly": 3.24,
            "eps_growth_yearly": -13.92
        },
        "20031": {
            "year_quarter": 20031,
            "year": 2003,
            "quarter": 1,
            "eps": 0.88,
            "eps_growth_year": -23.48,
            "eps_4q": 2.95,
            "eps_4q_growth_year": -31.55,
            "roe": 3.08,
            "roe_4q": 12.860000000000001,
            "gross_profit": 30134,
            "gross_margin": 10.9,
            "gross_margin_4q_avg": 11.95,
            "net_income": 22977,
            "revenue": 276526,
            "common_shares": 265000,
            "book_valuer_per_share": 24.75,
            "book_valuer_per_share_4q_avg": 23.44,
            "equity": 655881,
            "current_ratio": 215.42,
            "debt_ratio": 29.85,
            "inventory_turnover_ratio": 1.86,
            "account_receivable_turnover_ratio": null,
            "reinvestment_rate": null,
            "research_to_sale_ratio": null,
            "price_fair": 10.3,
            "eps_avg_yearly": 3.43,
            "eps_latest_yearly": 3.52,
            "eps_growth_yearly": -4.22
        },
        "20032": {
            "year_quarter": 20032,
            "year": 2003,
            "quarter": 2,
            "eps": 0.88,
            "eps_growth_year": 0,
            "eps_4q": 2.74,
            "eps_4q_growth_year": -26.97,
            "roe": 4.06,
            "roe_4q": 12.44,
            "gross_profit": 45729,
            "gross_margin": 14.48,
            "gross_margin_4q_avg": 10.48,
            "net_income": 26593,
            "revenue": 315761,
            "common_shares": 265000,
            "book_valuer_per_share": 24.66,
            "book_valuer_per_share_4q_avg": 24.14,
            "equity": 653618,
            "current_ratio": 168.8,
            "debt_ratio": 40.56,
            "inventory_turnover_ratio": 6.54,
            "account_receivable_turnover_ratio": null,
            "reinvestment_rate": null,
            "research_to_sale_ratio": null,
            "price_fair": 10.34,
            "eps_avg_yearly": 3.45,
            "eps_latest_yearly": 3.52,
            "eps_growth_yearly": -3.52
        },
        "20033": {
            "year_quarter": 20033,
            "year": 2003,
            "quarter": 3,
            "eps": 1.12,
            "eps_growth_year": 96.49,
            "eps_4q": 3.42,
            "eps_4q_growth_year": 2.37,
            "roe": 4.95,
            "roe_4q": 14.82,
            "gross_profit": 55054,
            "gross_margin": 19.1,
            "gross_margin_4q_avg": 13,
            "net_income": 33705,
            "revenue": 288204,
            "common_shares": 306000,
            "book_valuer_per_share": 23.11,
            "book_valuer_per_share_4q_avg": 24.12,
            "equity": 707297,
            "current_ratio": 189.84,
            "debt_ratio": 36.68,
            "inventory_turnover_ratio": 6.11,
            "account_receivable_turnover_ratio": null,
            "reinvestment_rate": null,
            "research_to_sale_ratio": null,
            "price_fair": 81.11,
            "eps_avg_yearly": 3.59,
            "eps_latest_yearly": 4.48,
            "eps_growth_yearly": 12.57
        },
        "20034": {
            "year_quarter": 20034,
            "year": 2003,
            "quarter": 4,
            "eps": 0.69,
            "eps_growth_year": -14.81,
            "eps_4q": 3.44,
            "eps_4q_growth_year": 8.89,
            "roe": 2.56,
            "roe_4q": 14.65,
            "gross_profit": 57976,
            "gross_margin": 17.71,
            "gross_margin_4q_avg": 15.55,
            "net_income": 20869,
            "revenue": 327337,
            "common_shares": 306000,
            "book_valuer_per_share": 23.32,
            "book_valuer_per_share_4q_avg": 23.96,
            "equity": 924302,
            "current_ratio": 151.01,
            "debt_ratio": 53.98,
            "inventory_turnover_ratio": 1.57,
            "account_receivable_turnover_ratio": null,
            "reinvestment_rate": null,
            "research_to_sale_ratio": null,
            "price_fair": 10.47,
            "eps_avg_yearly": 3.49,
            "eps_latest_yearly": 2.76,
            "eps_growth_yearly": -8.2
        },
        "20041": {
            "year_quarter": 20041,
            "year": 2004,
            "quarter": 1,
            "eps": 0.81,
            "eps_growth_year": -7.95,
            "eps_4q": 3.47,
            "eps_4q_growth_year": 17.69,
            "roe": 2.97,
            "roe_4q": 14.54,
            "gross_profit": 31713,
            "gross_margin": 16.52,
            "gross_margin_4q_avg": 16.95,
            "net_income": 24694,
            "revenue": 191955,
            "common_shares": 306000,
            "book_valuer_per_share": 24.2,
            "book_valuer_per_share_4q_avg": 23.82,
            "equity": 740589,
            "current_ratio": 228.7,
            "debt_ratio": 31.19,
            "inventory_turnover_ratio": 0.95,
            "account_receivable_turnover_ratio": null,
            "reinvestment_rate": null,
            "research_to_sale_ratio": null,
            "price_fair": 34.62,
            "eps_avg_yearly": 3.46,
            "eps_latest_yearly": 3.24,
            "eps_growth_yearly": 0.44
        },
        "20042": {
            "year_quarter": 20042,
            "year": 2004,
            "quarter": 2,
            "eps": 0.49,
            "eps_growth_year": -44.32,
            "eps_4q": 2.51,
            "eps_4q_growth_year": -8.46,
            "roe": 2.64,
            "roe_4q": 13.120000000000001,
            "gross_profit": 25560,
            "gross_margin": 14.24,
            "gross_margin_4q_avg": 16.89,
            "net_income": 19212,
            "revenue": 179498,
            "common_shares": 306000,
            "book_valuer_per_share": 23.45,
            "book_valuer_per_share_4q_avg": 23.52,
            "equity": 717646,
            "current_ratio": 223.69,
            "debt_ratio": 28.6,
            "inventory_turnover_ratio": 5.71,
            "account_receivable_turnover_ratio": null,
            "reinvestment_rate": null,
            "research_to_sale_ratio": null,
            "price_fair": 9.94,
            "eps_avg_yearly": 3.31,
            "eps_latest_yearly": 1.96,
            "eps_growth_yearly": -15.41
        },
        "20043": {
            "year_quarter": 20043,
            "year": 2004,
            "quarter": 3,
            "eps": 0.31,
            "eps_growth_year": -72.32,
            "eps_4q": 1.97,
            "eps_4q_growth_year": -42.55,
            "roe": 1.67,
            "roe_4q": 9.840000000000002,
            "gross_profit": 20358,
            "gross_margin": 12.53,
            "gross_margin_4q_avg": 15.25,
            "net_income": 12114,
            "revenue": 162426,
            "common_shares": 390000,
            "book_valuer_per_share": 18.85,
            "book_valuer_per_share_4q_avg": 22.46,
            "equity": 734971,
            "current_ratio": 260.76,
            "debt_ratio": 24.12,
            "inventory_turnover_ratio": 6.75,
            "account_receivable_turnover_ratio": null,
            "reinvestment_rate": null,
            "research_to_sale_ratio": null,
            "price_fair": 9.37,
            "eps_avg_yearly": 3.12,
            "eps_latest_yearly": 1.24,
            "eps_growth_yearly": -27.36
        },
        "20044": {
            "year_quarter": 20044,
            "year": 2004,
            "quarter": 4,
            "eps": -0.31,
            "eps_growth_year": -144.93,
            "eps_4q": 0.82,
            "eps_4q_growth_year": -76.27,
            "roe": -1.46,
            "roe_4q": 5.82,
            "gross_profit": 36411,
            "gross_margin": 15.4,
            "gross_margin_4q_avg": 14.67,
            "net_income": -11978,
            "revenue": 236363,
            "common_shares": 390000,
            "book_valuer_per_share": 17.78,
            "book_valuer_per_share_4q_avg": 21.07,
            "equity": 905089,
            "current_ratio": 167.45,
            "debt_ratio": 46.38,
            "inventory_turnover_ratio": 1.6,
            "account_receivable_turnover_ratio": null,
            "reinvestment_rate": 106.49,
            "research_to_sale_ratio": null,
            "price_fair": 9.37,
            "eps_avg_yearly": 3.12,
            "eps_latest_yearly": 1.24,
            "eps_growth_yearly": -27.36
        },
        "20051": {
            "year_quarter": 20051,
            "year": 2005,
            "quarter": 1,
            "eps": -0.25,
            "eps_growth_year": -130.86,
            "eps_4q": 0.24,
            "eps_4q_growth_year": -93.08,
            "roe": -1.25,
            "roe_4q": 1.6,
            "gross_profit": 37256,
            "gross_margin": 17.94,
            "gross_margin_4q_avg": 15.03,
            "net_income": -9868,
            "revenue": 207709,
            "common_shares": 390000,
            "book_valuer_per_share": 17.37,
            "book_valuer_per_share_4q_avg": 19.36,
            "equity": 677401,
            "current_ratio": 206.68,
            "debt_ratio": 30.23,
            "inventory_turnover_ratio": 1.36,
            "account_receivable_turnover_ratio": null,
            "reinvestment_rate": 6.01,
            "research_to_sale_ratio": null,
            "price_fair": 9.37,
            "eps_avg_yearly": 3.12,
            "eps_latest_yearly": 1.24,
            "eps_growth_yearly": -27.36
        },
        "20052": {
            "year_quarter": 20052,
            "year": 2005,
            "quarter": 2,
            "eps": 0.57,
            "eps_growth_year": 16.33,
            "eps_4q": 0.32,
            "eps_4q_growth_year": -87.23,
            "roe": 3.33,
            "roe_4q": 2.29,
            "gross_profit": 53188,
            "gross_margin": 19.84,
            "gross_margin_4q_avg": 16.43,
            "net_income": 22251,
            "revenue": 268082,
            "common_shares": 390000,
            "book_valuer_per_share": 16.86,
            "book_valuer_per_share_4q_avg": 17.72,
            "equity": 657427,
            "current_ratio": 178.15,
            "debt_ratio": 36.97,
            "inventory_turnover_ratio": 9.12,
            "account_receivable_turnover_ratio": null,
            "reinvestment_rate": -1.24,
            "research_to_sale_ratio": null,
            "price_fair": 9.37,
            "eps_avg_yearly": 3.12,
            "eps_latest_yearly": 1.24,
            "eps_growth_yearly": -27.36
        },
        "20053": {
            "year_quarter": 20053,
            "year": 2005,
            "quarter": 3,
            "eps": 0.74,
            "eps_growth_year": 138.71,
            "eps_4q": 0.75,
            "eps_4q_growth_year": -61.86,
            "roe": 4.14,
            "roe_4q": 4.76,
            "gross_profit": 38584,
            "gross_margin": 13.34,
            "gross_margin_4q_avg": 16.63,
            "net_income": 28674,
            "revenue": 289225,
            "common_shares": 390000,
            "book_valuer_per_share": 18.68,
            "book_valuer_per_share_4q_avg": 17.67,
            "equity": 728604,
            "current_ratio": 176.63,
            "debt_ratio": 33.88,
            "inventory_turnover_ratio": 8.87,
            "account_receivable_turnover_ratio": null,
            "reinvestment_rate": -0.76,
            "research_to_sale_ratio": null,
            "price_fair": 9.33,
            "eps_avg_yearly": 3.11,
            "eps_latest_yearly": 2.96,
            "eps_growth_yearly": -15.14
        },
        "20054": {
            "year_quarter": 20054,
            "year": 2005,
            "quarter": 4,
            "eps": 0.29,
            "eps_growth_year": null,
            "eps_4q": 1.37,
            "eps_4q_growth_year": 67.16,
            "roe": 1.3,
            "roe_4q": 7.52,
            "gross_profit": 42371,
            "gross_margin": 12.78,
            "gross_margin_4q_avg": 15.98,
            "net_income": 11069,
            "revenue": 331583,
            "common_shares": 390000,
            "book_valuer_per_share": 18.96,
            "book_valuer_per_share_4q_avg": 17.97,
            "equity": 976214,
            "current_ratio": 148.53,
            "debt_ratio": 52.13,
            "inventory_turnover_ratio": 1.91,
            "account_receivable_turnover_ratio": null,
            "reinvestment_rate": 61.74,
            "research_to_sale_ratio": null,
            "price_fair": 8.88,
            "eps_avg_yearly": 2.96,
            "eps_latest_yearly": 1.16,
            "eps_growth_yearly": -32.69
        },
        "20061": {
            "year_quarter": 20061,
            "year": 2006,
            "quarter": 1,
            "eps": 0.31,
            "eps_growth_year": null,
            "eps_4q": 1.82,
            "eps_4q_growth_year": 656.87,
            "roe": 1.26,
            "roe_4q": 10.03,
            "gross_profit": 33316,
            "gross_margin": 11.7,
            "gross_margin_4q_avg": 14.42,
            "net_income": 12746,
            "revenue": 284700,
            "common_shares": 490000,
            "book_valuer_per_share": 21.31,
            "book_valuer_per_share_4q_avg": 18.95,
            "equity": 1044187,
            "current_ratio": 285.68,
            "debt_ratio": 26.01,
            "inventory_turnover_ratio": 1.62,
            "account_receivable_turnover_ratio": null,
            "reinvestment_rate": -10,
            "research_to_sale_ratio": null,
            "price_fair": 8.1,
            "eps_avg_yearly": 2.7,
            "eps_latest_yearly": 1.24,
            "eps_growth_yearly": -31.39
        },
        "20062": {
            "year_quarter": 20062,
            "year": 2006,
            "quarter": 2,
            "eps": 0.67,
            "eps_growth_year": 17.54,
            "eps_4q": 1.72,
            "eps_4q_growth_year": 435.14,
            "roe": 3.24,
            "roe_4q": 9.94,
            "gross_profit": 47395,
            "gross_margin": 11.09,
            "gross_margin_4q_avg": 12.23,
            "net_income": 33615,
            "revenue": 427450,
            "common_shares": 490000,
            "book_valuer_per_share": 20.98,
            "book_valuer_per_share_4q_avg": 19.98,
            "equity": 1028172,
            "current_ratio": 213.55,
            "debt_ratio": 34.76,
            "inventory_turnover_ratio": 9.77,
            "account_receivable_turnover_ratio": null,
            "reinvestment_rate": -8.88,
            "research_to_sale_ratio": null,
            "price_fair": 56.87,
            "eps_avg_yearly": 2.64,
            "eps_latest_yearly": 2.68,
            "eps_growth_yearly": 11.57
        },
        "20063": {
            "year_quarter": 20063,
            "year": 2006,
            "quarter": 3,
            "eps": 0.84,
            "eps_growth_year": 13.51,
            "eps_4q": 1.96,
            "eps_4q_growth_year": 161.56,
            "roe": 4.12,
            "roe_4q": 9.920000000000002,
            "gross_profit": 55635,
            "gross_margin": 13.19,
            "gross_margin_4q_avg": 12.19,
            "net_income": 42962,
            "revenue": 421946,
            "common_shares": 540000,
            "book_valuer_per_share": 19.63,
            "book_valuer_per_share_4q_avg": 20.22,
            "equity": 1059771,
            "current_ratio": 226.42,
            "debt_ratio": 31.78,
            "inventory_turnover_ratio": 7.17,
            "account_receivable_turnover_ratio": null,
            "reinvestment_rate": -4.5,
            "research_to_sale_ratio": null,
            "price_fair": 95.2,
            "eps_avg_yearly": 2.72,
            "eps_latest_yearly": 3.36,
            "eps_growth_yearly": 30.21
        },
        "20064": {
            "year_quarter": 20064,
            "year": 2006,
            "quarter": 4,
            "eps": 0.75,
            "eps_growth_year": 158.62,
            "eps_4q": 2.5,
            "eps_4q_growth_year": 82.72,
            "roe": 3.12,
            "roe_4q": 11.74,
            "gross_profit": 61108,
            "gross_margin": 12.87,
            "gross_margin_4q_avg": 12.21,
            "net_income": 38384,
            "revenue": 474717,
            "common_shares": 540000,
            "book_valuer_per_share": 20.81,
            "book_valuer_per_share_4q_avg": 20.68,
            "equity": 1400523,
            "current_ratio": 167.74,
            "debt_ratio": 47.95,
            "inventory_turnover_ratio": 2.28,
            "account_receivable_turnover_ratio": null,
            "reinvestment_rate": 73.42,
            "research_to_sale_ratio": null,
            "price_fair": 64.73,
            "eps_avg_yearly": 2.7,
            "eps_latest_yearly": 3,
            "eps_growth_yearly": 13.96
        },
        "20071": {
            "year_quarter": 20071,
            "year": 2007,
            "quarter": 1,
            "eps": 0.88,
            "eps_growth_year": 183.87,
            "eps_4q": 3.02,
            "eps_4q_growth_year": 66.09,
            "roe": 3.66,
            "roe_4q": 14.14,
            "gross_profit": 61371,
            "gross_margin": 17.14,
            "gross_margin_4q_avg": 13.57,
            "net_income": 47291,
            "revenue": 358082,
            "common_shares": 540000,
            "book_valuer_per_share": 21.89,
            "book_valuer_per_share_4q_avg": 20.83,
            "equity": 1181973,
            "current_ratio": 221.29,
            "debt_ratio": 33.05,
            "inventory_turnover_ratio": 1.59,
            "account_receivable_turnover_ratio": null,
            "reinvestment_rate": -2.93,
            "research_to_sale_ratio": null,
            "price_fair": 71.95,
            "eps_avg_yearly": 2.7,
            "eps_latest_yearly": 3.52,
            "eps_growth_yearly": 16.63
        },
        "20072": {
            "year_quarter": 20072,
            "year": 2007,
            "quarter": 2,
            "eps": 2.01,
            "eps_growth_year": 200,
            "eps_4q": 4.16,
            "eps_4q_growth_year": 142.13,
            "roe": 9.8,
            "roe_4q": 20.700000000000003,
            "gross_profit": 99144,
            "gross_margin": 21.27,
            "gross_margin_4q_avg": 16.12,
            "net_income": 120521,
            "revenue": 466117,
            "common_shares": 540000,
            "book_valuer_per_share": 23.65,
            "book_valuer_per_share_4q_avg": 21.5,
            "equity": 1277101,
            "current_ratio": 185.56,
            "debt_ratio": 33.76,
            "inventory_turnover_ratio": 6.1,
            "account_receivable_turnover_ratio": null,
            "reinvestment_rate": -4.28,
            "research_to_sale_ratio": null,
            "price_fair": 106.72,
            "eps_avg_yearly": 3.05,
            "eps_latest_yearly": 8.04,
            "eps_growth_yearly": 56.14
        },
        "20073": {
            "year_quarter": 20073,
            "year": 2007,
            "quarter": 3,
            "eps": 1.45,
            "eps_growth_year": 72.62,
            "eps_4q": 4.9,
            "eps_4q_growth_year": 149.52,
            "roe": 6.56,
            "roe_4q": 23.14,
            "gross_profit": 104634,
            "gross_margin": 20.25,
            "gross_margin_4q_avg": 17.88,
            "net_income": 86720,
            "revenue": 516803,
            "common_shares": 600000,
            "book_valuer_per_share": 22.81,
            "book_valuer_per_share_4q_avg": 22.29,
            "equity": 1368821,
            "current_ratio": 215.71,
            "debt_ratio": 29.49,
            "inventory_turnover_ratio": 6.17,
            "account_receivable_turnover_ratio": null,
            "reinvestment_rate": -2.29,
            "research_to_sale_ratio": null,
            "price_fair": 110.28,
            "eps_avg_yearly": 3.15,
            "eps_latest_yearly": 5.8,
            "eps_growth_yearly": 39.18
        },
        "20074": {
            "year_quarter": 20074,
            "year": 2007,
            "quarter": 4,
            "eps": 0.88,
            "eps_growth_year": 17.33,
            "eps_4q": 5.1,
            "eps_4q_growth_year": 104.46,
            "roe": 3.43,
            "roe_4q": 23.45,
            "gross_profit": 77631,
            "gross_margin": 14.08,
            "gross_margin_4q_avg": 18.19,
            "net_income": 53055,
            "revenue": 551170,
            "common_shares": 600000,
            "book_valuer_per_share": 23.79,
            "book_valuer_per_share_4q_avg": 23.04,
            "equity": 1720646,
            "current_ratio": 168.87,
            "debt_ratio": 46.93,
            "inventory_turnover_ratio": 2.54,
            "account_receivable_turnover_ratio": null,
            "reinvestment_rate": 60.96,
            "research_to_sale_ratio": null,
            "price_fair": 112.32,
            "eps_avg_yearly": 3.21,
            "eps_latest_yearly": 3.52,
            "eps_growth_yearly": 38.9
        },
        "20081": {
            "year_quarter": 20081,
            "year": 2008,
            "quarter": 1,
            "eps": 0.39,
            "eps_growth_year": -55.68,
            "eps_4q": 3.56,
            "eps_4q_growth_year": 17.95,
            "roe": 1.8,
            "roe_4q": 21.59,
            "gross_profit": 176928,
            "gross_margin": 15.83,
            "gross_margin_4q_avg": 17.86,
            "net_income": 31032,
            "revenue": 1117727,
            "common_shares": 600000,
            "book_valuer_per_share": 23.93,
            "book_valuer_per_share_4q_avg": 23.55,
            "equity": 1725037,
            "current_ratio": 185.14,
            "debt_ratio": 42.37,
            "inventory_turnover_ratio": 3.32,
            "account_receivable_turnover_ratio": null,
            "reinvestment_rate": 107.72,
            "research_to_sale_ratio": null,
            "price_fair": 81.36,
            "eps_avg_yearly": 3.08,
            "eps_latest_yearly": 1.56,
            "eps_growth_yearly": 16.41
        },
        "20082": {
            "year_quarter": 20082,
            "year": 2008,
            "quarter": 2,
            "eps": 0.57,
            "eps_growth_year": -71.64,
            "eps_4q": 3.06,
            "eps_4q_growth_year": -26.34,
            "roe": 2.23,
            "roe_4q": 14.02,
            "gross_profit": 158462,
            "gross_margin": 12.86,
            "gross_margin_4q_avg": 15.76,
            "net_income": 37446,
            "revenue": 1231783,
            "common_shares": 600000,
            "book_valuer_per_share": 22.7,
            "book_valuer_per_share_4q_avg": 23.31,
            "equity": 1627386,
            "current_ratio": 149.07,
            "debt_ratio": 51.14,
            "inventory_turnover_ratio": 3.76,
            "account_receivable_turnover_ratio": null,
            "reinvestment_rate": 120.95,
            "research_to_sale_ratio": null,
            "price_fair": 108.66,
            "eps_avg_yearly": 3.1,
            "eps_latest_yearly": 2.28,
            "eps_growth_yearly": 42.77
        },
        "20083": {
            "year_quarter": 20083,
            "year": 2008,
            "quarter": 3,
            "eps": 1.12,
            "eps_growth_year": -22.76,
            "eps_4q": 2.26,
            "eps_4q_growth_year": -53.86,
            "roe": 5.52,
            "roe_4q": 12.98,
            "gross_profit": 236011,
            "gross_margin": 15.37,
            "gross_margin_4q_avg": 14.54,
            "net_income": 93752,
            "revenue": 1535461,
            "common_shares": 669000,
            "book_valuer_per_share": 21.99,
            "book_valuer_per_share_4q_avg": 23.1,
            "equity": 1768254,
            "current_ratio": 143.03,
            "debt_ratio": 54.53,
            "inventory_turnover_ratio": 3.98,
            "account_receivable_turnover_ratio": null,
            "reinvestment_rate": 115.4,
            "research_to_sale_ratio": null,
            "price_fair": 117.38,
            "eps_avg_yearly": 3.35,
            "eps_latest_yearly": 4.48,
            "eps_growth_yearly": 83.76
        },
        "20084": {
            "year_quarter": 20084,
            "year": 2008,
            "quarter": 4,
            "eps": 0.75,
            "eps_growth_year": -14.77,
            "eps_4q": 2.2,
            "eps_4q_growth_year": -56.86,
            "roe": 3.49,
            "roe_4q": 13.040000000000001,
            "gross_profit": 197434,
            "gross_margin": 13.25,
            "gross_margin_4q_avg": 14.33,
            "net_income": 63411,
            "revenue": 1490472,
            "common_shares": 657000,
            "book_valuer_per_share": 23.6,
            "book_valuer_per_share_4q_avg": 23.06,
            "equity": 1867699,
            "current_ratio": 148.09,
            "debt_ratio": 53.21,
            "inventory_turnover_ratio": 3.75,
            "account_receivable_turnover_ratio": null,
            "reinvestment_rate": 62.55,
            "research_to_sale_ratio": null,
            "price_fair": 116.5,
            "eps_avg_yearly": 3.33,
            "eps_latest_yearly": 3,
            "eps_growth_yearly": 68.34
        },
        "20091": {
            "year_quarter": 20091,
            "year": 2009,
            "quarter": 1,
            "eps": 1.16,
            "eps_growth_year": 197.44,
            "eps_4q": 3.1,
            "eps_4q_growth_year": -12.84,
            "roe": 4.62,
            "roe_4q": 15.86,
            "gross_profit": 210401,
            "gross_margin": 14.86,
            "gross_margin_4q_avg": 14.09,
            "net_income": 89371,
            "revenue": 1416101,
            "common_shares": 657000,
            "book_valuer_per_share": 25.31,
            "book_valuer_per_share_4q_avg": 23.4,
            "equity": 2002572,
            "current_ratio": 160.5,
            "debt_ratio": 49.11,
            "inventory_turnover_ratio": 4.13,
            "account_receivable_turnover_ratio": 1.84,
            "reinvestment_rate": 95.82,
            "research_to_sale_ratio": null,
            "price_fair": 119.56,
            "eps_avg_yearly": 3.42,
            "eps_latest_yearly": 4.64,
            "eps_growth_yearly": 78.36
        },
        "20092": {
            "year_quarter": 20092,
            "year": 2009,
            "quarter": 2,
            "eps": 2.07,
            "eps_growth_year": 263.16,
            "eps_4q": 4.11,
            "eps_4q_growth_year": 34.19,
            "roe": 8.58,
            "roe_4q": 22.209999999999997,
            "gross_profit": 311903,
            "gross_margin": 18.49,
            "gross_margin_4q_avg": 15.49,
            "net_income": 173367,
            "revenue": 1687124,
            "common_shares": 657000,
            "book_valuer_per_share": 25.77,
            "book_valuer_per_share_4q_avg": 24.17,
            "equity": 2038378,
            "current_ratio": 151.86,
            "debt_ratio": 52.86,
            "inventory_turnover_ratio": 5.42,
            "account_receivable_turnover_ratio": 1.45,
            "reinvestment_rate": 83.97,
            "research_to_sale_ratio": null,
            "price_fair": 130.2,
            "eps_avg_yearly": 3.72,
            "eps_latest_yearly": 8.28,
            "eps_growth_yearly": 93.08
        },
        "20093": {
            "year_quarter": 20093,
            "year": 2009,
            "quarter": 3,
            "eps": 2.03,
            "eps_growth_year": 81.25,
            "eps_4q": 4.93,
            "eps_4q_growth_year": 118.33,
            "roe": 8,
            "roe_4q": 24.689999999999998,
            "gross_profit": 377690,
            "gross_margin": 21.65,
            "gross_margin_4q_avg": 17.06,
            "net_income": 168268,
            "revenue": 1744803,
            "common_shares": 689850,
            "book_valuer_per_share": 26.13,
            "book_valuer_per_share_4q_avg": 25.2,
            "equity": 2168969,
            "current_ratio": 151.39,
            "debt_ratio": 53.11,
            "inventory_turnover_ratio": 4.77,
            "account_receivable_turnover_ratio": 0.74,
            "reinvestment_rate": 78.43,
            "research_to_sale_ratio": null,
            "price_fair": 141.49,
            "eps_avg_yearly": 4.04,
            "eps_latest_yearly": 8.12,
            "eps_growth_yearly": 85.14
        },
        "20094": {
            "year_quarter": 20094,
            "year": 2009,
            "quarter": 4,
            "eps": 1.66,
            "eps_growth_year": 121.33,
            "eps_4q": 5.44,
            "eps_4q_growth_year": 146.99,
            "roe": 6.42,
            "roe_4q": 27.62,
            "gross_profit": 312821,
            "gross_margin": 17.69,
            "gross_margin_4q_avg": 18.17,
            "net_income": 144644,
            "revenue": 1768344,
            "common_shares": 689850,
            "book_valuer_per_share": 27.65,
            "book_valuer_per_share_4q_avg": 26.22,
            "equity": 2334955,
            "current_ratio": 157.22,
            "debt_ratio": 52.26,
            "inventory_turnover_ratio": 4.15,
            "account_receivable_turnover_ratio": 0.72,
            "reinvestment_rate": 39,
            "research_to_sale_ratio": null,
            "price_fair": 153.48,
            "eps_avg_yearly": 4.39,
            "eps_latest_yearly": 6.64,
            "eps_growth_yearly": 95.78
        },
        "20101": {
            "year_quarter": 20101,
            "year": 2010,
            "quarter": 1,
            "eps": 0.94,
            "eps_growth_year": -18.97,
            "eps_4q": 6.71,
            "eps_4q_growth_year": 116.05,
            "roe": 2.74,
            "roe_4q": 25.740000000000002,
            "gross_profit": 83517,
            "gross_margin": 27.73,
            "gross_margin_4q_avg": 21.39,
            "net_income": 65035,
            "revenue": 301179,
            "common_shares": 689850,
            "book_valuer_per_share": 28.41,
            "book_valuer_per_share_4q_avg": 26.99,
            "equity": 2405102,
            "current_ratio": 162.09,
            "debt_ratio": 51.23,
            "inventory_turnover_ratio": 0.51,
            "account_receivable_turnover_ratio": 1.56,
            "reinvestment_rate": 70.21,
            "research_to_sale_ratio": 4.73,
            "price_fair": 158.99,
            "eps_avg_yearly": 4.54,
            "eps_latest_yearly": 3.76,
            "eps_growth_yearly": 83.22
        },
        "20102": {
            "year_quarter": 20102,
            "year": 2010,
            "quarter": 2,
            "eps": 1.34,
            "eps_growth_year": -35.49,
            "eps_4q": 5.2,
            "eps_4q_growth_year": 26.49,
            "roe": 4.71,
            "roe_4q": 21.87,
            "gross_profit": 204884,
            "gross_margin": 11.13,
            "gross_margin_4q_avg": 19.55,
            "net_income": 110543,
            "revenue": 1840110,
            "common_shares": 689850,
            "book_valuer_per_share": 26.67,
            "book_valuer_per_share_4q_avg": 27.22,
            "equity": 2286146,
            "current_ratio": 147.04,
            "debt_ratio": 56.28,
            "inventory_turnover_ratio": 2.94,
            "account_receivable_turnover_ratio": 1.28,
            "reinvestment_rate": 72.52,
            "research_to_sale_ratio": 6.25,
            "price_fair": 164.85,
            "eps_avg_yearly": 4.71,
            "eps_latest_yearly": 5.36,
            "eps_growth_yearly": 64.82
        },
        "20103": {
            "year_quarter": 20103,
            "year": 2010,
            "quarter": 3,
            "eps": 0.55,
            "eps_growth_year": -72.66,
            "eps_4q": 4.06,
            "eps_4q_growth_year": -17.69,
            "roe": 2.27,
            "roe_4q": 16.14,
            "gross_profit": 200996,
            "gross_margin": 12.54,
            "gross_margin_4q_avg": 17.27,
            "net_income": 51995,
            "revenue": 1603375,
            "common_shares": 827820,
            "book_valuer_per_share": 22.44,
            "book_valuer_per_share_4q_avg": 26.29,
            "equity": 2291528,
            "current_ratio": 159.87,
            "debt_ratio": 51.12,
            "inventory_turnover_ratio": 2.48,
            "account_receivable_turnover_ratio": 0.7,
            "reinvestment_rate": 70.28,
            "research_to_sale_ratio": 3.74,
            "price_fair": 162.31,
            "eps_avg_yearly": 4.64,
            "eps_latest_yearly": 2.2,
            "eps_growth_yearly": 43.74
        },
        "20104": {
            "year_quarter": 20104,
            "year": 2010,
            "quarter": 4,
            "eps": -0.72,
            "eps_growth_year": -143.33,
            "eps_4q": 1.96,
            "eps_4q_growth_year": -64.01,
            "roe": -3.33,
            "roe_4q": 6.390000000000001,
            "gross_profit": 71542,
            "gross_margin": 5.13,
            "gross_margin_4q_avg": 14.13,
            "net_income": -73323,
            "revenue": 1395476,
            "common_shares": 827820,
            "book_valuer_per_share": 20.72,
            "book_valuer_per_share_4q_avg": 24.56,
            "equity": 2113620,
            "current_ratio": 168.99,
            "debt_ratio": 47.7,
            "inventory_turnover_ratio": 2.87,
            "account_receivable_turnover_ratio": 0.71,
            "reinvestment_rate": 27.79,
            "research_to_sale_ratio": 3.96,
            "price_fair": 166.13,
            "eps_avg_yearly": 4.75,
            "eps_latest_yearly": 2.2,
            "eps_growth_yearly": 49.51
        },
        "20111": {
            "year_quarter": 20111,
            "year": 2011,
            "quarter": 1,
            "eps": -0.59,
            "eps_growth_year": -162.77,
            "eps_4q": 0.58,
            "eps_4q_growth_year": -91.31,
            "roe": -3.03,
            "roe_4q": 0.6200000000000001,
            "gross_profit": 8458,
            "gross_margin": 0.91,
            "gross_margin_4q_avg": 7.43,
            "net_income": -63589,
            "revenue": 929686,
            "common_shares": 827820,
            "book_valuer_per_share": 20.37,
            "book_valuer_per_share_4q_avg": 22.55,
            "equity": 2078308,
            "current_ratio": 173.4,
            "debt_ratio": 46.13,
            "inventory_turnover_ratio": 2.03,
            "account_receivable_turnover_ratio": 0.58,
            "reinvestment_rate": 73.83,
            "research_to_sale_ratio": 4.29,
            "price_fair": 169.2,
            "eps_avg_yearly": 4.83,
            "eps_latest_yearly": 2.2,
            "eps_growth_yearly": 48.1
        },
        "20112": {
            "year_quarter": 20112,
            "year": 2011,
            "quarter": 2,
            "eps": -1.17,
            "eps_growth_year": -187.4,
            "eps_4q": -1.92,
            "eps_4q_growth_year": -136.95,
            "roe": -6.09,
            "roe_4q": -10.18,
            "gross_profit": -19998,
            "gross_margin": -2,
            "gross_margin_4q_avg": 4.15,
            "net_income": -120351,
            "revenue": 1001799,
            "common_shares": 827820,
            "book_valuer_per_share": 18.56,
            "book_valuer_per_share_4q_avg": 20.52,
            "equity": 1875355,
            "current_ratio": 159.49,
            "debt_ratio": 49.3,
            "inventory_turnover_ratio": 2.08,
            "account_receivable_turnover_ratio": 0.76,
            "reinvestment_rate": 89.39,
            "research_to_sale_ratio": 3.48,
            "price_fair": 102.25,
            "eps_avg_yearly": 4.59,
            "eps_latest_yearly": 2.2,
            "eps_growth_yearly": 12.29
        },
        "20113": {
            "year_quarter": 20113,
            "year": 2011,
            "quarter": 3,
            "eps": -1.06,
            "eps_growth_year": -291.17,
            "eps_4q": -3.54,
            "eps_4q_growth_year": -187.06,
            "roe": -5.88,
            "roe_4q": -18.33,
            "gross_profit": -18539,
            "gross_margin": -1.88,
            "gross_margin_4q_avg": 0.54,
            "net_income": -110635,
            "revenue": 984310,
            "common_shares": 827820,
            "book_valuer_per_share": 18.61,
            "book_valuer_per_share_4q_avg": 19.57,
            "equity": 1887203,
            "current_ratio": 153.62,
            "debt_ratio": 50.6,
            "inventory_turnover_ratio": 1.99,
            "account_receivable_turnover_ratio": 0.74,
            "reinvestment_rate": 116.34,
            "research_to_sale_ratio": 4.66,
            "price_fair": 146.26,
            "eps_avg_yearly": 4.49,
            "eps_latest_yearly": 2.2,
            "eps_growth_yearly": 22.6
        },
        "20114": {
            "year_quarter": 20114,
            "year": 2011,
            "quarter": 4,
            "eps": -1.56,
            "eps_growth_year": null,
            "eps_4q": -4.38,
            "eps_4q_growth_year": -323.83,
            "roe": -8.81,
            "roe_4q": -23.810000000000002,
            "gross_profit": -77864,
            "gross_margin": -9.47,
            "gross_margin_4q_avg": -3.11,
            "net_income": -157871,
            "revenue": 822396,
            "common_shares": 827820,
            "book_valuer_per_share": 16.82,
            "book_valuer_per_share_4q_avg": 18.59,
            "equity": 1697914,
            "current_ratio": 158.72,
            "debt_ratio": 47.14,
            "inventory_turnover_ratio": 2.02,
            "account_receivable_turnover_ratio": 0.64,
            "reinvestment_rate": 24.52,
            "research_to_sale_ratio": 4.48,
            "price_fair": 160.11,
            "eps_avg_yearly": 4.57,
            "eps_latest_yearly": 2.2,
            "eps_growth_yearly": 38.95
        },
        "20121": {
            "year_quarter": 20121,
            "year": 2012,
            "quarter": 1,
            "eps": -1.34,
            "eps_growth_year": null,
            "eps_4q": -5.14,
            "eps_4q_growth_year": -982.13,
            "roe": -8.49,
            "roe_4q": -29.27,
            "gross_profit": -54165,
            "gross_margin": -7.85,
            "gross_margin_4q_avg": -5.3,
            "net_income": -137179,
            "revenue": 689605,
            "common_shares": 826800,
            "book_valuer_per_share": 15.16,
            "book_valuer_per_share_4q_avg": 17.29,
            "equity": 1532741,
            "current_ratio": 150.09,
            "debt_ratio": 49.14,
            "inventory_turnover_ratio": 2.12,
            "account_receivable_turnover_ratio": 0.66,
            "reinvestment_rate": 30.7,
            "research_to_sale_ratio": 5.13,
            "price_fair": 170.66,
            "eps_avg_yearly": 4.88,
            "eps_latest_yearly": 2.2,
            "eps_growth_yearly": 65.12
        },
        "20122": {
            "year_quarter": 20122,
            "year": 2012,
            "quarter": 2,
            "eps": -0.69,
            "eps_growth_year": null,
            "eps_4q": -4.67,
            "eps_4q_growth_year": null,
            "roe": -4.92,
            "roe_4q": -28.099999999999998,
            "gross_profit": -2655,
            "gross_margin": -0.37,
            "gross_margin_4q_avg": -4.89,
            "net_income": -73769,
            "revenue": 720136,
            "common_shares": 826800,
            "book_valuer_per_share": 14.54,
            "book_valuer_per_share_4q_avg": 16.28,
            "equity": 1467731,
            "current_ratio": 152.93,
            "debt_ratio": 47.62,
            "inventory_turnover_ratio": 2.08,
            "account_receivable_turnover_ratio": 0.78,
            "reinvestment_rate": -8.02,
            "research_to_sale_ratio": 3.98,
            "price_fair": 180.76,
            "eps_avg_yearly": 5.16,
            "eps_latest_yearly": 2.2,
            "eps_growth_yearly": 51.84
        },
        "20123": {
            "year_quarter": 20123,
            "year": 2012,
            "quarter": 3,
            "eps": -1.14,
            "eps_growth_year": null,
            "eps_4q": -4.75,
            "eps_4q_growth_year": null,
            "roe": -7.78,
            "roe_4q": -30,
            "gross_profit": -25410,
            "gross_margin": -3.65,
            "gross_margin_4q_avg": -5.34,
            "net_income": -109063,
            "revenue": 696245,
            "common_shares": 826800,
            "book_valuer_per_share": 13.19,
            "book_valuer_per_share_4q_avg": 14.93,
            "equity": 1337169,
            "current_ratio": 151.48,
            "debt_ratio": 47.75,
            "inventory_turnover_ratio": 2.01,
            "account_receivable_turnover_ratio": 0.77,
            "reinvestment_rate": -169.47,
            "research_to_sale_ratio": 4.75,
            "price_fair": 105.38,
            "eps_avg_yearly": 5.25,
            "eps_latest_yearly": 2.2,
            "eps_growth_yearly": 10.07
        },
        "20124": {
            "year_quarter": 20124,
            "year": 2012,
            "quarter": 4,
            "eps": -1.46,
            "eps_growth_year": null,
            "eps_4q": -4.64,
            "eps_4q_growth_year": null,
            "roe": -10.97,
            "roe_4q": -32.160000000000004,
            "gross_profit": -70942,
            "gross_margin": -12.36,
            "gross_margin_4q_avg": -6.06,
            "net_income": -138978,
            "revenue": 573781,
            "common_shares": 826800,
            "book_valuer_per_share": 11.79,
            "book_valuer_per_share_4q_avg": 13.67,
            "equity": 1195816,
            "current_ratio": 144.83,
            "debt_ratio": 49.55,
            "inventory_turnover_ratio": 2.05,
            "account_receivable_turnover_ratio": 0.65,
            "reinvestment_rate": null,
            "research_to_sale_ratio": 4.2,
            "price_fair": 195,
            "eps_avg_yearly": 5.57,
            "eps_latest_yearly": 2.2,
            "eps_growth_yearly": 30.39
        },
        "20131": {
            "year_quarter": 20131,
            "year": 2013,
            "quarter": 1,
            "eps": -1.06,
            "eps_growth_year": null,
            "eps_4q": -4.36,
            "eps_4q_growth_year": null,
            "roe": -8.78,
            "roe_4q": -32.45,
            "gross_profit": -14953,
            "gross_margin": -2.53,
            "gross_margin_4q_avg": -4.73,
            "net_income": -102225,
            "revenue": 592065,
            "common_shares": 826800,
            "book_valuer_per_share": 11.01,
            "book_valuer_per_share_4q_avg": 12.63,
            "equity": 1131933,
            "current_ratio": 141.1,
            "debt_ratio": 51.2,
            "inventory_turnover_ratio": 2.13,
            "account_receivable_turnover_ratio": 0.73,
            "reinvestment_rate": null,
            "research_to_sale_ratio": 4.36,
            "price_fair": 17.18,
            "eps_avg_yearly": 5.73,
            "eps_latest_yearly": 2.2,
            "eps_growth_yearly": -0.99
        },
        "20132": {
            "year_quarter": 20132,
            "year": 2013,
            "quarter": 2,
            "eps": -0.62,
            "eps_growth_year": null,
            "eps_4q": -4.28,
            "eps_4q_growth_year": null,
            "roe": -5.48,
            "roe_4q": -33.01,
            "gross_profit": 21309,
            "gross_margin": 3.65,
            "gross_margin_4q_avg": -3.72,
            "net_income": -60823,
            "revenue": 584202,
            "common_shares": 826800,
            "book_valuer_per_share": 10.54,
            "book_valuer_per_share_4q_avg": 11.63,
            "equity": 1086584,
            "current_ratio": 146.39,
            "debt_ratio": 50.27,
            "inventory_turnover_ratio": 2.07,
            "account_receivable_turnover_ratio": 0.74,
            "reinvestment_rate": null,
            "research_to_sale_ratio": 3.92,
            "price_fair": 15.65,
            "eps_avg_yearly": 5.22,
            "eps_latest_yearly": 2.2,
            "eps_growth_yearly": -63.95
        },
        "20133": {
            "year_quarter": 20133,
            "year": 2013,
            "quarter": 3,
            "eps": -0.41,
            "eps_growth_year": null,
            "eps_4q": -3.54,
            "eps_4q_growth_year": null,
            "roe": -3.94,
            "roe_4q": -29.17,
            "gross_profit": 38083,
            "gross_margin": 5.85,
            "gross_margin_4q_avg": -1.35,
            "net_income": -41747,
            "revenue": 651182,
            "common_shares": 826800,
            "book_valuer_per_share": 10.02,
            "book_valuer_per_share_4q_avg": 10.84,
            "equity": 1031055,
            "current_ratio": 145.08,
            "debt_ratio": 51.77,
            "inventory_turnover_ratio": 2.32,
            "account_receivable_turnover_ratio": 0.82,
            "reinvestment_rate": null,
            "research_to_sale_ratio": 3.12,
            "price_fair": 13.47,
            "eps_avg_yearly": 4.49,
            "eps_latest_yearly": 2.2,
            "eps_growth_yearly": -78
        },
        "20134": {
            "year_quarter": 20134,
            "year": 2013,
            "quarter": 4,
            "eps": -0.83,
            "eps_growth_year": null,
            "eps_4q": -2.91,
            "eps_4q_growth_year": null,
            "roe": -7.81,
            "roe_4q": -26.009999999999998,
            "gross_profit": 29344,
            "gross_margin": 4.77,
            "gross_margin_4q_avg": 2.94,
            "net_income": -77629,
            "revenue": 615796,
            "common_shares": 826800,
            "book_valuer_per_share": 9.23,
            "book_valuer_per_share_4q_avg": 10.2,
            "equity": 955926,
            "current_ratio": 142.07,
            "debt_ratio": 54.22,
            "inventory_turnover_ratio": 2.49,
            "account_receivable_turnover_ratio": 0.73,
            "reinvestment_rate": null,
            "research_to_sale_ratio": 3.14,
            "price_fair": 11.32,
            "eps_avg_yearly": 3.77,
            "eps_latest_yearly": 2.2,
            "eps_growth_yearly": -79.7
        },
        "20141": {
            "year_quarter": 20141,
            "year": 2014,
            "quarter": 1,
            "eps": -0.49,
            "eps_growth_year": null,
            "eps_4q": -2.2,
            "eps_4q_growth_year": null,
            "roe": -5.4,
            "roe_4q": -22.630000000000003,
            "gross_profit": 37173,
            "gross_margin": 8.07,
            "gross_margin_4q_avg": 5.59,
            "net_income": -51752,
            "revenue": 460710,
            "common_shares": 898000,
            "book_valuer_per_share": 8.67,
            "book_valuer_per_share_4q_avg": 9.62,
            "equity": 960957,
            "current_ratio": 161.59,
            "debt_ratio": 53.34,
            "inventory_turnover_ratio": 1.95,
            "account_receivable_turnover_ratio": 0.58,
            "reinvestment_rate": null,
            "research_to_sale_ratio": 4.63,
            "price_fair": 11.34,
            "eps_avg_yearly": 3.78,
            "eps_latest_yearly": 2.2,
            "eps_growth_yearly": -32.8
        },
        "20142": {
            "year_quarter": 20142,
            "year": 2014,
            "quarter": 2,
            "eps": -0.41,
            "eps_growth_year": null,
            "eps_4q": -2.03,
            "eps_4q_growth_year": null,
            "roe": -4.15,
            "roe_4q": -21.3,
            "gross_profit": 44097,
            "gross_margin": 9.15,
            "gross_margin_4q_avg": 6.96,
            "net_income": -38855,
            "revenue": 481767,
            "common_shares": 898000,
            "book_valuer_per_share": 8.17,
            "book_valuer_per_share_4q_avg": 9.02,
            "equity": 909692,
            "current_ratio": 162.25,
            "debt_ratio": 53.45,
            "inventory_turnover_ratio": 1.94,
            "account_receivable_turnover_ratio": 0.75,
            "reinvestment_rate": null,
            "research_to_sale_ratio": 4.42,
            "price_fair": 6.6,
            "eps_avg_yearly": 2.2,
            "eps_latest_yearly": 2.2,
            "eps_growth_yearly": -235.82
        },
        "20143": {
            "year_quarter": 20143,
            "year": 2014,
            "quarter": 3,
            "eps": -0.25,
            "eps_growth_year": null,
            "eps_4q": -1.9,
            "eps_4q_growth_year": null,
            "roe": -3.17,
            "roe_4q": -20.53,
            "gross_profit": 51533,
            "gross_margin": 10.24,
            "gross_margin_4q_avg": 8.06,
            "net_income": -28625,
            "revenue": 503310,
            "common_shares": 898000,
            "book_valuer_per_share": 8.06,
            "book_valuer_per_share_4q_avg": 8.53,
            "equity": 897171,
            "current_ratio": 165.22,
            "debt_ratio": 52.67,
            "inventory_turnover_ratio": 1.88,
            "account_receivable_turnover_ratio": 0.78,
            "reinvestment_rate": null,
            "research_to_sale_ratio": 3.89,
            "price_fair": 0,
            "eps_avg_yearly": 0,
            "eps_latest_yearly": 0,
            "eps_growth_yearly": 0
        },
        "20144": {
            "year_quarter": 20144,
            "year": 2014,
            "quarter": 4,
            "eps": -0.63,
            "eps_growth_year": null,
            "eps_4q": -1.76,
            "eps_4q_growth_year": null,
            "roe": -6.8,
            "roe_4q": -19.52,
            "gross_profit": 26977,
            "gross_margin": 5.64,
            "gross_margin_4q_avg": 8.28,
            "net_income": -59578,
            "revenue": 478054,
            "common_shares": 898000,
            "book_valuer_per_share": 7.57,
            "book_valuer_per_share_4q_avg": 8.12,
            "equity": 856357,
            "current_ratio": 166.73,
            "debt_ratio": 52.72,
            "inventory_turnover_ratio": 1.82,
            "account_receivable_turnover_ratio": 0.71,
            "reinvestment_rate": null,
            "research_to_sale_ratio": 4.36,
            "price_fair": 0,
            "eps_avg_yearly": 0,
            "eps_latest_yearly": 0,
            "eps_growth_yearly": 0
        },
        "20151": {
            "year_quarter": 20151,
            "year": 2015,
            "quarter": 1,
            "eps": -0.45,
            "eps_growth_year": null,
            "eps_4q": -1.73,
            "eps_4q_growth_year": null,
            "roe": -5.57,
            "roe_4q": -19.69,
            "gross_profit": 28273,
            "gross_margin": 7.44,
            "gross_margin_4q_avg": 8.12,
            "net_income": -46227,
            "revenue": 380073,
            "common_shares": 898000,
            "book_valuer_per_share": 7.07,
            "book_valuer_per_share_4q_avg": 7.72,
            "equity": 804055,
            "current_ratio": 171.47,
            "debt_ratio": 51.63,
            "inventory_turnover_ratio": 1.41,
            "account_receivable_turnover_ratio": 0.65,
            "reinvestment_rate": null,
            "research_to_sale_ratio": 3.73,
            "price_fair": 0,
            "eps_avg_yearly": 0,
            "eps_latest_yearly": 0,
            "eps_growth_yearly": 0
        },
        "20152": {
            "year_quarter": 20152,
            "year": 2015,
            "quarter": 2,
            "eps": -0.39,
            "eps_growth_year": null,
            "eps_4q": -1.71,
            "eps_4q_growth_year": null,
            "roe": -5.06,
            "roe_4q": -20.6,
            "gross_profit": 25516,
            "gross_margin": 6.3,
            "gross_margin_4q_avg": 7.41,
            "net_income": -39445,
            "revenue": 405003,
            "common_shares": 898000,
            "book_valuer_per_share": 6.61,
            "book_valuer_per_share_4q_avg": 7.33,
            "equity": 756062,
            "current_ratio": 170.62,
            "debt_ratio": 52.36,
            "inventory_turnover_ratio": 1.54,
            "account_receivable_turnover_ratio": 0.8,
            "reinvestment_rate": null,
            "research_to_sale_ratio": 3.28,
            "price_fair": 0,
            "eps_avg_yearly": 0,
            "eps_latest_yearly": 0,
            "eps_growth_yearly": 0
        },
        "20153": {
            "year_quarter": 20153,
            "year": 2015,
            "quarter": 3,
            "eps": 0.02,
            "eps_growth_year": null,
            "eps_4q": -1.45,
            "eps_4q_growth_year": null,
            "roe": 0.52,
            "roe_4q": -16.91,
            "gross_profit": 66157,
            "gross_margin": 15.42,
            "gross_margin_4q_avg": 8.7,
            "net_income": 4039,
            "revenue": 429125,
            "common_shares": 898000,
            "book_valuer_per_share": 6.81,
            "book_valuer_per_share_4q_avg": 7.02,
            "equity": 785547,
            "current_ratio": 173.84,
            "debt_ratio": 52,
            "inventory_turnover_ratio": 1.56,
            "account_receivable_turnover_ratio": 0.79,
            "reinvestment_rate": null,
            "research_to_sale_ratio": 3.34,
            "price_fair": 0,
            "eps_avg_yearly": 0,
            "eps_latest_yearly": 0,
            "eps_growth_yearly": 0
        },
        "20154": {
            "year_quarter": 20154,
            "year": 2015,
            "quarter": 4,
            "eps": -0.19,
            "eps_growth_year": null,
            "eps_4q": -1.01,
            "eps_4q_growth_year": null,
            "roe": -2.48,
            "roe_4q": -12.59,
            "gross_profit": 70784,
            "gross_margin": 17.8,
            "gross_margin_4q_avg": 11.74,
            "net_income": -19094,
            "revenue": 397698,
            "common_shares": 898000,
            "book_valuer_per_share": 6.54,
            "book_valuer_per_share_4q_avg": 6.76,
            "equity": 756217,
            "current_ratio": 179.13,
            "debt_ratio": 52.57,
            "inventory_turnover_ratio": 1.37,
            "account_receivable_turnover_ratio": 0.7,
            "reinvestment_rate": null,
            "research_to_sale_ratio": 3.43,
            "price_fair": 0,
            "eps_avg_yearly": 0,
            "eps_latest_yearly": 0,
            "eps_growth_yearly": 0
        },
        "20161": {
            "year_quarter": 20161,
            "year": 2016,
            "quarter": 1,
            "eps": 0.01,
            "eps_growth_year": null,
            "eps_4q": -0.55,
            "eps_4q_growth_year": null,
            "roe": 0,
            "roe_4q": -7.02,
            "gross_profit": 52796,
            "gross_margin": 16.01,
            "gross_margin_4q_avg": 13.88,
            "net_income": 23,
            "revenue": 329864,
            "common_shares": 898000,
            "book_valuer_per_share": 6.52,
            "book_valuer_per_share_4q_avg": 6.62,
            "equity": 751034,
            "current_ratio": 170.18,
            "debt_ratio": 47.88,
            "inventory_turnover_ratio": 1.15,
            "account_receivable_turnover_ratio": 0.68,
            "reinvestment_rate": null,
            "research_to_sale_ratio": 4.51,
            "price_fair": 0,
            "eps_avg_yearly": 0,
            "eps_latest_yearly": 0,
            "eps_growth_yearly": 0
        },
        "20162": {
            "year_quarter": 20162,
            "year": 2016,
            "quarter": 2,
            "eps": 0.11,
            "eps_growth_year": null,
            "eps_4q": -0.05,
            "eps_4q_growth_year": null,
            "roe": 1.34,
            "roe_4q": -0.6199999999999999,
            "gross_profit": 69226,
            "gross_margin": 18.72,
            "gross_margin_4q_avg": 16.99,
            "net_income": 10085,
            "revenue": 369751,
            "common_shares": 898000,
            "book_valuer_per_share": 6.58,
            "book_valuer_per_share_4q_avg": 6.61,
            "equity": 750712,
            "current_ratio": 166.45,
            "debt_ratio": 48.71,
            "inventory_turnover_ratio": 1.38,
            "account_receivable_turnover_ratio": 0.85,
            "reinvestment_rate": null,
            "research_to_sale_ratio": 4.01,
            "price_fair": 15.4,
            "eps_avg_yearly": 0.44,
            "eps_latest_yearly": 0.44,
            "eps_growth_yearly": 4000
        },
        "20163": {
            "year_quarter": 20163,
            "year": 2016,
            "quarter": 3,
            "eps": 0.15,
            "eps_growth_year": 650,
            "eps_4q": 0.09,
            "eps_4q_growth_year": null,
            "roe": 1.75,
            "roe_4q": 0.6099999999999999,
            "gross_profit": 67826,
            "gross_margin": 17.93,
            "gross_margin_4q_avg": 17.62,
            "net_income": 13370,
            "revenue": 378228,
            "common_shares": 928000,
            "book_valuer_per_share": 6.74,
            "book_valuer_per_share_4q_avg": 6.6,
            "equity": 780856,
            "current_ratio": 181.51,
            "debt_ratio": 44.88,
            "inventory_turnover_ratio": 1.61,
            "account_receivable_turnover_ratio": 0.85,
            "reinvestment_rate": null,
            "research_to_sale_ratio": 3.88,
            "price_fair": 18.2,
            "eps_avg_yearly": 0.52,
            "eps_latest_yearly": 0.6,
            "eps_growth_yearly": 2072.73
        },
        "20164": {
            "year_quarter": 20164,
            "year": 2016,
            "quarter": 4,
            "eps": 0.16,
            "eps_growth_year": null,
            "eps_4q": 0.43,
            "eps_4q_growth_year": null,
            "roe": -1.38,
            "roe_4q": 1.7100000000000002,
            "gross_profit": 76045,
            "gross_margin": 21.96,
            "gross_margin_4q_avg": 18.66,
            "net_income": -10677,
            "revenue": 346258,
            "common_shares": 928000,
            "book_valuer_per_share": 6.81,
            "book_valuer_per_share_4q_avg": 6.66,
            "equity": 767841,
            "current_ratio": 178.81,
            "debt_ratio": 45.88,
            "inventory_turnover_ratio": 1.4,
            "account_receivable_turnover_ratio": 0.72,
            "reinvestment_rate": null,
            "research_to_sale_ratio": 4.76,
            "price_fair": 19.6,
            "eps_avg_yearly": 0.56,
            "eps_latest_yearly": 0.64,
            "eps_growth_yearly": 1390.71
        },
        "20171": {
            "year_quarter": 20171,
            "year": 2017,
            "quarter": 1,
            "eps": 0.1,
            "eps_growth_year": 900,
            "eps_4q": 0.52,
            "eps_4q_growth_year": null,
            "roe": 1.79,
            "roe_4q": 3.5,
            "gross_profit": 80671,
            "gross_margin": 25.83,
            "gross_margin_4q_avg": 21.11,
            "net_income": 13769,
            "revenue": 312342,
            "common_shares": 942706,
            "book_valuer_per_share": 6.79,
            "book_valuer_per_share_4q_avg": 6.73,
            "equity": 773058,
            "current_ratio": 197.2,
            "debt_ratio": 40.52,
            "inventory_turnover_ratio": 1.13,
            "account_receivable_turnover_ratio": 0.66,
            "reinvestment_rate": null,
            "research_to_sale_ratio": 4.65,
            "price_fair": 18.2,
            "eps_avg_yearly": 0.52,
            "eps_latest_yearly": 0.4,
            "eps_growth_yearly": 1005.53
        },
        "20172": {
            "year_quarter": 20172,
            "year": 2017,
            "quarter": 2,
            "eps": 0.34,
            "eps_growth_year": 209.09,
            "eps_4q": 0.75,
            "eps_4q_growth_year": null,
            "roe": 4.24,
            "roe_4q": 6.4,
            "gross_profit": 98051,
            "gross_margin": 21.55,
            "gross_margin_4q_avg": 21.82,
            "net_income": 34254,
            "revenue": 455085,
            "common_shares": 942706,
            "book_valuer_per_share": 7.1,
            "book_valuer_per_share_4q_avg": 6.86,
            "equity": 842440,
            "current_ratio": 157.89,
            "debt_ratio": 46.55,
            "inventory_turnover_ratio": 1.8,
            "account_receivable_turnover_ratio": 0.85,
            "reinvestment_rate": null,
            "research_to_sale_ratio": 3.33,
            "price_fair": 24.08,
            "eps_avg_yearly": 0.69,
            "eps_latest_yearly": 1.36,
            "eps_growth_yearly": 996.42
        },
        "20173": {
            "year_quarter": 20173,
            "year": 2017,
            "quarter": 3,
            "eps": 0.16,
            "eps_growth_year": 6.67,
            "eps_4q": 0.76,
            "eps_4q_growth_year": 787.28,
            "roe": 2.41,
            "roe_4q": 7.060000000000001,
            "gross_profit": 93134,
            "gross_margin": 20.13,
            "gross_margin_4q_avg": 22.37,
            "net_income": 20675,
            "revenue": 462745,
            "common_shares": 942706,
            "book_valuer_per_share": 7.34,
            "book_valuer_per_share_4q_avg": 7.01,
            "equity": 872336,
            "current_ratio": 156.22,
            "debt_ratio": 46.19,
            "inventory_turnover_ratio": 1.94,
            "account_receivable_turnover_ratio": 0.73,
            "reinvestment_rate": null,
            "research_to_sale_ratio": 3.64,
            "price_fair": 23.8,
            "eps_avg_yearly": 0.68,
            "eps_latest_yearly": 0.64,
            "eps_growth_yearly": 795.06
        },
        "20174": {
            "year_quarter": 20174,
            "year": 2017,
            "quarter": 4,
            "eps": 0.08,
            "eps_growth_year": -49.33,
            "eps_4q": 0.69,
            "eps_4q_growth_year": 59.4,
            "roe": 0.93,
            "roe_4q": 9.370000000000001,
            "gross_profit": 79577,
            "gross_margin": 18.81,
            "gross_margin_4q_avg": 21.58,
            "net_income": 8138,
            "revenue": 423077,
            "common_shares": 942706,
            "book_valuer_per_share": 7.38,
            "book_valuer_per_share_4q_avg": 7.15,
            "equity": 882469,
            "current_ratio": 160.12,
            "debt_ratio": 49.59,
            "inventory_turnover_ratio": 1.73,
            "account_receivable_turnover_ratio": 0.64,
            "reinvestment_rate": null,
            "research_to_sale_ratio": 3.69,
            "price_fair": 22,
            "eps_avg_yearly": 0.63,
            "eps_latest_yearly": 0.32,
            "eps_growth_yearly": 652.91
        },
        "20181": {
            "year_quarter": 20181,
            "year": 2018,
            "quarter": 1,
            "eps": -0.18,
            "eps_growth_year": -280,
            "eps_4q": 0.4,
            "eps_4q_growth_year": -21.56,
            "roe": -2.07,
            "roe_4q": 5.510000000000001,
            "gross_profit": 59476,
            "gross_margin": 15.61,
            "gross_margin_4q_avg": 19.03,
            "net_income": -18129,
            "revenue": 381057,
            "common_shares": 942706,
            "book_valuer_per_share": 7.24,
            "book_valuer_per_share_4q_avg": 7.27,
            "equity": 867412,
            "current_ratio": 163.2,
            "debt_ratio": 48.21,
            "inventory_turnover_ratio": 1.46,
            "account_receivable_turnover_ratio": 0.61,
            "reinvestment_rate": null,
            "research_to_sale_ratio": 3.91,
            "price_fair": 22,
            "eps_avg_yearly": 0.63,
            "eps_latest_yearly": 0.32,
            "eps_growth_yearly": 652.91
        },
        "20182": {
            "year_quarter": 20182,
            "year": 2018,
            "quarter": 2,
            "eps": 0,
            "eps_growth_year": -100,
            "eps_4q": 0.06,
            "eps_4q_growth_year": -91.37,
            "roe": -0.59,
            "roe_4q": 0.6800000000000006,
            "gross_profit": 75853,
            "gross_margin": 19.1,
            "gross_margin_4q_avg": 18.41,
            "net_income": -5157,
            "revenue": 397192,
            "common_shares": 942706,
            "book_valuer_per_share": 7.28,
            "book_valuer_per_share_4q_avg": 7.31,
            "equity": 868681,
            "current_ratio": 172.64,
            "debt_ratio": 45.59,
            "inventory_turnover_ratio": 1.42,
            "account_receivable_turnover_ratio": 0.7,
            "reinvestment_rate": null,
            "research_to_sale_ratio": 4.03,
            "price_fair": 22,
            "eps_avg_yearly": 0.63,
            "eps_latest_yearly": 0.32,
            "eps_growth_yearly": 652.91
        },
        "20183": {
            "year_quarter": 20183,
            "year": 2018,
            "quarter": 3,
            "eps": 0.11,
            "eps_growth_year": -31.25,
            "eps_4q": 0.02,
            "eps_4q_growth_year": -98.01,
            "roe": 1.29,
            "roe_4q": -0.4399999999999996,
            "gross_profit": 95844,
            "gross_margin": 21.23,
            "gross_margin_4q_avg": 18.69,
            "net_income": 11275,
            "revenue": 451439,
            "common_shares": 942706,
            "book_valuer_per_share": 7.41,
            "book_valuer_per_share_4q_avg": 7.33,
            "equity": 878304,
            "current_ratio": 167.06,
            "debt_ratio": 47.92,
            "inventory_turnover_ratio": 1.58,
            "account_receivable_turnover_ratio": 0.75,
            "reinvestment_rate": null,
            "research_to_sale_ratio": 3.48,
            "price_fair": 22,
            "eps_avg_yearly": 0.63,
            "eps_latest_yearly": 0.32,
            "eps_growth_yearly": 652.91
        },
        "20184": {
            "year_quarter": 20184,
            "year": 2018,
            "quarter": 4,
            "eps": -0.18,
            "eps_growth_year": -318.21,
            "eps_4q": -0.24,
            "eps_4q_growth_year": -135.31,
            "roe": -2.33,
            "roe_4q": -3.6999999999999997,
            "gross_profit": 75496,
            "gross_margin": 18.42,
            "gross_margin_4q_avg": 18.59,
            "net_income": -20271,
            "revenue": 409831,
            "common_shares": 942706,
            "book_valuer_per_share": 7.29,
            "book_valuer_per_share_4q_avg": 7.31,
            "equity": 864915,
            "current_ratio": 172.47,
            "debt_ratio": 47.81,
            "inventory_turnover_ratio": 1.45,
            "account_receivable_turnover_ratio": 0.65,
            "reinvestment_rate": null,
            "research_to_sale_ratio": 4.25,
            "price_fair": 22,
            "eps_avg_yearly": 0.63,
            "eps_latest_yearly": 0.32,
            "eps_growth_yearly": 652.91
        },
        "20191": {
            "year_quarter": 20191,
            "year": 2019,
            "quarter": 1,
            "eps": -0.19,
            "eps_growth_year": null,
            "eps_4q": -0.25,
            "eps_4q_growth_year": -162.4,
            "roe": -2.69,
            "roe_4q": -4.319999999999999,
            "gross_profit": 38434,
            "gross_margin": 12.47,
            "gross_margin_4q_avg": 17.81,
            "net_income": -23123,
            "revenue": 308208,
            "common_shares": 942706,
            "book_valuer_per_share": 7.24,
            "book_valuer_per_share_4q_avg": 7.31,
            "equity": 857386,
            "current_ratio": 160.77,
            "debt_ratio": 48.29,
            "inventory_turnover_ratio": 1.1,
            "account_receivable_turnover_ratio": 0.55,
            "reinvestment_rate": -619.2,
            "research_to_sale_ratio": 5.74,
            "price_fair": 22,
            "eps_avg_yearly": 0.63,
            "eps_latest_yearly": 0.32,
            "eps_growth_yearly": 652.91
        },
        "20192": {
            "year_quarter": 20192,
            "year": 2019,
            "quarter": 2,
            "eps": 0.19,
            "eps_growth_year": null,
            "eps_4q": -0.06,
            "eps_4q_growth_year": -198.08,
            "roe": 1.75,
            "roe_4q": -1.98,
            "gross_profit": 60573,
            "gross_margin": 16.44,
            "gross_margin_4q_avg": 17.14,
            "net_income": 15054,
            "revenue": 368504,
            "common_shares": 942706,
            "book_valuer_per_share": 7.36,
            "book_valuer_per_share_4q_avg": 7.33,
            "equity": 865074,
            "current_ratio": 168.36,
            "debt_ratio": 45.86,
            "inventory_turnover_ratio": 1.21,
            "account_receivable_turnover_ratio": 0.75,
            "reinvestment_rate": -116.33,
            "research_to_sale_ratio": 4.87,
            "price_fair": 22,
            "eps_avg_yearly": 0.63,
            "eps_latest_yearly": 0.32,
            "eps_growth_yearly": 652.91
        },
        "20193": {
            "year_quarter": 20193,
            "year": 2019,
            "quarter": 3,
            "eps": 0.07,
            "eps_growth_year": -36.36,
            "eps_4q": -0.11,
            "eps_4q_growth_year": -828.02,
            "roe": 0.25,
            "roe_4q": -3.02,
            "gross_profit": 66995,
            "gross_margin": 17.25,
            "gross_margin_4q_avg": 16.15,
            "net_income": 2144,
            "revenue": 388466,
            "common_shares": 942706,
            "book_valuer_per_share": 7.16,
            "book_valuer_per_share_4q_avg": 7.26,
            "equity": 820396,
            "current_ratio": 181.16,
            "debt_ratio": 45.66,
            "inventory_turnover_ratio": 1.34,
            "account_receivable_turnover_ratio": 0.74,
            "reinvestment_rate": -142.95,
            "research_to_sale_ratio": 5.23,
            "price_fair": 20.48,
            "eps_avg_yearly": 0.59,
            "eps_latest_yearly": 0.28,
            "eps_growth_yearly": 539.72
        },
        "20194": {
            "year_quarter": 20194,
            "year": 2019,
            "quarter": 4,
            "eps": 0.01,
            "eps_growth_year": null,
            "eps_4q": 0.08,
            "eps_4q_growth_year": null,
            "roe": -0.2,
            "roe_4q": -0.8899999999999999,
            "gross_profit": 79883,
            "gross_margin": 21.27,
            "gross_margin_4q_avg": 16.86,
            "net_income": -1663,
            "revenue": 375605,
            "common_shares": 942706,
            "book_valuer_per_share": 7.02,
            "book_valuer_per_share_4q_avg": 7.2,
            "equity": 806174,
            "current_ratio": 177.39,
            "debt_ratio": 46.63,
            "inventory_turnover_ratio": 1.28,
            "account_receivable_turnover_ratio": 0.72,
            "reinvestment_rate": -55.63,
            "research_to_sale_ratio": 5.56,
            "price_fair": 18.36,
            "eps_avg_yearly": 0.52,
            "eps_latest_yearly": 0.04,
            "eps_growth_yearly": 441.65
        },
        "20201": {
            "year_quarter": 20201,
            "year": 2020,
            "quarter": 1,
            "eps": -0.12,
            "eps_growth_year": null,
            "eps_4q": 0.14,
            "eps_4q_growth_year": null,
            "roe": -2.37,
            "roe_4q": -0.5700000000000003,
            "gross_profit": 52342,
            "gross_margin": 17.91,
            "gross_margin_4q_avg": 18.22,
            "net_income": -18506,
            "revenue": 292173,
            "common_shares": 942706,
            "book_valuer_per_share": 6.54,
            "book_valuer_per_share_4q_avg": 7.02,
            "equity": 753189,
            "current_ratio": 184.82,
            "debt_ratio": 47.78,
            "inventory_turnover_ratio": 1.07,
            "account_receivable_turnover_ratio": 0.63,
            "reinvestment_rate": -71.11,
            "research_to_sale_ratio": 6.94,
            "price_fair": 18.36,
            "eps_avg_yearly": 0.52,
            "eps_latest_yearly": 0.04,
            "eps_growth_yearly": 441.65
        },
        "20202": {
            "year_quarter": 20202,
            "year": 2020,
            "quarter": 2,
            "eps": -0.02,
            "eps_growth_year": -110.53,
            "eps_4q": -0.06,
            "eps_4q_growth_year": null,
            "roe": -0.99,
            "roe_4q": -3.3100000000000005,
            "gross_profit": 64907,
            "gross_margin": 18.64,
            "gross_margin_4q_avg": 18.77,
            "net_income": -7432,
            "revenue": 348131,
            "common_shares": 942706,
            "book_valuer_per_share": 6.62,
            "book_valuer_per_share_4q_avg": 6.84,
            "equity": 752651,
            "current_ratio": 166.77,
            "debt_ratio": 52.04,
            "inventory_turnover_ratio": 1.2,
            "account_receivable_turnover_ratio": 0.74,
            "reinvestment_rate": -111.54,
            "research_to_sale_ratio": 5.79,
            "price_fair": 1.61,
            "eps_avg_yearly": 0.54,
            "eps_latest_yearly": 0.04,
            "eps_growth_yearly": -3.14
        },
        "20203": {
            "year_quarter": 20203,
            "year": 2020,
            "quarter": 3,
            "eps": 0.29,
            "eps_growth_year": 314.29,
            "eps_4q": 0.16,
            "eps_4q_growth_year": null,
            "roe": 4.69,
            "roe_4q": 1.1300000000000001,
            "gross_profit": 82427,
            "gross_margin": 18.9,
            "gross_margin_4q_avg": 19.18,
            "net_income": 36370,
            "revenue": 436118,
            "common_shares": 942706,
            "book_valuer_per_share": 6.99,
            "book_valuer_per_share_4q_avg": 6.79,
            "equity": 797348,
            "current_ratio": 164.71,
            "debt_ratio": 52.04,
            "inventory_turnover_ratio": 1.3,
            "account_receivable_turnover_ratio": 0.83,
            "reinvestment_rate": -64.23,
            "research_to_sale_ratio": 4.54,
            "price_fair": 1.58,
            "eps_avg_yearly": 0.53,
            "eps_latest_yearly": 0.04,
            "eps_growth_yearly": -24.37
        },
        "20204": {
            "year_quarter": 20204,
            "year": 2020,
            "quarter": 4,
            "eps": 0.21,
            "eps_growth_year": 1548.53,
            "eps_4q": 0.41,
            "eps_4q_growth_year": 417.25,
            "roe": 1.7,
            "roe_4q": 3.0300000000000002,
            "gross_profit": 87529,
            "gross_margin": 17.72,
            "gross_margin_4q_avg": 18.29,
            "net_income": 14198,
            "revenue": 494091,
            "common_shares": 725799,
            "book_valuer_per_share": 10.25,
            "book_valuer_per_share_4q_avg": 7.6,
            "equity": 870874,
            "current_ratio": 163.51,
            "debt_ratio": 51.57,
            "inventory_turnover_ratio": 1.24,
            "account_receivable_turnover_ratio": 0.89,
            "reinvestment_rate": -28.1,
            "research_to_sale_ratio": 4.29,
            "price_fair": 1.66,
            "eps_avg_yearly": 0.55,
            "eps_latest_yearly": 0.84,
            "eps_growth_yearly": -43.94
        },
        "20211": {
            "year_quarter": 20211,
            "year": 2021,
            "quarter": 1,
            "eps": 0.07,
            "eps_growth_year": null,
            "eps_4q": 0.63,
            "eps_4q_growth_year": 336.99,
            "roe": 0.5,
            "roe_4q": 5.9,
            "gross_profit": 88268,
            "gross_margin": 18.06,
            "gross_margin_4q_avg": 18.33,
            "net_income": 4369,
            "revenue": 488700,
            "common_shares": 725799,
            "book_valuer_per_share": 10.47,
            "book_valuer_per_share_4q_avg": 8.58,
            "equity": 885769,
            "current_ratio": 156.99,
            "debt_ratio": 50.29,
            "inventory_turnover_ratio": 1.07,
            "account_receivable_turnover_ratio": 0.85,
            "reinvestment_rate": -24.2,
            "research_to_sale_ratio": 4.81,
            "price_fair": 1.61,
            "eps_avg_yearly": 0.54,
            "eps_latest_yearly": 0.28,
            "eps_growth_yearly": -60.61
        },
        "20212": {
            "year_quarter": 20212,
            "year": 2021,
            "quarter": 2,
            "eps": -0.12,
            "eps_growth_year": null,
            "eps_4q": 0.54,
            "eps_4q_growth_year": null,
            "roe": -1.09,
            "roe_4q": 5.800000000000001,
            "gross_profit": 73767,
            "gross_margin": 18.32,
            "gross_margin_4q_avg": 18.25,
            "net_income": -9941,
            "revenue": 402712,
            "common_shares": 725799,
            "book_valuer_per_share": 11.17,
            "book_valuer_per_share_4q_avg": 9.72,
            "equity": 933592,
            "current_ratio": 156.92,
            "debt_ratio": 45.78,
            "inventory_turnover_ratio": 0.98,
            "account_receivable_turnover_ratio": 0.72,
            "reinvestment_rate": -411.22,
            "research_to_sale_ratio": 6.21,
            "price_fair": 1.2,
            "eps_avg_yearly": 0.4,
            "eps_latest_yearly": 0.28,
            "eps_growth_yearly": -230.71
        },
        "20213": {
            "year_quarter": 20213,
            "year": 2021,
            "quarter": 3,
            "eps": -0.21,
            "eps_growth_year": -172.41,
            "eps_4q": -0.05,
            "eps_4q_growth_year": -128.05,
            "roe": -1.97,
            "roe_4q": -0.8600000000000001,
            "gross_profit": 57465,
            "gross_margin": 14.57,
            "gross_margin_4q_avg": 17.17,
            "net_income": -17777,
            "revenue": 394393,
            "common_shares": 725799,
            "book_valuer_per_share": 10.57,
            "book_valuer_per_share_4q_avg": 10.62,
            "equity": 872975,
            "current_ratio": 151.06,
            "debt_ratio": 47.48,
            "inventory_turnover_ratio": 1.26,
            "account_receivable_turnover_ratio": 0.73,
            "reinvestment_rate": -5400.46,
            "research_to_sale_ratio": 7.88,
            "price_fair": 1.06,
            "eps_avg_yearly": 0.35,
            "eps_latest_yearly": 0.28,
            "eps_growth_yearly": -234.5
        },
        "20214": {
            "year_quarter": 20214,
            "year": 2021,
            "quarter": 4,
            "eps": -0.28,
            "eps_growth_year": -230.82,
            "eps_4q": -0.54,
            "eps_4q_growth_year": -231.79,
            "roe": -2.62,
            "roe_4q": -5.18,
            "gross_profit": 52223,
            "gross_margin": 13.46,
            "gross_margin_4q_avg": 16.1,
            "net_income": -24488,
            "revenue": 387902,
            "common_shares": 725799,
            "book_valuer_per_share": 12.3,
            "book_valuer_per_share_4q_avg": 11.13,
            "equity": 997036,
            "current_ratio": 164.32,
            "debt_ratio": 42.81,
            "inventory_turnover_ratio": 1.38,
            "account_receivable_turnover_ratio": 0.73,
            "reinvestment_rate": null,
            "research_to_sale_ratio": 6.01,
            "price_fair": 1.08,
            "eps_avg_yearly": 0.36,
            "eps_latest_yearly": 0.28,
            "eps_growth_yearly": -243.13
        },
        "20221": {
            "year_quarter": 20221,
            "year": 2022,
            "quarter": 1,
            "eps": -0.17,
            "eps_growth_year": -342.86,
            "eps_4q": -0.78,
            "eps_4q_growth_year": -223.02,
            "roe": -1.66,
            "roe_4q": -7.34,
            "gross_profit": 48894,
            "gross_margin": 13.71,
            "gross_margin_4q_avg": 15.02,
            "net_income": -16372,
            "revenue": 356598,
            "common_shares": 725799,
            "book_valuer_per_share": 11.91,
            "book_valuer_per_share_4q_avg": 11.49,
            "equity": 978935,
            "current_ratio": 157.3,
            "debt_ratio": 44.7,
            "inventory_turnover_ratio": 1.27,
            "account_receivable_turnover_ratio": 0.7,
            "reinvestment_rate": null,
            "research_to_sale_ratio": 7.32,
            "price_fair": 1.08,
            "eps_avg_yearly": 0.36,
            "eps_latest_yearly": 0.28,
            "eps_growth_yearly": -243.13
        },
        "20222": {
            "year_quarter": 20222,
            "year": 2022,
            "quarter": 2,
            "eps": -0.84,
            "eps_growth_year": null,
            "eps_4q": -1.49,
            "eps_4q_growth_year": -378.43,
            "roe": -6.95,
            "roe_4q": -13.200000000000001,
            "gross_profit": 12051,
            "gross_margin": 4,
            "gross_margin_4q_avg": 11.44,
            "net_income": -65811,
            "revenue": 301182,
            "common_shares": 725799,
            "book_valuer_per_share": 11.02,
            "book_valuer_per_share_4q_avg": 11.45,
            "equity": 914338,
            "current_ratio": 166.27,
            "debt_ratio": 52.07,
            "inventory_turnover_ratio": 1.11,
            "account_receivable_turnover_ratio": 0.66,
            "reinvestment_rate": null,
            "research_to_sale_ratio": 7.05,
            "price_fair": 1.08,
            "eps_avg_yearly": 0.36,
            "eps_latest_yearly": 0.28,
            "eps_growth_yearly": -243.13
        },
        "20223": {
            "year_quarter": 20223,
            "year": 2022,
            "quarter": 3,
            "eps": 0.32,
            "eps_growth_year": null,
            "eps_4q": -0.96,
            "eps_4q_growth_year": null,
            "roe": 2.74,
            "roe_4q": -8.49,
            "gross_profit": 94561,
            "gross_margin": 23.94,
            "gross_margin_4q_avg": 13.78,
            "net_income": 25370,
            "revenue": 395031,
            "common_shares": 725799,
            "book_valuer_per_share": 11.26,
            "book_valuer_per_share_4q_avg": 11.62,
            "equity": 936884,
            "current_ratio": 173.46,
            "debt_ratio": 49.98,
            "inventory_turnover_ratio": 1.09,
            "account_receivable_turnover_ratio": 0.87,
            "reinvestment_rate": null,
            "research_to_sale_ratio": 5.9,
            "price_fair": 1.08,
            "eps_avg_yearly": 0.36,
            "eps_latest_yearly": 0.28,
            "eps_growth_yearly": -243.13
        },
        "20224": {
            "year_quarter": 20224,
            "year": 2022,
            "quarter": 4,
            "eps": -0.23,
            "eps_growth_year": null,
            "eps_4q": -0.91,
            "eps_4q_growth_year": null,
            "roe": -1.69,
            "roe_4q": -7.5600000000000005,
            "gross_profit": 88513,
            "gross_margin": 22.53,
            "gross_margin_4q_avg": 16.05,
            "net_income": -15225,
            "revenue": 392943,
            "common_shares": 725799,
            "book_valuer_per_share": 10.23,
            "book_valuer_per_share_4q_avg": 11.11,
            "equity": 861163,
            "current_ratio": 177.83,
            "debt_ratio": 49.98,
            "inventory_turnover_ratio": 1.16,
            "account_receivable_turnover_ratio": 0.81,
            "reinvestment_rate": null,
            "research_to_sale_ratio": 5.7,
            "price_fair": 1.08,
            "eps_avg_yearly": 0.36,
            "eps_latest_yearly": 0.28,
            "eps_growth_yearly": -243.13
        },
        "20231": {
            "year_quarter": 20231,
            "year": 2023,
            "quarter": 1,
            "eps": -0.1,
            "eps_growth_year": null,
            "eps_4q": -0.84,
            "eps_4q_growth_year": null,
            "roe": -0.65,
            "roe_4q": -6.55,
            "gross_profit": 83024,
            "gross_margin": 26.35,
            "gross_margin_4q_avg": 19.21,
            "net_income": -5676,
            "revenue": 315076,
            "common_shares": 725845,
            "book_valuer_per_share": 10.58,
            "book_valuer_per_share_4q_avg": 10.77,
            "equity": 890209,
            "current_ratio": 187.3,
            "debt_ratio": 47.49,
            "inventory_turnover_ratio": 0.94,
            "account_receivable_turnover_ratio": 0.72,
            "reinvestment_rate": null,
            "research_to_sale_ratio": 7.23,
            "price_fair": 1.08,
            "eps_avg_yearly": 0.36,
            "eps_latest_yearly": 0.28,
            "eps_growth_yearly": -243.13
        }
    },
    "months": {
        "2002-01": {
            "month": "2002-01",
            "price": "74.21",
            "revenue": 58582
        },
        "2002-02": {
            "month": "2002-02",
            "price": "91.46",
            "revenue": 67048
        },
        "2002-03": {
            "month": "2002-03",
            "price": "90.07",
            "revenue": 78310
        },
        "2002-04": {
            "month": "2002-04",
            "price": "87.76",
            "revenue": 77451
        },
        "2002-05": {
            "month": "2002-05",
            "price": "78.89",
            "revenue": 65913
        },
        "2002-06": {
            "month": "2002-06",
            "price": "74.52",
            "revenue": 61135
        },
        "2002-07": {
            "month": "2002-07",
            "price": "61.15",
            "revenue": 62646
        },
        "2002-08": {
            "month": "2002-08",
            "price": "53.86",
            "revenue": 55116
        },
        "2002-09": {
            "month": "2002-09",
            "price": "54.32",
            "revenue": 59618
        },
        "2002-10": {
            "month": "2002-10",
            "price": "43.50",
            "revenue": 66701
        },
        "2002-11": {
            "month": "2002-11",
            "price": "40.35",
            "revenue": 77718
        },
        "2002-12": {
            "month": "2002-12",
            "price": "42.31",
            "revenue": 82448
        },
        "2003-01": {
            "month": "2003-01",
            "price": "40.35",
            "revenue": 94086
        },
        "2003-02": {
            "month": "2003-02",
            "price": "37.99",
            "revenue": 85753
        },
        "2003-03": {
            "month": "2003-03",
            "price": "39.70",
            "revenue": 112537
        },
        "2003-04": {
            "month": "2003-04",
            "price": "40.09",
            "revenue": 117224
        },
        "2003-05": {
            "month": "2003-05",
            "price": "40.88",
            "revenue": 91893
        },
        "2003-06": {
            "month": "2003-06",
            "price": "43.74",
            "revenue": 109092
        },
        "2003-07": {
            "month": "2003-07",
            "price": "45.78",
            "revenue": 103992
        },
        "2003-08": {
            "month": "2003-08",
            "price": "52.49",
            "revenue": 111935
        },
        "2003-09": {
            "month": "2003-09",
            "price": "47.53",
            "revenue": 145518
        },
        "2003-10": {
            "month": "2003-10",
            "price": "45.05",
            "revenue": 131293
        },
        "2003-11": {
            "month": "2003-11",
            "price": "44.96",
            "revenue": 113309
        },
        "2003-12": {
            "month": "2003-12",
            "price": "48.66",
            "revenue": 117038
        },
        "2004-01": {
            "month": "2004-01",
            "price": "46.95",
            "revenue": 67639
        },
        "2004-02": {
            "month": "2004-02",
            "price": "46.66",
            "revenue": 68880
        },
        "2004-03": {
            "month": "2004-03",
            "price": "46.18",
            "revenue": 64437
        },
        "2004-04": {
            "month": "2004-04",
            "price": "42.38",
            "revenue": 67856
        },
        "2004-05": {
            "month": "2004-05",
            "price": "37.48",
            "revenue": 70443
        },
        "2004-06": {
            "month": "2004-06",
            "price": "39.10",
            "revenue": 51281
        },
        "2004-07": {
            "month": "2004-07",
            "price": "34.63",
            "revenue": 45252
        },
        "2004-08": {
            "month": "2004-08",
            "price": "25.10",
            "revenue": 54796
        },
        "2004-09": {
            "month": "2004-09",
            "price": "24.10",
            "revenue": 69766
        },
        "2004-10": {
            "month": "2004-10",
            "price": "22.72",
            "revenue": 81441
        },
        "2004-11": {
            "month": "2004-11",
            "price": "20.97",
            "revenue": 106594
        },
        "2004-12": {
            "month": "2004-12",
            "price": "21.28",
            "revenue": 67329
        },
        "2005-01": {
            "month": "2005-01",
            "price": "20.66",
            "revenue": 74309
        },
        "2005-02": {
            "month": "2005-02",
            "price": "22.29",
            "revenue": 49066
        },
        "2005-03": {
            "month": "2005-03",
            "price": "24.25",
            "revenue": 84902
        },
        "2005-04": {
            "month": "2005-04",
            "price": "22.88",
            "revenue": 100653
        },
        "2005-05": {
            "month": "2005-05",
            "price": "22.41",
            "revenue": 82065
        },
        "2005-06": {
            "month": "2005-06",
            "price": "31.23",
            "revenue": 85370
        },
        "2005-07": {
            "month": "2005-07",
            "price": "42.10",
            "revenue": 80600
        },
        "2005-08": {
            "month": "2005-08",
            "price": "32.17",
            "revenue": 96354
        },
        "2005-09": {
            "month": "2005-09",
            "price": "32.91",
            "revenue": 112341
        },
        "2005-10": {
            "month": "2005-10",
            "price": "34.52",
            "revenue": 124658
        },
        "2005-11": {
            "month": "2005-11",
            "price": "32.06",
            "revenue": 125543
        },
        "2005-12": {
            "month": "2005-12",
            "price": "34.06",
            "revenue": 83931
        },
        "2006-01": {
            "month": "2006-01",
            "price": "31.70",
            "revenue": 100993
        },
        "2006-02": {
            "month": "2006-02",
            "price": "29.90",
            "revenue": 73920
        },
        "2006-03": {
            "month": "2006-03",
            "price": "28.89",
            "revenue": 114786
        },
        "2006-04": {
            "month": "2006-04",
            "price": "28.48",
            "revenue": 108095
        },
        "2006-05": {
            "month": "2006-05",
            "price": "26.59",
            "revenue": 160181
        },
        "2006-06": {
            "month": "2006-06",
            "price": "25.18",
            "revenue": 162824
        },
        "2006-07": {
            "month": "2006-07",
            "price": "25.29",
            "revenue": 159961
        },
        "2006-08": {
            "month": "2006-08",
            "price": "26.82",
            "revenue": 152718
        },
        "2006-09": {
            "month": "2006-09",
            "price": "25.05",
            "revenue": 127117
        },
        "2006-10": {
            "month": "2006-10",
            "price": "26.36",
            "revenue": 128065
        },
        "2006-11": {
            "month": "2006-11",
            "price": "25.61",
            "revenue": 181074
        },
        "2006-12": {
            "month": "2006-12",
            "price": "31.69",
            "revenue": 154079
        },
        "2007-01": {
            "month": "2007-01",
            "price": "35.56",
            "revenue": 120982
        },
        "2007-02": {
            "month": "2007-02",
            "price": "35.92",
            "revenue": 100648
        },
        "2007-03": {
            "month": "2007-03",
            "price": "39.05",
            "revenue": 130453
        },
        "2007-04": {
            "month": "2007-04",
            "price": "41.22",
            "revenue": 157023
        },
        "2007-05": {
            "month": "2007-05",
            "price": "46.60",
            "revenue": 161091
        },
        "2007-06": {
            "month": "2007-06",
            "price": "58.14",
            "revenue": 138492
        },
        "2007-07": {
            "month": "2007-07",
            "price": "60.80",
            "revenue": 166439
        },
        "2007-08": {
            "month": "2007-08",
            "price": "63.95",
            "revenue": 174355
        },
        "2007-09": {
            "month": "2007-09",
            "price": "65.77",
            "revenue": 186509
        },
        "2007-10": {
            "month": "2007-10",
            "price": "67.19",
            "revenue": 174097
        },
        "2007-11": {
            "month": "2007-11",
            "price": "52.67",
            "revenue": 175344
        },
        "2007-12": {
            "month": "2007-12",
            "price": "50.41",
            "revenue": 176942
        },
        "2008-01": {
            "month": "2008-01",
            "price": "49.29",
            "revenue": 165937
        },
        "2008-02": {
            "month": "2008-02",
            "price": "50.92",
            "revenue": 142953
        },
        "2008-03": {
            "month": "2008-03",
            "price": "51.28",
            "revenue": 156117
        },
        "2008-04": {
            "month": "2008-04",
            "price": "51.11",
            "revenue": 180218
        },
        "2008-05": {
            "month": "2008-05",
            "price": "46.89",
            "revenue": 186107
        },
        "2008-06": {
            "month": "2008-06",
            "price": "38.02",
            "revenue": 187311
        },
        "2008-07": {
            "month": "2008-07",
            "price": "27.84",
            "revenue": 189342
        },
        "2008-08": {
            "month": "2008-08",
            "price": "28.36",
            "revenue": 150745
        },
        "2008-09": {
            "month": "2008-09",
            "price": "25.90",
            "revenue": 132150
        },
        "2008-10": {
            "month": "2008-10",
            "price": "20.53",
            "revenue": 152845
        },
        "2008-11": {
            "month": "2008-11",
            "price": "18.98",
            "revenue": 120659
        },
        "2008-12": {
            "month": "2008-12",
            "price": "17.96",
            "revenue": 106217
        },
        "2009-01": {
            "month": "2009-01",
            "price": "17.86",
            "revenue": 396392
        },
        "2009-02": {
            "month": "2009-02",
            "price": "18.19",
            "revenue": 446307
        },
        "2009-03": {
            "month": "2009-03",
            "price": "24.50",
            "revenue": 544563
        },
        "2009-04": {
            "month": "2009-04",
            "price": "35.44",
            "revenue": 578347
        },
        "2009-05": {
            "month": "2009-05",
            "price": "43.70",
            "revenue": 509402
        },
        "2009-06": {
            "month": "2009-06",
            "price": "41.11",
            "revenue": 586597
        },
        "2009-07": {
            "month": "2009-07",
            "price": "49.03",
            "revenue": 591627
        },
        "2009-08": {
            "month": "2009-08",
            "price": "58.74",
            "revenue": 583550
        },
        "2009-09": {
            "month": "2009-09",
            "price": "71.76",
            "revenue": 623370
        },
        "2009-10": {
            "month": "2009-10",
            "price": "68.06",
            "revenue": 585304
        },
        "2009-11": {
            "month": "2009-11",
            "price": "69.62",
            "revenue": 600432
        },
        "2009-12": {
            "month": "2009-12",
            "price": "78.31",
            "revenue": 606269
        },
        "2010-01": {
            "month": "2010-01",
            "price": "82.26",
            "revenue": 626393
        },
        "2010-02": {
            "month": "2010-02",
            "price": "73.52",
            "revenue": 419606
        },
        "2010-03": {
            "month": "2010-03",
            "price": "76.45",
            "revenue": 642569
        },
        "2010-04": {
            "month": "2010-04",
            "price": "77.67",
            "revenue": 688178
        },
        "2010-05": {
            "month": "2010-05",
            "price": "68.60",
            "revenue": 594052
        },
        "2010-06": {
            "month": "2010-06",
            "price": "63.39",
            "revenue": 571833
        },
        "2010-07": {
            "month": "2010-07",
            "price": "59.26",
            "revenue": 561480
        },
        "2010-08": {
            "month": "2010-08",
            "price": "46.70",
            "revenue": 496045
        },
        "2010-09": {
            "month": "2010-09",
            "price": "40.83",
            "revenue": 547355
        },
        "2010-10": {
            "month": "2010-10",
            "price": "39.08",
            "revenue": 450688
        },
        "2010-11": {
            "month": "2010-11",
            "price": "34.45",
            "revenue": 521416
        },
        "2010-12": {
            "month": "2010-12",
            "price": "37.88",
            "revenue": 491059
        },
        "2011-01": {
            "month": "2011-01",
            "price": "34.90",
            "revenue": 385164
        },
        "2011-02": {
            "month": "2011-02",
            "price": "32.20",
            "revenue": 187956
        },
        "2011-03": {
            "month": "2011-03",
            "price": "29.83",
            "revenue": 342459
        },
        "2011-04": {
            "month": "2011-04",
            "price": "27.31",
            "revenue": 334049
        },
        "2011-05": {
            "month": "2011-05",
            "price": "23.65",
            "revenue": 318434
        },
        "2011-06": {
            "month": "2011-06",
            "price": "21.45",
            "revenue": 399897
        },
        "2011-07": {
            "month": "2011-07",
            "price": "18.23",
            "revenue": 365025
        },
        "2011-08": {
            "month": "2011-08",
            "price": "15.56",
            "revenue": 327662
        },
        "2011-09": {
            "month": "2011-09",
            "price": "15.53",
            "revenue": 330734
        },
        "2011-10": {
            "month": "2011-10",
            "price": "18.13",
            "revenue": 290682
        },
        "2011-11": {
            "month": "2011-11",
            "price": "13.76",
            "revenue": 296666
        },
        "2011-12": {
            "month": "2011-12",
            "price": "11.41",
            "revenue": 278672
        },
        "2012-01": {
            "month": "2012-01",
            "price": "11.77",
            "revenue": 211231
        },
        "2012-02": {
            "month": "2012-02",
            "price": "15.60",
            "revenue": 223661
        },
        "2012-03": {
            "month": "2012-03",
            "price": "15.20",
            "revenue": 256934
        },
        "2012-04": {
            "month": "2012-04",
            "price": "13.21",
            "revenue": 222708
        },
        "2012-05": {
            "month": "2012-05",
            "price": "12.05",
            "revenue": 244538
        },
        "2012-06": {
            "month": "2012-06",
            "price": "11.40",
            "revenue": 251512
        },
        "2012-07": {
            "month": "2012-07",
            "price": "10.47",
            "revenue": 236612
        },
        "2012-08": {
            "month": "2012-08",
            "price": "9.16",
            "revenue": 213033
        },
        "2012-09": {
            "month": "2012-09",
            "price": "10.12",
            "revenue": 236012
        },
        "2012-10": {
            "month": "2012-10",
            "price": "9.30",
            "revenue": 185197
        },
        "2012-11": {
            "month": "2012-11",
            "price": "8.07",
            "revenue": 212615
        },
        "2012-12": {
            "month": "2012-12",
            "price": "8.17",
            "revenue": 182556
        },
        "2013-01": {
            "month": "2013-01",
            "price": "10.99",
            "revenue": 235818
        },
        "2013-02": {
            "month": "2013-02",
            "price": "13.08",
            "revenue": 144723
        },
        "2013-03": {
            "month": "2013-03",
            "price": "12.01",
            "revenue": 208558
        },
        "2013-04": {
            "month": "2013-04",
            "price": "11.16",
            "revenue": 220714
        },
        "2013-05": {
            "month": "2013-05",
            "price": "10.85",
            "revenue": 210818
        },
        "2013-06": {
            "month": "2013-06",
            "price": "10.69",
            "revenue": 194969
        },
        "2013-07": {
            "month": "2013-07",
            "price": "9.94",
            "revenue": 209261
        },
        "2013-08": {
            "month": "2013-08",
            "price": "8.89",
            "revenue": 215763
        },
        "2013-09": {
            "month": "2013-09",
            "price": "9.32",
            "revenue": 197176
        },
        "2013-10": {
            "month": "2013-10",
            "price": "8.98",
            "revenue": 209736
        },
        "2013-11": {
            "month": "2013-11",
            "price": "8.92",
            "revenue": 197247
        },
        "2013-12": {
            "month": "2013-12",
            "price": "8.70",
            "revenue": 203430
        },
        "2014-01": {
            "month": "2014-01",
            "price": "9.49",
            "revenue": 175958
        },
        "2014-02": {
            "month": "2014-02",
            "price": "11.31",
            "revenue": 135579
        },
        "2014-03": {
            "month": "2014-03",
            "price": "11.20",
            "revenue": 146580
        },
        "2014-04": {
            "month": "2014-04",
            "price": "9.81",
            "revenue": 160740
        },
        "2014-05": {
            "month": "2014-05",
            "price": "8.90",
            "revenue": 169215
        },
        "2014-06": {
            "month": "2014-06",
            "price": "8.80",
            "revenue": 153980
        },
        "2014-07": {
            "month": "2014-07",
            "price": "8.53",
            "revenue": 150421
        },
        "2014-08": {
            "month": "2014-08",
            "price": "8.18",
            "revenue": 174644
        },
        "2014-09": {
            "month": "2014-09",
            "price": "8.26",
            "revenue": 180810
        },
        "2014-10": {
            "month": "2014-10",
            "price": "7.80",
            "revenue": 159301
        },
        "2014-11": {
            "month": "2014-11",
            "price": "7.14",
            "revenue": 148385
        },
        "2014-12": {
            "month": "2014-12",
            "price": "7.25",
            "revenue": 171182
        },
        "2015-01": {
            "month": "2015-01",
            "price": "7.51",
            "revenue": 148114
        },
        "2015-02": {
            "month": "2015-02",
            "price": "7.34",
            "revenue": 103217
        },
        "2015-03": {
            "month": "2015-03",
            "price": "8.08",
            "revenue": 132274
        },
        "2015-04": {
            "month": "2015-04",
            "price": "7.56",
            "revenue": 137896
        },
        "2015-05": {
            "month": "2015-05",
            "price": "7.18",
            "revenue": 136930
        },
        "2015-06": {
            "month": "2015-06",
            "price": "6.96",
            "revenue": 132870
        },
        "2015-07": {
            "month": "2015-07",
            "price": "6.50",
            "revenue": 149696
        },
        "2015-08": {
            "month": "2015-08",
            "price": "5.45",
            "revenue": 134454
        },
        "2015-09": {
            "month": "2015-09",
            "price": "5.48",
            "revenue": 150826
        },
        "2015-10": {
            "month": "2015-10",
            "price": "6.57",
            "revenue": 134110
        },
        "2015-11": {
            "month": "2015-11",
            "price": "6.77",
            "revenue": 133879
        },
        "2015-12": {
            "month": "2015-12",
            "price": "6.57",
            "revenue": 120920
        },
        "2016-01": {
            "month": "2016-01",
            "price": "6.67",
            "revenue": 131390
        },
        "2016-02": {
            "month": "2016-02",
            "price": "6.91",
            "revenue": 72964
        },
        "2016-03": {
            "month": "2016-03",
            "price": "7.28",
            "revenue": 126037
        },
        "2016-04": {
            "month": "2016-04",
            "price": "7.02",
            "revenue": 121851
        },
        "2016-05": {
            "month": "2016-05",
            "price": "7.61",
            "revenue": 131785
        },
        "2016-06": {
            "month": "2016-06",
            "price": "8.36",
            "revenue": 114827
        },
        "2016-07": {
            "month": "2016-07",
            "price": "11.24",
            "revenue": 118913
        },
        "2016-08": {
            "month": "2016-08",
            "price": "10.87",
            "revenue": 130238
        },
        "2016-09": {
            "month": "2016-09",
            "price": "11.00",
            "revenue": 127761
        },
        "2016-10": {
            "month": "2016-10",
            "price": "10.14",
            "revenue": 116024
        },
        "2016-11": {
            "month": "2016-11",
            "price": "9.40",
            "revenue": 110350
        },
        "2016-12": {
            "month": "2016-12",
            "price": "9.42",
            "revenue": 118218
        },
        "2017-01": {
            "month": "2017-01",
            "price": "10.23",
            "revenue": 107677
        },
        "2017-02": {
            "month": "2017-02",
            "price": "10.55",
            "revenue": 83336
        },
        "2017-03": {
            "month": "2017-03",
            "price": "10.44",
            "revenue": 120275
        },
        "2017-04": {
            "month": "2017-04",
            "price": "10.18",
            "revenue": 139590
        },
        "2017-05": {
            "month": "2017-05",
            "price": "11.67",
            "revenue": 151891
        },
        "2017-06": {
            "month": "2017-06",
            "price": "11.34",
            "revenue": 164685
        },
        "2017-07": {
            "month": "2017-07",
            "price": "13.56",
            "revenue": 155859
        },
        "2017-08": {
            "month": "2017-08",
            "price": "16.14",
            "revenue": 151323
        },
        "2017-09": {
            "month": "2017-09",
            "price": "15.72",
            "revenue": 157571
        },
        "2017-10": {
            "month": "2017-10",
            "price": "16.18",
            "revenue": 143689
        },
        "2017-11": {
            "month": "2017-11",
            "price": "15.44",
            "revenue": 163978
        },
        "2017-12": {
            "month": "2017-12",
            "price": "14.02",
            "revenue": 153023
        },
        "2018-01": {
            "month": "2018-01",
            "price": "14.06",
            "revenue": 159245
        },
        "2018-02": {
            "month": "2018-02",
            "price": "13.31",
            "revenue": 88708
        },
        "2018-03": {
            "month": "2018-03",
            "price": "13.35",
            "revenue": 137955
        },
        "2018-04": {
            "month": "2018-04",
            "price": "12.73",
            "revenue": 128671
        },
        "2018-05": {
            "month": "2018-05",
            "price": "10.90",
            "revenue": 146627
        },
        "2018-06": {
            "month": "2018-06",
            "price": "10.78",
            "revenue": 121530
        },
        "2018-07": {
            "month": "2018-07",
            "price": "9.84",
            "revenue": 140000
        },
        "2018-08": {
            "month": "2018-08",
            "price": "9.78",
            "revenue": 154186
        },
        "2018-09": {
            "month": "2018-09",
            "price": "9.65",
            "revenue": 153474
        },
        "2018-10": {
            "month": "2018-10",
            "price": "9.20",
            "revenue": 138161
        },
        "2018-11": {
            "month": "2018-11",
            "price": "8.91",
            "revenue": 138188
        },
        "2018-12": {
            "month": "2018-12",
            "price": "8.73",
            "revenue": 135358
        },
        "2019-01": {
            "month": "2019-01",
            "price": "8.14",
            "revenue": 132495
        },
        "2019-02": {
            "month": "2019-02",
            "price": "8.01",
            "revenue": 72582
        },
        "2019-03": {
            "month": "2019-03",
            "price": "8.01",
            "revenue": 103881
        },
        "2019-04": {
            "month": "2019-04",
            "price": "7.85",
            "revenue": 120232
        },
        "2019-05": {
            "month": "2019-05",
            "price": "7.47",
            "revenue": 134392
        },
        "2019-06": {
            "month": "2019-06",
            "price": "7.35",
            "revenue": 114904
        },
        "2019-07": {
            "month": "2019-07",
            "price": "7.42",
            "revenue": 138728
        },
        "2019-08": {
            "month": "2019-08",
            "price": "7.35",
            "revenue": 135076
        },
        "2019-09": {
            "month": "2019-09",
            "price": "8.22",
            "revenue": 113372
        },
        "2019-10": {
            "month": "2019-10",
            "price": "8.55",
            "revenue": 128956
        },
        "2019-11": {
            "month": "2019-11",
            "price": "8.45",
            "revenue": 118975
        },
        "2019-12": {
            "month": "2019-12",
            "price": "8.49",
            "revenue": 123676
        },
        "2020-01": {
            "month": "2020-01",
            "price": "8.45",
            "revenue": 100076
        },
        "2020-02": {
            "month": "2020-02",
            "price": "7.71",
            "revenue": 70517
        },
        "2020-03": {
            "month": "2020-03",
            "price": "6.28",
            "revenue": 120893
        },
        "2020-04": {
            "month": "2020-04",
            "price": "5.99",
            "revenue": 123979
        },
        "2020-05": {
            "month": "2020-05",
            "price": "6.55",
            "revenue": 117213
        },
        "2020-06": {
            "month": "2020-06",
            "price": "7.70",
            "revenue": 107301
        },
        "2020-07": {
            "month": "2020-07",
            "price": "8.61",
            "revenue": 136318
        },
        "2020-08": {
            "month": "2020-08",
            "price": "9.03",
            "revenue": 137987
        },
        "2020-09": {
            "month": "2020-09",
            "price": "9.54",
            "revenue": 160915
        },
        "2020-10": {
            "month": "2020-10",
            "price": "10.22",
            "revenue": 145527
        },
        "2020-11": {
            "month": "2020-11",
            "price": "10.02",
            "revenue": 171670
        },
        "2020-12": {
            "month": "2020-12",
            "price": "12.33",
            "revenue": 175775
        },
        "2021-01": {
            "month": "2021-01",
            "price": "16.88",
            "revenue": 189548
        },
        "2021-02": {
            "month": "2021-02",
            "price": "21.31",
            "revenue": 120408
        },
        "2021-03": {
            "month": "2021-03",
            "price": "26.54",
            "revenue": 176333
        },
        "2021-04": {
            "month": "2021-04",
            "price": "24.46",
            "revenue": 151561
        },
        "2021-05": {
            "month": "2021-05",
            "price": "18.11",
            "revenue": 131791
        },
        "2021-06": {
            "month": "2021-06",
            "price": "16.52",
            "revenue": 119117
        },
        "2021-07": {
            "month": "2021-07",
            "price": "19.01",
            "revenue": 128344
        },
        "2021-08": {
            "month": "2021-08",
            "price": "16.86",
            "revenue": 123850
        },
        "2021-09": {
            "month": "2021-09",
            "price": "16.66",
            "revenue": 145042
        },
        "2021-10": {
            "month": "2021-10",
            "price": "15.14",
            "revenue": 112393
        },
        "2021-11": {
            "month": "2021-11",
            "price": "16.22",
            "revenue": 145240
        },
        "2021-12": {
            "month": "2021-12",
            "price": "27.84",
            "revenue": 131152
        },
        "2022-01": {
            "month": "2022-01",
            "price": "24.87",
            "revenue": 138553
        },
        "2022-02": {
            "month": "2022-02",
            "price": "25.54",
            "revenue": 85559
        },
        "2022-03": {
            "month": "2022-03",
            "price": "25.28",
            "revenue": 128526
        },
        "2022-04": {
            "month": "2022-04",
            "price": "23.96",
            "revenue": 81898
        },
        "2022-05": {
            "month": "2022-05",
            "price": "21.55",
            "revenue": 98786
        },
        "2022-06": {
            "month": "2022-06",
            "price": "24.71",
            "revenue": 122460
        },
        "2022-07": {
            "month": "2022-07",
            "price": "23.39",
            "revenue": 136212
        },
        "2022-08": {
            "month": "2022-08",
            "price": "23.70",
            "revenue": 128763
        },
        "2022-09": {
            "month": "2022-09",
            "price": "21.94",
            "revenue": 127314
        },
        "2022-10": {
            "month": "2022-10",
            "price": "17.74",
            "revenue": 135577
        },
        "2022-11": {
            "month": "2022-11",
            "price": "19.29",
            "revenue": 133244
        },
        "2022-12": {
            "month": "2022-12",
            "price": "22.17",
            "revenue": 123748
        },
        "2023-01": {
            "month": "2023-01",
            "price": "20.80",
            "revenue": 114230
        },
        "2023-02": {
            "month": "2023-02",
            "price": "21.66",
            "revenue": 94592
        },
        "2023-03": {
            "month": "2023-03",
            "price": "22.09",
            "revenue": 105018
        },
        "2023-04": {
            "month": "2023-04",
            "price": "25.24",
            "revenue": 94266
        }
    }
}
