{
    "summary": {
        "stock_name": "富爾特",
        "stock_id": "6136",
        "category": "通信網路",
        "main_business": "通信網路業<br>資訊服務業<br>資訊軟體服務業、資訊軟體批發業",
        "website_url": "http://www.fullerton.com.tw",
        "ceo": "鄭正川",
        "pe_ratio": 26,
        "report_year_from": 2001,
        "report_year_to": 2023,
        "age": 23,
        "eps_negative_percentage": 0,
        "eps_growth_avg": {
            "last_all": 2.28,
            "last_2y": 25.47,
            "last_4y": 7.54,
            "last_8y": -3.59,
            "last_12y": -6.09,
            "last_16y": 3.39,
            "last_20y": -2.17,
            "at_2006_last_3y": -25.8,
            "at_2007_last_3y": 0.5,
            "at_2008_last_3y": 1.73,
            "at_2009_last_3y": 25.51,
            "at_2010_last_3y": 34.17,
            "at_2011_last_3y": -2.51,
            "at_2012_last_3y": 9.27,
            "at_2013_last_3y": -0.49,
            "at_2014_last_3y": -11.7,
            "at_2015_last_3y": -0.4,
            "at_2016_last_3y": -2.23,
            "at_2017_last_3y": -3.21,
            "at_2018_last_3y": -17.5,
            "at_2019_last_3y": -19.46,
            "at_2020_last_3y": -27.31,
            "at_2021_last_3y": 1.03,
            "at_2022_last_3y": 6.98,
            "at_2023_last_3y": 11.75,
            "at_2024_last_3y": 11.75,
            "at_2006_last_all": -1.5,
            "at_2007_last_all": 15.42,
            "at_2008_last_all": 7.83,
            "at_2009_last_all": 10.54,
            "at_2010_last_all": 14.36,
            "at_2011_last_all": 8.25,
            "at_2012_last_all": 8.35,
            "at_2013_last_all": 6.87,
            "at_2014_last_all": 6.34,
            "at_2015_last_all": 5.78,
            "at_2016_last_all": 5.53,
            "at_2017_last_all": 4.35,
            "at_2018_last_all": 0.73,
            "at_2019_last_all": 0.17,
            "at_2020_last_all": -1.39,
            "at_2021_last_all": 3.68,
            "at_2022_last_all": 1.92,
            "at_2023_last_all": 2.28,
            "at_2024_last_all": 2.28
        },
        "latest_eps": 0.9,
        "latest_price": 23.6,
        "latest_roe": 3.08,
        "latest_gross_margin": 15.23,
        "latest_equity": 3861266,
        "latest_revenue": 123777,
        "latest_gross_profit": 18851,
        "latest_net_income": -14176,
        "latest_debt_ratio": 2.61,
        "latest_current_ratio": 1043.76,
        "latest_account_receivable_turnover_ratio": 1.24,
        "latest_inventory_turnover_ratio": 1.27,
        "latest_reinvestment_rate": -11.1,
        "latest_research_to_sale_ratio": null
    },
    "eps_dividends": {
        "2000": {
            "cash": 0,
            "stock": 4.43,
            "eps": 0
        },
        "2001": {
            "cash": 0,
            "stock": 3.2,
            "eps": 3.74
        },
        "2002": {
            "cash": 0,
            "stock": 0,
            "eps": 7.32
        },
        "2003": {
            "cash": 2.4,
            "stock": 2.3,
            "eps": 6.94
        },
        "2004": {
            "cash": 1.75,
            "stock": 3.8,
            "eps": 3.98
        },
        "2005": {
            "cash": 1.89,
            "stock": 0.81,
            "eps": 1.37
        },
        "2006": {
            "cash": 0,
            "stock": 0,
            "eps": 1.51
        },
        "2007": {
            "cash": 2.14,
            "stock": 0.26,
            "eps": 3.26
        },
        "2008": {
            "cash": 1.82,
            "stock": 0.9,
            "eps": 2.03
        },
        "2009": {
            "cash": 2.3,
            "stock": 0.5,
            "eps": 2.63
        },
        "2010": {
            "cash": 2.35,
            "stock": 1,
            "eps": 3.81
        },
        "2011": {
            "cash": 6.4,
            "stock": 1,
            "eps": 2.03
        },
        "2012": {
            "cash": 0,
            "stock": 0,
            "eps": 2.22
        },
        "2013": {
            "cash": 2.5,
            "stock": 0,
            "eps": 2.01
        },
        "2014": {
            "cash": 2.3,
            "stock": 0,
            "eps": 2.01
        },
        "2015": {
            "cash": 2.31,
            "stock": 0,
            "eps": 1.98
        },
        "2016": {
            "cash": 2.1,
            "stock": 0,
            "eps": 2.02
        },
        "2017": {
            "cash": 2,
            "stock": 0,
            "eps": 1.75
        },
        "2018": {
            "cash": 1.8,
            "stock": 0,
            "eps": 0.75
        },
        "2019": {
            "cash": 1.5,
            "stock": 0,
            "eps": 0.68
        },
        "2020": {
            "cash": 1.4,
            "stock": 0,
            "eps": 0.48
        },
        "2021": {
            "cash": 1.1,
            "stock": 0,
            "eps": 1.23
        },
        "2022": {
            "cash": 1.25,
            "stock": 0,
            "eps": 0.82
        },
        "2023": {
            "cash": 1.15,
            "stock": 0,
            "eps": 0.9
        },
        "2024": {
            "cash": 1.2,
            "stock": 0,
            "eps": 0
        }
    },
    "dividends": {
        "2000-04-14": {
            "cash": 0,
            "stock": 4.43
        },
        "2001-06-29": {
            "cash": 0,
            "stock": 3.2
        },
        "2003-04-04": {
            "cash": 2.4,
            "stock": 2.3
        },
        "2004-03-30": {
            "cash": 1.75,
            "stock": 3.8
        },
        "2005-03-29": {
            "cash": 1.89,
            "stock": 0.81
        },
        "2007-04-23": {
            "cash": 2.14,
            "stock": 0.26
        },
        "2008-04-25": {
            "cash": 1.82,
            "stock": 0.9
        },
        "2009-03-24": {
            "cash": 2.3,
            "stock": 0.5
        },
        "2010-03-30": {
            "cash": 2.35,
            "stock": 1
        },
        "2011-01-01": {
            "cash": 3,
            "stock": 0
        },
        "2011-03-22": {
            "cash": 3.4,
            "stock": 1
        },
        "2013-03-21": {
            "cash": 2.5,
            "stock": 0
        },
        "2014-06-17": {
            "cash": 2.3,
            "stock": 0
        },
        "2015-07-30": {
            "cash": 2.31,
            "stock": 0
        },
        "2016-07-26": {
            "cash": 2.1,
            "stock": 0
        },
        "2017-07-28": {
            "cash": 2,
            "stock": 0
        },
        "2018-07-27": {
            "cash": 1.8,
            "stock": 0
        },
        "2019-07-26": {
            "cash": 1.5,
            "stock": 0
        },
        "2020-07-28": {
            "cash": 1.4,
            "stock": 0
        },
        "2021-09-07": {
            "cash": 1.1,
            "stock": 0
        },
        "2022-07-29": {
            "cash": 1.25,
            "stock": 0
        },
        "2023-07-28": {
            "cash": 1.15,
            "stock": 0
        },
        "2024-03-09": {
            "cash": 1.2,
            "stock": 0
        }
    },
    "prices": {
        "200101": "無",
        "200102": "無",
        "200103": "無",
        "200104": "無",
        "200105": "無",
        "200106": "無",
        "200107": "無",
        "200108": "無",
        "200109": "無",
        "200110": "無",
        "200111": "無",
        "200112": "無",
        "200201": "74.50",
        "200202": "111.79",
        "200203": "140.60",
        "200204": "147.57",
        "200205": "128.41",
        "200206": "112.50",
        "200207": "89.52",
        "200208": "90.18",
        "200209": "87.68",
        "200210": "81.45",
        "200211": "82.02",
        "200212": "80.09",
        "200301": "73.84",
        "200302": "66.28",
        "200303": "61.50",
        "200304": "67.25",
        "200305": "73.45",
        "200306": "76.42",
        "200307": "69.96",
        "200308": "76.57",
        "200309": "72.48",
        "200310": "75.98",
        "200311": "80.18",
        "200312": "79.78",
        "200401": "83.30",
        "200402": "86.28",
        "200403": "80.87",
        "200404": "78.14",
        "200405": "65.26",
        "200406": "61.98",
        "200407": "52.80",
        "200408": "39.50",
        "200409": "39.64",
        "200410": "30.83",
        "200411": "28.13",
        "200412": "26.27",
        "200501": "23.00",
        "200502": "26.05",
        "200503": "27.10",
        "200504": "25.01",
        "200505": "23.97",
        "200506": "26.30",
        "200507": "26.77",
        "200508": "19.13",
        "200509": "17.51",
        "200510": "16.77",
        "200511": "16.25",
        "200512": "16.93",
        "200601": "16.37",
        "200602": "15.23",
        "200603": "13.83",
        "200604": "14.94",
        "200605": "17.90",
        "200606": "15.75",
        "200607": "15.70",
        "200608": "15.95",
        "200609": "15.46",
        "200610": "16.37",
        "200611": "16.85",
        "200612": "18.80",
        "200701": "19.03",
        "200702": "18.88",
        "200703": "19.61",
        "200704": "21.77",
        "200705": "22.76",
        "200706": "24.12",
        "200707": "26.44",
        "200708": "24.87",
        "200709": "25.39",
        "200710": "27.36",
        "200711": "25.47",
        "200712": "23.72",
        "200801": "23.29",
        "200802": "21.90",
        "200803": "23.95",
        "200804": "26.44",
        "200805": "27.75",
        "200806": "26.34",
        "200807": "21.83",
        "200808": "19.65",
        "200809": "15.71",
        "200810": "14.98",
        "200811": "13.03",
        "200812": "12.06",
        "200901": "12.26",
        "200902": "13.36",
        "200903": "17.68",
        "200904": "22.79",
        "200905": "23.91",
        "200906": "24.37",
        "200907": "22.35",
        "200908": "22.31",
        "200909": "22.71",
        "200910": "25.45",
        "200911": "26.23",
        "200912": "29.12",
        "201001": "36.19",
        "201002": "32.41",
        "201003": "34.91",
        "201004": "37.49",
        "201005": "35.60",
        "201006": "35.21",
        "201007": "33.99",
        "201008": "32.58",
        "201009": "33.75",
        "201010": "33.99",
        "201011": "33.64",
        "201012": "34.77",
        "201101": "35.10",
        "201102": "34.99",
        "201103": "37.10",
        "201104": "40.82",
        "201105": "39.70",
        "201106": "40.27",
        "201107": "35.41",
        "201108": "29.20",
        "201109": "28.43",
        "201110": "27.73",
        "201111": "27.13",
        "201112": "26.27",
        "201201": "26.57",
        "201202": "29.24",
        "201203": "29.86",
        "201204": "28.64",
        "201205": "29.07",
        "201206": "28.98",
        "201207": "25.86",
        "201208": "26.04",
        "201209": "25.64",
        "201210": "24.11",
        "201211": "23.70",
        "201212": "24.37",
        "201301": "24.84",
        "201302": "24.93",
        "201303": "25.45",
        "201304": "27.04",
        "201305": "27.18",
        "201306": "27.62",
        "201307": "24.49",
        "201308": "24.66",
        "201309": "24.12",
        "201310": "23.93",
        "201311": "24.05",
        "201312": "24.89",
        "201401": "26.39",
        "201402": "26.79",
        "201403": "27.24",
        "201404": "27.74",
        "201405": "27.44",
        "201406": "27.87",
        "201407": "25.62",
        "201408": "25.43",
        "201409": "25.87",
        "201410": "25.01",
        "201411": "25.00",
        "201412": "25.52",
        "201501": "25.81",
        "201502": "26.13",
        "201503": "26.94",
        "201504": "27.00",
        "201505": "26.66",
        "201506": "26.33",
        "201507": "24.95",
        "201508": "23.32",
        "201509": "23.20",
        "201510": "24.14",
        "201511": "24.22",
        "201512": "23.61",
        "201601": "22.79",
        "201602": "23.34",
        "201603": "24.41",
        "201604": "24.27",
        "201605": "23.88",
        "201606": "24.36",
        "201607": "23.00",
        "201608": "23.22",
        "201609": "23.01",
        "201610": "22.93",
        "201611": "23.14",
        "201612": "23.89",
        "201701": "24.05",
        "201702": "24.48",
        "201703": "25.41",
        "201704": "24.75",
        "201705": "24.91",
        "201706": "25.34",
        "201707": "23.92",
        "201708": "23.81",
        "201709": "23.80",
        "201710": "23.74",
        "201711": "23.92",
        "201712": "23.84",
        "201801": "24.40",
        "201802": "24.03",
        "201803": "24.28",
        "201804": "24.07",
        "201805": "23.92",
        "201806": "23.99",
        "201807": "22.64",
        "201808": "21.23",
        "201809": "19.51",
        "201810": "17.73",
        "201811": "17.47",
        "201812": "18.18",
        "201901": "18.81",
        "201902": "19.96",
        "201903": "21.36",
        "201904": "21.24",
        "201905": "20.62",
        "201906": "20.84",
        "201907": "20.18",
        "201908": "19.43",
        "201909": "19.67",
        "201910": "19.58",
        "201911": "19.59",
        "201912": "19.84",
        "202001": "19.78",
        "202002": "19.49",
        "202003": "17.37",
        "202004": "17.96",
        "202005": "18.66",
        "202006": "19.06",
        "202007": "18.15",
        "202008": "17.63",
        "202009": "17.47",
        "202010": "17.30",
        "202011": "17.29",
        "202012": "17.44",
        "202101": "17.37",
        "202102": "17.24",
        "202103": "17.89",
        "202104": "18.45",
        "202105": "17.56",
        "202106": "17.98",
        "202107": "18.10",
        "202108": "17.33",
        "202109": "16.91",
        "202110": "16.91",
        "202111": "18.16",
        "202112": "18.82",
        "202201": "18.75",
        "202202": "18.74",
        "202203": "18.68",
        "202204": "18.98",
        "202205": "18.66",
        "202206": "18.76",
        "202207": "17.40",
        "202208": "17.73",
        "202209": "17.93",
        "202210": "17.78",
        "202211": "18.02",
        "202212": "18.26",
        "202301": "18.15",
        "202302": "18.46",
        "202303": "18.86",
        "202304": "19.16",
        "202305": "19.53",
        "202306": "19.70",
        "202307": "19.00",
        "202308": "18.64",
        "202309": "18.76",
        "202310": "19.17",
        "202311": "20.12",
        "202312": "22.06"
    },
    "quarters": {
        "20011": {
            "year_quarter": 20011,
            "year": 2001,
            "quarter": 1,
            "eps": 0.88,
            "eps_growth_year": null,
            "eps_4q": null,
            "eps_4q_growth_year": null,
            "roe": 3.56,
            "roe_4q": 3.56,
            "gross_profit": 65340,
            "gross_margin": 13.15,
            "gross_margin_4q_avg": 13.15,
            "net_income": 21917,
            "net_income_4q": null,
            "revenue": 496887,
            "revenue_4q": null,
            "common_shares": 250000,
            "book_valuer_per_share": 25.06,
            "book_valuer_per_share_4q_avg": 25.06,
            "equity": 626451,
            "current_ratio": 210.96,
            "debt_ratio": 39.67,
            "inventory_turnover_ratio": 2.55,
            "account_receivable_turnover_ratio": null,
            "reinvestment_rate": null,
            "research_to_sale_ratio": null,
            "price_fair": 0,
            "eps_avg_yearly": 0,
            "eps_latest_yearly": 0,
            "eps_growth_yearly": 0
        },
        "20012": {
            "year_quarter": 20012,
            "year": 2001,
            "quarter": 2,
            "eps": 0.9,
            "eps_growth_year": null,
            "eps_4q": null,
            "eps_4q_growth_year": null,
            "roe": 4.75,
            "roe_4q": 8.31,
            "gross_profit": 70668,
            "gross_margin": 13.54,
            "gross_margin_4q_avg": 13.35,
            "net_income": 30506,
            "net_income_4q": null,
            "revenue": 521974,
            "revenue_4q": null,
            "common_shares": 250000,
            "book_valuer_per_share": 26.28,
            "book_valuer_per_share_4q_avg": 25.67,
            "equity": 656930,
            "current_ratio": 224.63,
            "debt_ratio": 37.29,
            "inventory_turnover_ratio": 3.08,
            "account_receivable_turnover_ratio": null,
            "reinvestment_rate": null,
            "research_to_sale_ratio": null,
            "price_fair": 0,
            "eps_avg_yearly": 0,
            "eps_latest_yearly": 0,
            "eps_growth_yearly": 0
        },
        "20013": {
            "year_quarter": 20013,
            "year": 2001,
            "quarter": 3,
            "eps": 1.12,
            "eps_growth_year": null,
            "eps_4q": null,
            "eps_4q_growth_year": null,
            "roe": 5.63,
            "roe_4q": 13.94,
            "gross_profit": 84949,
            "gross_margin": 10.12,
            "gross_margin_4q_avg": 12.27,
            "net_income": 38044,
            "net_income_4q": null,
            "revenue": 839609,
            "revenue_4q": null,
            "common_shares": 250000,
            "book_valuer_per_share": 27.8,
            "book_valuer_per_share_4q_avg": 26.38,
            "equity": 695111,
            "current_ratio": 174.56,
            "debt_ratio": 49.85,
            "inventory_turnover_ratio": 4.6,
            "account_receivable_turnover_ratio": null,
            "reinvestment_rate": null,
            "research_to_sale_ratio": null,
            "price_fair": 0,
            "eps_avg_yearly": 0,
            "eps_latest_yearly": 0,
            "eps_growth_yearly": 0
        },
        "20014": {
            "year_quarter": 20014,
            "year": 2001,
            "quarter": 4,
            "eps": 0.84,
            "eps_growth_year": null,
            "eps_4q": 3.48,
            "eps_4q_growth_year": null,
            "roe": 4.05,
            "roe_4q": 17.99,
            "gross_profit": 82811,
            "gross_margin": 8.36,
            "gross_margin_4q_avg": 11.29,
            "net_income": 28751,
            "net_income_4q": null,
            "revenue": 990432,
            "revenue_4q": null,
            "common_shares": 340450,
            "book_valuer_per_share": 21.26,
            "book_valuer_per_share_4q_avg": 25.1,
            "equity": 723892,
            "current_ratio": 213.64,
            "debt_ratio": 39.6,
            "inventory_turnover_ratio": 4.76,
            "account_receivable_turnover_ratio": null,
            "reinvestment_rate": null,
            "research_to_sale_ratio": null,
            "price_fair": 0,
            "eps_avg_yearly": 0,
            "eps_latest_yearly": 0,
            "eps_growth_yearly": 0
        },
        "20021": {
            "year_quarter": 20021,
            "year": 2002,
            "quarter": 1,
            "eps": 2.27,
            "eps_growth_year": 157.95,
            "eps_4q": 5.13,
            "eps_4q_growth_year": null,
            "roe": 10.13,
            "roe_4q": 24.56,
            "gross_profit": 149978,
            "gross_margin": 13.55,
            "gross_margin_4q_avg": 11.39,
            "net_income": 77230,
            "net_income_4q": null,
            "revenue": 1106932,
            "revenue_4q": null,
            "common_shares": 340450,
            "book_valuer_per_share": 23.53,
            "book_valuer_per_share_4q_avg": 24.72,
            "equity": 801121,
            "current_ratio": 211.65,
            "debt_ratio": 41.14,
            "inventory_turnover_ratio": 4.54,
            "account_receivable_turnover_ratio": null,
            "reinvestment_rate": null,
            "research_to_sale_ratio": null,
            "price_fair": 317.8,
            "eps_avg_yearly": 9.08,
            "eps_latest_yearly": 9.08,
            "eps_growth_yearly": 680.95
        },
        "20022": {
            "year_quarter": 20022,
            "year": 2002,
            "quarter": 2,
            "eps": 1.91,
            "eps_growth_year": 112.22,
            "eps_4q": 4.91,
            "eps_4q_growth_year": null,
            "roe": 10.85,
            "roe_4q": 30.66,
            "gross_profit": 148963,
            "gross_margin": 11.61,
            "gross_margin_4q_avg": 10.91,
            "net_income": 91820,
            "net_income_4q": null,
            "revenue": 1283149,
            "revenue_4q": null,
            "common_shares": 340450,
            "book_valuer_per_share": 26.19,
            "book_valuer_per_share_4q_avg": 24.7,
            "equity": 891509,
            "current_ratio": 177.84,
            "debt_ratio": 48.81,
            "inventory_turnover_ratio": 4.18,
            "account_receivable_turnover_ratio": null,
            "reinvestment_rate": null,
            "research_to_sale_ratio": null,
            "price_fair": 292.6,
            "eps_avg_yearly": 8.36,
            "eps_latest_yearly": 7.64,
            "eps_growth_yearly": 308.76
        },
        "20023": {
            "year_quarter": 20023,
            "year": 2002,
            "quarter": 3,
            "eps": 1.42,
            "eps_growth_year": 26.79,
            "eps_4q": 5.46,
            "eps_4q_growth_year": null,
            "roe": 6.19,
            "roe_4q": 31.220000000000002,
            "gross_profit": 127811,
            "gross_margin": 10.04,
            "gross_margin_4q_avg": 10.89,
            "net_income": 69482,
            "net_income_4q": null,
            "revenue": 1273613,
            "revenue_4q": null,
            "common_shares": 541573,
            "book_valuer_per_share": 25.02,
            "book_valuer_per_share_4q_avg": 24,
            "equity": 1355198,
            "current_ratio": 281.59,
            "debt_ratio": 30.63,
            "inventory_turnover_ratio": 3.61,
            "account_receivable_turnover_ratio": null,
            "reinvestment_rate": null,
            "research_to_sale_ratio": null,
            "price_fair": 261.33,
            "eps_avg_yearly": 7.47,
            "eps_latest_yearly": 5.68,
            "eps_growth_yearly": 171.63
        },
        "20024": {
            "year_quarter": 20024,
            "year": 2002,
            "quarter": 4,
            "eps": 1.72,
            "eps_growth_year": 104.76,
            "eps_4q": 6.44,
            "eps_4q_growth_year": 84.85,
            "roe": 6.22,
            "roe_4q": 33.39,
            "gross_profit": 145953,
            "gross_margin": 9.51,
            "gross_margin_4q_avg": 11.18,
            "net_income": 86948,
            "net_income_4q": null,
            "revenue": 1535511,
            "revenue_4q": null,
            "common_shares": 541573,
            "book_valuer_per_share": 26.58,
            "book_valuer_per_share_4q_avg": 25.33,
            "equity": 1439401,
            "current_ratio": 280.52,
            "debt_ratio": 31.21,
            "inventory_turnover_ratio": 5.06,
            "account_receivable_turnover_ratio": null,
            "reinvestment_rate": null,
            "research_to_sale_ratio": null,
            "price_fair": 256.2,
            "eps_avg_yearly": 7.32,
            "eps_latest_yearly": 6.88,
            "eps_growth_yearly": 149.85
        },
        "20031": {
            "year_quarter": 20031,
            "year": 2003,
            "quarter": 1,
            "eps": 1.51,
            "eps_growth_year": -33.48,
            "eps_4q": 6.09,
            "eps_4q_growth_year": 18.69,
            "roe": 5.53,
            "roe_4q": 28.79,
            "gross_profit": 172599,
            "gross_margin": 10.48,
            "gross_margin_4q_avg": 10.41,
            "net_income": 81865,
            "net_income_4q": null,
            "revenue": 1647661,
            "revenue_4q": null,
            "common_shares": 541573,
            "book_valuer_per_share": 28.09,
            "book_valuer_per_share_4q_avg": 26.47,
            "equity": 1521078,
            "current_ratio": 207.48,
            "debt_ratio": 41,
            "inventory_turnover_ratio": 3.4,
            "account_receivable_turnover_ratio": null,
            "reinvestment_rate": null,
            "research_to_sale_ratio": null,
            "price_fair": 247.24,
            "eps_avg_yearly": 7.06,
            "eps_latest_yearly": 6.04,
            "eps_growth_yearly": 110.11
        },
        "20032": {
            "year_quarter": 20032,
            "year": 2003,
            "quarter": 2,
            "eps": 1.73,
            "eps_growth_year": -9.42,
            "eps_4q": 5.23,
            "eps_4q_growth_year": 6.56,
            "roe": 7.8,
            "roe_4q": 25.740000000000002,
            "gross_profit": 210685,
            "gross_margin": 9.97,
            "gross_margin_4q_avg": 10,
            "net_income": 117858,
            "net_income_4q": null,
            "revenue": 2113991,
            "revenue_4q": null,
            "common_shares": 680285,
            "book_valuer_per_share": 22.04,
            "book_valuer_per_share_4q_avg": 25.43,
            "equity": 1499247,
            "current_ratio": 181.39,
            "debt_ratio": 47.75,
            "inventory_turnover_ratio": 3.55,
            "account_receivable_turnover_ratio": null,
            "reinvestment_rate": null,
            "research_to_sale_ratio": null,
            "price_fair": 246.4,
            "eps_avg_yearly": 7.04,
            "eps_latest_yearly": 6.92,
            "eps_growth_yearly": 101.47
        },
        "20033": {
            "year_quarter": 20033,
            "year": 2003,
            "quarter": 3,
            "eps": 1.77,
            "eps_growth_year": 24.65,
            "eps_4q": 5.99,
            "eps_4q_growth_year": 9.72,
            "roe": 7.7,
            "roe_4q": 27.25,
            "gross_profit": 217366,
            "gross_margin": 10.94,
            "gross_margin_4q_avg": 10.23,
            "net_income": 120145,
            "net_income_4q": null,
            "revenue": 1986226,
            "revenue_4q": null,
            "common_shares": 680285,
            "book_valuer_per_share": 23.82,
            "book_valuer_per_share_4q_avg": 25.13,
            "equity": 1620551,
            "current_ratio": 207.73,
            "debt_ratio": 56.11,
            "inventory_turnover_ratio": 3.32,
            "account_receivable_turnover_ratio": null,
            "reinvestment_rate": null,
            "research_to_sale_ratio": null,
            "price_fair": 246.6,
            "eps_avg_yearly": 7.05,
            "eps_latest_yearly": 7.08,
            "eps_growth_yearly": 88.3
        },
        "20034": {
            "year_quarter": 20034,
            "year": 2003,
            "quarter": 4,
            "eps": 1.93,
            "eps_growth_year": 12.21,
            "eps_4q": 6.64,
            "eps_4q_growth_year": 3.06,
            "roe": 7.75,
            "roe_4q": 28.78,
            "gross_profit": 240785,
            "gross_margin": 9.77,
            "gross_margin_4q_avg": 10.29,
            "net_income": 131201,
            "net_income_4q": null,
            "revenue": 2463922,
            "revenue_4q": null,
            "common_shares": 682439,
            "book_valuer_per_share": 25.89,
            "book_valuer_per_share_4q_avg": 24.96,
            "equity": 1766704,
            "current_ratio": 242,
            "debt_ratio": 50.26,
            "inventory_turnover_ratio": 3.54,
            "account_receivable_turnover_ratio": null,
            "reinvestment_rate": null,
            "research_to_sale_ratio": null,
            "price_fair": 249.55,
            "eps_avg_yearly": 7.13,
            "eps_latest_yearly": 7.72,
            "eps_growth_yearly": 81.78
        },
        "20041": {
            "year_quarter": 20041,
            "year": 2004,
            "quarter": 1,
            "eps": 1.23,
            "eps_growth_year": -18.54,
            "eps_4q": 6.66,
            "eps_4q_growth_year": 9.37,
            "roe": 4.62,
            "roe_4q": 27.87,
            "gross_profit": 194311,
            "gross_margin": 9.43,
            "gross_margin_4q_avg": 10.03,
            "net_income": 83636,
            "net_income_4q": null,
            "revenue": 2059968,
            "revenue_4q": null,
            "common_shares": 683823,
            "book_valuer_per_share": 27.14,
            "book_valuer_per_share_4q_avg": 24.72,
            "equity": 1855798,
            "current_ratio": 237.29,
            "debt_ratio": 50.02,
            "inventory_turnover_ratio": 3.04,
            "account_receivable_turnover_ratio": null,
            "reinvestment_rate": null,
            "research_to_sale_ratio": null,
            "price_fair": 240.96,
            "eps_avg_yearly": 6.88,
            "eps_latest_yearly": 4.92,
            "eps_growth_yearly": 56.58
        },
        "20042": {
            "year_quarter": 20042,
            "year": 2004,
            "quarter": 2,
            "eps": 1.21,
            "eps_growth_year": -30.06,
            "eps_4q": 4.69,
            "eps_4q_growth_year": -10.24,
            "roe": 6.49,
            "roe_4q": 26.56,
            "gross_profit": 232919,
            "gross_margin": 11.09,
            "gross_margin_4q_avg": 10.31,
            "net_income": 116388,
            "net_income_4q": null,
            "revenue": 2099609,
            "revenue_4q": null,
            "common_shares": 684285,
            "book_valuer_per_share": 25.29,
            "book_valuer_per_share_4q_avg": 25.54,
            "equity": 1730361,
            "current_ratio": 249.63,
            "debt_ratio": 63.4,
            "inventory_turnover_ratio": 1.92,
            "account_receivable_turnover_ratio": null,
            "reinvestment_rate": null,
            "research_to_sale_ratio": null,
            "price_fair": 233.8,
            "eps_avg_yearly": 6.68,
            "eps_latest_yearly": 4.84,
            "eps_growth_yearly": 50.27
        },
        "20043": {
            "year_quarter": 20043,
            "year": 2004,
            "quarter": 3,
            "eps": 1.2,
            "eps_growth_year": -32.2,
            "eps_4q": 4.63,
            "eps_4q_growth_year": -22.68,
            "roe": 6.11,
            "roe_4q": 24.970000000000002,
            "gross_profit": 220745,
            "gross_margin": 7.45,
            "gross_margin_4q_avg": 9.44,
            "net_income": 115751,
            "net_income_4q": null,
            "revenue": 2962432,
            "revenue_4q": null,
            "common_shares": 1028135,
            "book_valuer_per_share": 20.02,
            "book_valuer_per_share_4q_avg": 24.59,
            "equity": 2058772,
            "current_ratio": 177.7,
            "debt_ratio": 62.21,
            "inventory_turnover_ratio": 2.44,
            "account_receivable_turnover_ratio": null,
            "reinvestment_rate": null,
            "research_to_sale_ratio": null,
            "price_fair": 227.82,
            "eps_avg_yearly": 6.51,
            "eps_latest_yearly": 4.8,
            "eps_growth_yearly": 45.4
        },
        "20044": {
            "year_quarter": 20044,
            "year": 2004,
            "quarter": 4,
            "eps": 0.34,
            "eps_growth_year": -82.38,
            "eps_4q": 3.57,
            "eps_4q_growth_year": -46.13,
            "roe": 1.62,
            "roe_4q": 18.84,
            "gross_profit": 153993,
            "gross_margin": 6.45,
            "gross_margin_4q_avg": 8.61,
            "net_income": 33193,
            "net_income_4q": null,
            "revenue": 2385680,
            "revenue_4q": null,
            "common_shares": 1011405,
            "book_valuer_per_share": 20.19,
            "book_valuer_per_share_4q_avg": 23.16,
            "equity": 2042003,
            "current_ratio": 180.82,
            "debt_ratio": 62.95,
            "inventory_turnover_ratio": 2.17,
            "account_receivable_turnover_ratio": null,
            "reinvestment_rate": 1.4,
            "research_to_sale_ratio": null,
            "price_fair": 168.57,
            "eps_avg_yearly": 6.08,
            "eps_latest_yearly": 1.36,
            "eps_growth_yearly": 17.72
        },
        "20051": {
            "year_quarter": 20051,
            "year": 2005,
            "quarter": 1,
            "eps": 0.31,
            "eps_growth_year": -74.8,
            "eps_4q": 2.95,
            "eps_4q_growth_year": -55.72,
            "roe": 1.51,
            "roe_4q": 15.73,
            "gross_profit": 107150,
            "gross_margin": 19.79,
            "gross_margin_4q_avg": 11.2,
            "net_income": 31168,
            "net_income_4q": null,
            "revenue": 541401,
            "revenue_4q": null,
            "common_shares": 1011405,
            "book_valuer_per_share": 20.5,
            "book_valuer_per_share_4q_avg": 21.5,
            "equity": 2073170,
            "current_ratio": 193.34,
            "debt_ratio": 41.96,
            "inventory_turnover_ratio": 0.56,
            "account_receivable_turnover_ratio": null,
            "reinvestment_rate": -0.52,
            "research_to_sale_ratio": null,
            "price_fair": 134.97,
            "eps_avg_yearly": 5.71,
            "eps_latest_yearly": 1.24,
            "eps_growth_yearly": 13.65
        },
        "20052": {
            "year_quarter": 20052,
            "year": 2005,
            "quarter": 2,
            "eps": 0.58,
            "eps_growth_year": -52.07,
            "eps_4q": 2.24,
            "eps_4q_growth_year": -52.26,
            "roe": 3.25,
            "roe_4q": 12.49,
            "gross_profit": 80563,
            "gross_margin": 18.14,
            "gross_margin_4q_avg": 12.96,
            "net_income": 62926,
            "net_income_4q": null,
            "revenue": 444084,
            "revenue_4q": null,
            "common_shares": 1011405,
            "book_valuer_per_share": 17.75,
            "book_valuer_per_share_4q_avg": 19.62,
            "equity": 1795077,
            "current_ratio": 146.03,
            "debt_ratio": 40.98,
            "inventory_turnover_ratio": 1,
            "account_receivable_turnover_ratio": null,
            "reinvestment_rate": -0.77,
            "research_to_sale_ratio": null,
            "price_fair": 191.3,
            "eps_avg_yearly": 5.47,
            "eps_latest_yearly": 2.32,
            "eps_growth_yearly": 37.56
        },
        "20053": {
            "year_quarter": 20053,
            "year": 2005,
            "quarter": 3,
            "eps": 0.26,
            "eps_growth_year": -78.33,
            "eps_4q": 1.46,
            "eps_4q_growth_year": -68.49,
            "roe": 1.58,
            "roe_4q": 7.96,
            "gross_profit": 66425,
            "gross_margin": 18.7,
            "gross_margin_4q_avg": 15.77,
            "net_income": 27571,
            "net_income_4q": null,
            "revenue": 355163,
            "revenue_4q": null,
            "common_shares": 1100827,
            "book_valuer_per_share": 15.32,
            "book_valuer_per_share_4q_avg": 18.44,
            "equity": 1686011,
            "current_ratio": 224.17,
            "debt_ratio": 23.73,
            "inventory_turnover_ratio": 0.97,
            "account_receivable_turnover_ratio": null,
            "reinvestment_rate": -0.81,
            "research_to_sale_ratio": null,
            "price_fair": 156.88,
            "eps_avg_yearly": 5.17,
            "eps_latest_yearly": 1.04,
            "eps_growth_yearly": 20.34
        },
        "20054": {
            "year_quarter": 20054,
            "year": 2005,
            "quarter": 4,
            "eps": 0.22,
            "eps_growth_year": -35.29,
            "eps_4q": 1.37,
            "eps_4q_growth_year": -61.8,
            "roe": 1.39,
            "roe_4q": 7.7299999999999995,
            "gross_profit": 71553,
            "gross_margin": 19.05,
            "gross_margin_4q_avg": 18.92,
            "net_income": 23365,
            "net_income_4q": null,
            "revenue": 375611,
            "revenue_4q": null,
            "common_shares": 1100827,
            "book_valuer_per_share": 15.21,
            "book_valuer_per_share_4q_avg": 17.2,
            "equity": 1674872,
            "current_ratio": 216.97,
            "debt_ratio": 28.03,
            "inventory_turnover_ratio": 1.16,
            "account_receivable_turnover_ratio": null,
            "reinvestment_rate": -0.47,
            "research_to_sale_ratio": null,
            "price_fair": 123.65,
            "eps_avg_yearly": 4.9,
            "eps_latest_yearly": 0.88,
            "eps_growth_yearly": 15.22
        },
        "20061": {
            "year_quarter": 20061,
            "year": 2006,
            "quarter": 1,
            "eps": 0.49,
            "eps_growth_year": 58.06,
            "eps_4q": 1.55,
            "eps_4q_growth_year": -47.54,
            "roe": 3.26,
            "roe_4q": 9.48,
            "gross_profit": 116533,
            "gross_margin": 21.52,
            "gross_margin_4q_avg": 19.35,
            "net_income": 52777,
            "net_income_4q": null,
            "revenue": 541534,
            "revenue_4q": null,
            "common_shares": 1100827,
            "book_valuer_per_share": 14.22,
            "book_valuer_per_share_4q_avg": 15.63,
            "equity": 1564857,
            "current_ratio": 803.04,
            "debt_ratio": 8.58,
            "inventory_turnover_ratio": 1.49,
            "account_receivable_turnover_ratio": null,
            "reinvestment_rate": -0.76,
            "research_to_sale_ratio": null,
            "price_fair": 59.49,
            "eps_avg_yearly": 4.46,
            "eps_latest_yearly": 1.96,
            "eps_growth_yearly": 3.35
        },
        "20062": {
            "year_quarter": 20062,
            "year": 2006,
            "quarter": 2,
            "eps": 0.36,
            "eps_growth_year": -37.93,
            "eps_4q": 1.32,
            "eps_4q_growth_year": -40.93,
            "roe": 2.39,
            "roe_4q": 8.620000000000001,
            "gross_profit": 98243,
            "gross_margin": 15.94,
            "gross_margin_4q_avg": 18.8,
            "net_income": 38759,
            "net_income_4q": null,
            "revenue": 616510,
            "revenue_4q": null,
            "common_shares": 1070913,
            "book_valuer_per_share": 15.67,
            "book_valuer_per_share_4q_avg": 15.11,
            "equity": 1677727,
            "current_ratio": 917.31,
            "debt_ratio": 7.5,
            "inventory_turnover_ratio": 2.02,
            "account_receivable_turnover_ratio": null,
            "reinvestment_rate": -1.32,
            "research_to_sale_ratio": null,
            "price_fair": 40.7,
            "eps_avg_yearly": 4.07,
            "eps_latest_yearly": 1.44,
            "eps_growth_yearly": 0.68
        },
        "20063": {
            "year_quarter": 20063,
            "year": 2006,
            "quarter": 3,
            "eps": 0.45,
            "eps_growth_year": 73.08,
            "eps_4q": 1.53,
            "eps_4q_growth_year": 4.59,
            "roe": 2.77,
            "roe_4q": 9.81,
            "gross_profit": 92377,
            "gross_margin": 18.58,
            "gross_margin_4q_avg": 18.77,
            "net_income": 47993,
            "net_income_4q": null,
            "revenue": 497220,
            "revenue_4q": null,
            "common_shares": 1070913,
            "book_valuer_per_share": 16.73,
            "book_valuer_per_share_4q_avg": 15.46,
            "equity": 1791181,
            "current_ratio": 2252.99,
            "debt_ratio": 3,
            "inventory_turnover_ratio": 1.59,
            "account_receivable_turnover_ratio": null,
            "reinvestment_rate": -1.43,
            "research_to_sale_ratio": null,
            "price_fair": 89.34,
            "eps_avg_yearly": 3.83,
            "eps_latest_yearly": 1.8,
            "eps_growth_yearly": 13.34
        },
        "20064": {
            "year_quarter": 20064,
            "year": 2006,
            "quarter": 4,
            "eps": 0.21,
            "eps_growth_year": -4.55,
            "eps_4q": 1.5,
            "eps_4q_growth_year": 10.12,
            "roe": 1.14,
            "roe_4q": 9.56,
            "gross_profit": 75224,
            "gross_margin": 20.26,
            "gross_margin_4q_avg": 19.08,
            "net_income": 22648,
            "net_income_4q": null,
            "revenue": 371253,
            "revenue_4q": null,
            "common_shares": 1070913,
            "book_valuer_per_share": 20.52,
            "book_valuer_per_share_4q_avg": 16.79,
            "equity": 2197043,
            "current_ratio": 778.09,
            "debt_ratio": 9.11,
            "inventory_turnover_ratio": 1.22,
            "account_receivable_turnover_ratio": null,
            "reinvestment_rate": -1.83,
            "research_to_sale_ratio": null,
            "price_fair": 10.35,
            "eps_avg_yearly": 3.45,
            "eps_latest_yearly": 0.84,
            "eps_growth_yearly": -5.27
        },
        "20071": {
            "year_quarter": 20071,
            "year": 2007,
            "quarter": 1,
            "eps": 0.45,
            "eps_growth_year": -8.16,
            "eps_4q": 1.5,
            "eps_4q_growth_year": -3.14,
            "roe": 2.1,
            "roe_4q": 8.4,
            "gross_profit": 89665,
            "gross_margin": 16.94,
            "gross_margin_4q_avg": 17.93,
            "net_income": 46951,
            "net_income_4q": null,
            "revenue": 529254,
            "revenue_4q": null,
            "common_shares": 1070913,
            "book_valuer_per_share": 21.33,
            "book_valuer_per_share_4q_avg": 18.56,
            "equity": 2284517,
            "current_ratio": 1831.23,
            "debt_ratio": 3.62,
            "inventory_turnover_ratio": 2.4,
            "account_receivable_turnover_ratio": null,
            "reinvestment_rate": -2.28,
            "research_to_sale_ratio": null,
            "price_fair": 111.48,
            "eps_avg_yearly": 3.19,
            "eps_latest_yearly": 1.8,
            "eps_growth_yearly": 26.35
        },
        "20072": {
            "year_quarter": 20072,
            "year": 2007,
            "quarter": 2,
            "eps": 0.24,
            "eps_growth_year": -33.33,
            "eps_4q": 1.37,
            "eps_4q_growth_year": 3.17,
            "roe": 1.04,
            "roe_4q": 7.050000000000001,
            "gross_profit": 73879,
            "gross_margin": 14.38,
            "gross_margin_4q_avg": 17.54,
            "net_income": 25080,
            "net_income_4q": null,
            "revenue": 513871,
            "revenue_4q": null,
            "common_shares": 1070913,
            "book_valuer_per_share": 23.9,
            "book_valuer_per_share_4q_avg": 20.62,
            "equity": 2559856,
            "current_ratio": 499.98,
            "debt_ratio": 13.09,
            "inventory_turnover_ratio": 3.45,
            "account_receivable_turnover_ratio": null,
            "reinvestment_rate": -2.73,
            "research_to_sale_ratio": null,
            "price_fair": 59.18,
            "eps_avg_yearly": 2.81,
            "eps_latest_yearly": 0.96,
            "eps_growth_yearly": 11.04
        },
        "20073": {
            "year_quarter": 20073,
            "year": 2007,
            "quarter": 3,
            "eps": 1.69,
            "eps_growth_year": 275.56,
            "eps_4q": 2.55,
            "eps_4q_growth_year": 67.18,
            "roe": 5.78,
            "roe_4q": 10.06,
            "gross_profit": 75198,
            "gross_margin": 19.05,
            "gross_margin_4q_avg": 17.66,
            "net_income": 185330,
            "net_income_4q": null,
            "revenue": 394697,
            "revenue_4q": null,
            "common_shares": 1097237,
            "book_valuer_per_share": 35.06,
            "book_valuer_per_share_4q_avg": 25.2,
            "equity": 3847415,
            "current_ratio": 4056.32,
            "debt_ratio": 1.47,
            "inventory_turnover_ratio": 2.71,
            "account_receivable_turnover_ratio": null,
            "reinvestment_rate": -2.35,
            "research_to_sale_ratio": null,
            "price_fair": 97.74,
            "eps_avg_yearly": 2.79,
            "eps_latest_yearly": 6.76,
            "eps_growth_yearly": 161.5
        },
        "20074": {
            "year_quarter": 20074,
            "year": 2007,
            "quarter": 4,
            "eps": 0.88,
            "eps_growth_year": 319.05,
            "eps_4q": 3.24,
            "eps_4q_growth_year": 115.34,
            "roe": 2.57,
            "roe_4q": 11.49,
            "gross_profit": 81227,
            "gross_margin": 20.52,
            "gross_margin_4q_avg": 17.72,
            "net_income": 96036,
            "net_income_4q": null,
            "revenue": 395888,
            "revenue_4q": null,
            "common_shares": 1097237,
            "book_valuer_per_share": 32.87,
            "book_valuer_per_share_4q_avg": 28.29,
            "equity": 3628373,
            "current_ratio": 2802.42,
            "debt_ratio": 2.26,
            "inventory_turnover_ratio": 1.22,
            "account_receivable_turnover_ratio": null,
            "reinvestment_rate": -2.55,
            "research_to_sale_ratio": null,
            "price_fair": 88.55,
            "eps_avg_yearly": 2.53,
            "eps_latest_yearly": 3.52,
            "eps_growth_yearly": 147.26
        },
        "20081": {
            "year_quarter": 20081,
            "year": 2008,
            "quarter": 1,
            "eps": 0.38,
            "eps_growth_year": -15.56,
            "eps_4q": 3.11,
            "eps_4q_growth_year": 107.73,
            "roe": 1.13,
            "roe_4q": 10.52,
            "gross_profit": 108435,
            "gross_margin": 20.19,
            "gross_margin_4q_avg": 18.54,
            "net_income": 42563,
            "net_income_4q": null,
            "revenue": 536990,
            "revenue_4q": null,
            "common_shares": 1097237,
            "book_valuer_per_share": 35.23,
            "book_valuer_per_share_4q_avg": 31.77,
            "equity": 3887840,
            "current_ratio": 1732.35,
            "debt_ratio": 3.64,
            "inventory_turnover_ratio": 1.16,
            "account_receivable_turnover_ratio": null,
            "reinvestment_rate": -0.55,
            "research_to_sale_ratio": null,
            "price_fair": 81.11,
            "eps_avg_yearly": 2.32,
            "eps_latest_yearly": 1.52,
            "eps_growth_yearly": 142.12
        },
        "20082": {
            "year_quarter": 20082,
            "year": 2008,
            "quarter": 2,
            "eps": 0.28,
            "eps_growth_year": 16.67,
            "eps_4q": 3.23,
            "eps_4q_growth_year": 136.91,
            "roe": 0.89,
            "roe_4q": 10.370000000000001,
            "gross_profit": 94951,
            "gross_margin": 19.29,
            "gross_margin_4q_avg": 19.76,
            "net_income": 30635,
            "net_income_4q": null,
            "revenue": 492147,
            "revenue_4q": null,
            "common_shares": 1097237,
            "book_valuer_per_share": 27.14,
            "book_valuer_per_share_4q_avg": 32.58,
            "equity": 2999121,
            "current_ratio": 531.89,
            "debt_ratio": 12.59,
            "inventory_turnover_ratio": 1.4,
            "account_receivable_turnover_ratio": null,
            "reinvestment_rate": -0.02,
            "research_to_sale_ratio": null,
            "price_fair": 72.98,
            "eps_avg_yearly": 2.09,
            "eps_latest_yearly": 1.12,
            "eps_growth_yearly": 135.95
        },
        "20083": {
            "year_quarter": 20083,
            "year": 2008,
            "quarter": 3,
            "eps": 1.19,
            "eps_growth_year": -29.59,
            "eps_4q": 2.61,
            "eps_4q_growth_year": 2.35,
            "roe": 5.1,
            "roe_4q": 9.69,
            "gross_profit": 90734,
            "gross_margin": 24.41,
            "gross_margin_4q_avg": 21.1,
            "net_income": 140673,
            "net_income_4q": null,
            "revenue": 371742,
            "revenue_4q": null,
            "common_shares": 909378,
            "book_valuer_per_share": 27.43,
            "book_valuer_per_share_4q_avg": 30.67,
            "equity": 2516537,
            "current_ratio": 475.04,
            "debt_ratio": 14.11,
            "inventory_turnover_ratio": 1.27,
            "account_receivable_turnover_ratio": null,
            "reinvestment_rate": -0.6,
            "research_to_sale_ratio": null,
            "price_fair": 72.89,
            "eps_avg_yearly": 2.08,
            "eps_latest_yearly": 4.76,
            "eps_growth_yearly": 217.41
        },
        "20084": {
            "year_quarter": 20084,
            "year": 2008,
            "quarter": 4,
            "eps": 0.18,
            "eps_growth_year": -79.55,
            "eps_4q": 2.03,
            "eps_4q_growth_year": -37.43,
            "roe": 0.92,
            "roe_4q": 8.04,
            "gross_profit": 86506,
            "gross_margin": 24.73,
            "gross_margin_4q_avg": 22.16,
            "net_income": 20713,
            "net_income_4q": null,
            "revenue": 349865,
            "revenue_4q": null,
            "common_shares": 909378,
            "book_valuer_per_share": 21.53,
            "book_valuer_per_share_4q_avg": 27.83,
            "equity": 1980285,
            "current_ratio": 951.65,
            "debt_ratio": 7.13,
            "inventory_turnover_ratio": 1.23,
            "account_receivable_turnover_ratio": 4.39,
            "reinvestment_rate": -1.42,
            "research_to_sale_ratio": null,
            "price_fair": 71.49,
            "eps_avg_yearly": 2.04,
            "eps_latest_yearly": 0.72,
            "eps_growth_yearly": 214.11
        },
        "20091": {
            "year_quarter": 20091,
            "year": 2009,
            "quarter": 1,
            "eps": 0.35,
            "eps_growth_year": -7.89,
            "eps_4q": 2.41,
            "eps_4q_growth_year": -22.67,
            "roe": 1.48,
            "roe_4q": 8.39,
            "gross_profit": 86019,
            "gross_margin": 23.33,
            "gross_margin_4q_avg": 22.94,
            "net_income": 32447,
            "net_income_4q": null,
            "revenue": 368631,
            "revenue_4q": null,
            "common_shares": 909378,
            "book_valuer_per_share": 26.1,
            "book_valuer_per_share_4q_avg": 25.55,
            "equity": 2396934,
            "current_ratio": 1426.9,
            "debt_ratio": 4.56,
            "inventory_turnover_ratio": 1.63,
            "account_receivable_turnover_ratio": 2.45,
            "reinvestment_rate": 1.19,
            "research_to_sale_ratio": null,
            "price_fair": 71.84,
            "eps_avg_yearly": 2.05,
            "eps_latest_yearly": 1.4,
            "eps_growth_yearly": 239.92
        },
        "20092": {
            "year_quarter": 20092,
            "year": 2009,
            "quarter": 2,
            "eps": 0.28,
            "eps_growth_year": 0,
            "eps_4q": 2.38,
            "eps_4q_growth_year": -26.52,
            "roe": 0.98,
            "roe_4q": 8.48,
            "gross_profit": 78233,
            "gross_margin": 23.82,
            "gross_margin_4q_avg": 24.07,
            "net_income": 25729,
            "net_income_4q": null,
            "revenue": 328372,
            "revenue_4q": null,
            "common_shares": 909378,
            "book_valuer_per_share": 31.08,
            "book_valuer_per_share_4q_avg": 26.54,
            "equity": 2847808,
            "current_ratio": 607.77,
            "debt_ratio": 10.06,
            "inventory_turnover_ratio": 2.34,
            "account_receivable_turnover_ratio": 2.26,
            "reinvestment_rate": 1.63,
            "research_to_sale_ratio": null,
            "price_fair": 69.21,
            "eps_avg_yearly": 1.98,
            "eps_latest_yearly": 1.12,
            "eps_growth_yearly": 213.15
        },
        "20093": {
            "year_quarter": 20093,
            "year": 2009,
            "quarter": 3,
            "eps": 0.94,
            "eps_growth_year": -21.01,
            "eps_4q": 1.75,
            "eps_4q_growth_year": -32.93,
            "roe": 2.74,
            "roe_4q": 6.12,
            "gross_profit": 80625,
            "gross_margin": 23.92,
            "gross_margin_4q_avg": 23.95,
            "net_income": 89778,
            "net_income_4q": null,
            "revenue": 337031,
            "revenue_4q": null,
            "common_shares": 954846,
            "book_valuer_per_share": 38.69,
            "book_valuer_per_share_4q_avg": 29.35,
            "equity": 3716653,
            "current_ratio": 2495.63,
            "debt_ratio": 2.3,
            "inventory_turnover_ratio": 4.83,
            "account_receivable_turnover_ratio": 2.28,
            "reinvestment_rate": 1.55,
            "research_to_sale_ratio": null,
            "price_fair": 75.16,
            "eps_avg_yearly": 2.15,
            "eps_latest_yearly": 3.76,
            "eps_growth_yearly": 285.87
        },
        "20094": {
            "year_quarter": 20094,
            "year": 2009,
            "quarter": 4,
            "eps": 1.06,
            "eps_growth_year": 488.89,
            "eps_4q": 2.6,
            "eps_4q_growth_year": 28.48,
            "roe": 2.53,
            "roe_4q": 7.73,
            "gross_profit": 82051,
            "gross_margin": 27.16,
            "gross_margin_4q_avg": 24.56,
            "net_income": 101421,
            "net_income_4q": null,
            "revenue": 302154,
            "revenue_4q": null,
            "common_shares": 954846,
            "book_valuer_per_share": 44.91,
            "book_valuer_per_share_4q_avg": 35.2,
            "equity": 4310504,
            "current_ratio": 2120.02,
            "debt_ratio": 2.6,
            "inventory_turnover_ratio": 3.83,
            "account_receivable_turnover_ratio": 3.82,
            "reinvestment_rate": 184.71,
            "research_to_sale_ratio": null,
            "price_fair": 82.51,
            "eps_avg_yearly": 2.36,
            "eps_latest_yearly": 4.24,
            "eps_growth_yearly": 292.91
        },
        "20101": {
            "year_quarter": 20101,
            "year": 2010,
            "quarter": 1,
            "eps": 0.18,
            "eps_growth_year": -48.57,
            "eps_4q": 2.44,
            "eps_4q_growth_year": 1.56,
            "roe": 0.41,
            "roe_4q": 6.66,
            "gross_profit": 78163,
            "gross_margin": 30.7,
            "gross_margin_4q_avg": 26.4,
            "net_income": 17253,
            "net_income_4q": null,
            "revenue": 254624,
            "revenue_4q": null,
            "common_shares": 954846,
            "book_valuer_per_share": 42.81,
            "book_valuer_per_share_4q_avg": 39.37,
            "equity": 4109838,
            "current_ratio": 2187.73,
            "debt_ratio": 2.5,
            "inventory_turnover_ratio": 2.37,
            "account_receivable_turnover_ratio": 1.49,
            "reinvestment_rate": 186.19,
            "research_to_sale_ratio": null,
            "price_fair": 79.8,
            "eps_avg_yearly": 2.28,
            "eps_latest_yearly": 0.72,
            "eps_growth_yearly": 241.47
        },
        "20102": {
            "year_quarter": 20102,
            "year": 2010,
            "quarter": 2,
            "eps": 1.17,
            "eps_growth_year": 319.63,
            "eps_4q": 3.15,
            "eps_4q_growth_year": 32.71,
            "roe": 2.92,
            "roe_4q": 8.6,
            "gross_profit": 66623,
            "gross_margin": 31.47,
            "gross_margin_4q_avg": 28.31,
            "net_income": 123563,
            "net_income_4q": null,
            "revenue": 211701,
            "revenue_4q": null,
            "common_shares": 954846,
            "book_valuer_per_share": 45.21,
            "book_valuer_per_share_4q_avg": 42.91,
            "equity": 4339386,
            "current_ratio": 703.37,
            "debt_ratio": 7.6,
            "inventory_turnover_ratio": 2.22,
            "account_receivable_turnover_ratio": 1.28,
            "reinvestment_rate": 196.59,
            "research_to_sale_ratio": null,
            "price_fair": 86.89,
            "eps_avg_yearly": 2.48,
            "eps_latest_yearly": 4.68,
            "eps_growth_yearly": 385.61
        },
        "20103": {
            "year_quarter": 20103,
            "year": 2010,
            "quarter": 3,
            "eps": 2.09,
            "eps_growth_year": 121.92,
            "eps_4q": 4.39,
            "eps_4q_growth_year": 150.41,
            "roe": 4.62,
            "roe_4q": 10.48,
            "gross_profit": 79643,
            "gross_margin": 33.36,
            "gross_margin_4q_avg": 30.67,
            "net_income": 219187,
            "net_income_4q": null,
            "revenue": 238712,
            "revenue_4q": null,
            "common_shares": 1050331,
            "book_valuer_per_share": 48.81,
            "book_valuer_per_share_4q_avg": 45.44,
            "equity": 5148400,
            "current_ratio": 1780.34,
            "debt_ratio": 2.85,
            "inventory_turnover_ratio": 3.15,
            "account_receivable_turnover_ratio": 1.55,
            "reinvestment_rate": 204.16,
            "research_to_sale_ratio": null,
            "price_fair": 101.24,
            "eps_avg_yearly": 2.89,
            "eps_latest_yearly": 8.36,
            "eps_growth_yearly": 399.01
        },
        "20104": {
            "year_quarter": 20104,
            "year": 2010,
            "quarter": 4,
            "eps": 0.37,
            "eps_growth_year": -65.51,
            "eps_4q": 3.79,
            "eps_4q_growth_year": 45.57,
            "roe": 0.77,
            "roe_4q": 8.72,
            "gross_profit": 91398,
            "gross_margin": 35.67,
            "gross_margin_4q_avg": 32.8,
            "net_income": 38424,
            "net_income_4q": null,
            "revenue": 256233,
            "revenue_4q": null,
            "common_shares": 1050331,
            "book_valuer_per_share": 45.6,
            "book_valuer_per_share_4q_avg": 45.61,
            "equity": 4810949,
            "current_ratio": 1591.38,
            "debt_ratio": 3.25,
            "inventory_turnover_ratio": 2.71,
            "account_receivable_turnover_ratio": 1.64,
            "reinvestment_rate": 183.71,
            "research_to_sale_ratio": null,
            "price_fair": 102.64,
            "eps_avg_yearly": 2.93,
            "eps_latest_yearly": 1.48,
            "eps_growth_yearly": 391.77
        },
        "20111": {
            "year_quarter": 20111,
            "year": 2011,
            "quarter": 1,
            "eps": 0.19,
            "eps_growth_year": 5.56,
            "eps_4q": 3.81,
            "eps_4q_growth_year": 55.94,
            "roe": 0.42,
            "roe_4q": 8.73,
            "gross_profit": 86972,
            "gross_margin": 31.34,
            "gross_margin_4q_avg": 32.96,
            "net_income": 19516,
            "net_income_4q": null,
            "revenue": 277534,
            "revenue_4q": null,
            "common_shares": 1050331,
            "book_valuer_per_share": 41.84,
            "book_valuer_per_share_4q_avg": 45.37,
            "equity": 4416135,
            "current_ratio": 1614.77,
            "debt_ratio": 3.29,
            "inventory_turnover_ratio": 2.81,
            "account_receivable_turnover_ratio": 1.74,
            "reinvestment_rate": 166.8,
            "research_to_sale_ratio": null,
            "price_fair": 100.36,
            "eps_avg_yearly": 2.87,
            "eps_latest_yearly": 0.76,
            "eps_growth_yearly": 351.04
        },
        "20112": {
            "year_quarter": 20112,
            "year": 2011,
            "quarter": 2,
            "eps": 0.69,
            "eps_growth_year": -41.4,
            "eps_4q": 3.09,
            "eps_4q_growth_year": -2.16,
            "roe": 1.89,
            "roe_4q": 7.7,
            "gross_profit": 68839,
            "gross_margin": 29.4,
            "gross_margin_4q_avg": 32.44,
            "net_income": 79589,
            "net_income_4q": null,
            "revenue": 234141,
            "revenue_4q": null,
            "common_shares": 1050331,
            "book_valuer_per_share": 37.87,
            "book_valuer_per_share_4q_avg": 43.53,
            "equity": 3999493,
            "current_ratio": 491.39,
            "debt_ratio": 10.66,
            "inventory_turnover_ratio": 2.62,
            "account_receivable_turnover_ratio": 1.35,
            "reinvestment_rate": 157.05,
            "research_to_sale_ratio": null,
            "price_fair": 104.3,
            "eps_avg_yearly": 2.98,
            "eps_latest_yearly": 2.76,
            "eps_growth_yearly": 428.5
        },
        "20113": {
            "year_quarter": 20113,
            "year": 2011,
            "quarter": 3,
            "eps": 1.11,
            "eps_growth_year": -46.69,
            "eps_4q": 2.3,
            "eps_4q_growth_year": -47.56,
            "roe": 3.4,
            "roe_4q": 6.48,
            "gross_profit": 85956,
            "gross_margin": 33.32,
            "gross_margin_4q_avg": 32.43,
            "net_income": 128561,
            "net_income_4q": null,
            "revenue": 257992,
            "revenue_4q": null,
            "common_shares": 1155364,
            "book_valuer_per_share": 30.58,
            "book_valuer_per_share_4q_avg": 38.97,
            "equity": 3554716,
            "current_ratio": 1161.03,
            "debt_ratio": 4.55,
            "inventory_turnover_ratio": 2.76,
            "account_receivable_turnover_ratio": 1.37,
            "reinvestment_rate": 133.79,
            "research_to_sale_ratio": null,
            "price_fair": 99.23,
            "eps_avg_yearly": 2.84,
            "eps_latest_yearly": 4.44,
            "eps_growth_yearly": 292.67
        },
        "20114": {
            "year_quarter": 20114,
            "year": 2011,
            "quarter": 4,
            "eps": 0.04,
            "eps_growth_year": -90.33,
            "eps_4q": 2,
            "eps_4q_growth_year": -47.09,
            "roe": 0.12,
            "roe_4q": 5.83,
            "gross_profit": 68462,
            "gross_margin": 27.29,
            "gross_margin_4q_avg": 30.34,
            "net_income": 4388,
            "net_income_4q": null,
            "revenue": 250889,
            "revenue_4q": null,
            "common_shares": 1155364,
            "book_valuer_per_share": 30.2,
            "book_valuer_per_share_4q_avg": 35.12,
            "equity": 3510795,
            "current_ratio": 1283.92,
            "debt_ratio": 4.13,
            "inventory_turnover_ratio": 2.69,
            "account_receivable_turnover_ratio": 1.14,
            "reinvestment_rate": 142.37,
            "research_to_sale_ratio": null,
            "price_fair": 91.88,
            "eps_avg_yearly": 2.63,
            "eps_latest_yearly": 0.16,
            "eps_growth_yearly": 280.55
        },
        "20121": {
            "year_quarter": 20121,
            "year": 2012,
            "quarter": 1,
            "eps": 0.11,
            "eps_growth_year": -42.11,
            "eps_4q": 1.94,
            "eps_4q_growth_year": -49.04,
            "roe": 0.35,
            "roe_4q": 5.76,
            "gross_profit": 74968,
            "gross_margin": 30.74,
            "gross_margin_4q_avg": 30.19,
            "net_income": 12880,
            "net_income_4q": null,
            "revenue": 243896,
            "revenue_4q": null,
            "common_shares": 1155364,
            "book_valuer_per_share": 33.22,
            "book_valuer_per_share_4q_avg": 32.97,
            "equity": 3860707,
            "current_ratio": 1453.24,
            "debt_ratio": 3.58,
            "inventory_turnover_ratio": 2.37,
            "account_receivable_turnover_ratio": 1.04,
            "reinvestment_rate": 164.9,
            "research_to_sale_ratio": null,
            "price_fair": 89.51,
            "eps_avg_yearly": 2.56,
            "eps_latest_yearly": 0.44,
            "eps_growth_yearly": 338.51
        },
        "20122": {
            "year_quarter": 20122,
            "year": 2012,
            "quarter": 2,
            "eps": 0.19,
            "eps_growth_year": -71.98,
            "eps_4q": 1.45,
            "eps_4q_growth_year": -53.11,
            "roe": 0.67,
            "roe_4q": 4.54,
            "gross_profit": 66232,
            "gross_margin": 29.68,
            "gross_margin_4q_avg": 30.26,
            "net_income": 23455,
            "net_income_4q": null,
            "revenue": 223127,
            "revenue_4q": null,
            "common_shares": 1155364,
            "book_valuer_per_share": 27.33,
            "book_valuer_per_share_4q_avg": 30.33,
            "equity": 3180810,
            "current_ratio": 408.71,
            "debt_ratio": 13.05,
            "inventory_turnover_ratio": 2.32,
            "account_receivable_turnover_ratio": 1.03,
            "reinvestment_rate": 154.56,
            "research_to_sale_ratio": null,
            "price_fair": 88.73,
            "eps_avg_yearly": 2.54,
            "eps_latest_yearly": 0.76,
            "eps_growth_yearly": 363.27
        },
        "20123": {
            "year_quarter": 20123,
            "year": 2012,
            "quarter": 3,
            "eps": 1.4,
            "eps_growth_year": 25.66,
            "eps_4q": 1.73,
            "eps_4q_growth_year": -24.74,
            "roe": 4.78,
            "roe_4q": 5.92,
            "gross_profit": 65945,
            "gross_margin": 29.47,
            "gross_margin_4q_avg": 29.3,
            "net_income": 162309,
            "net_income_4q": null,
            "revenue": 223747,
            "revenue_4q": null,
            "common_shares": 1155364,
            "book_valuer_per_share": 30.99,
            "book_valuer_per_share_4q_avg": 30.44,
            "equity": 3604377,
            "current_ratio": 1310.73,
            "debt_ratio": 3.84,
            "inventory_turnover_ratio": 2.46,
            "account_receivable_turnover_ratio": 1.08,
            "reinvestment_rate": 157.98,
            "research_to_sale_ratio": null,
            "price_fair": 90.56,
            "eps_avg_yearly": 2.59,
            "eps_latest_yearly": 5.6,
            "eps_growth_yearly": 441.23
        },
        "20124": {
            "year_quarter": 20124,
            "year": 2012,
            "quarter": 4,
            "eps": 0.52,
            "eps_growth_year": 1368.71,
            "eps_4q": 2.22,
            "eps_4q_growth_year": 10.55,
            "roe": 1.69,
            "roe_4q": 7.49,
            "gross_profit": 56971,
            "gross_margin": 29.73,
            "gross_margin_4q_avg": 29.91,
            "net_income": 60374,
            "net_income_4q": null,
            "revenue": 191621,
            "revenue_4q": null,
            "common_shares": 1155364,
            "book_valuer_per_share": 30.35,
            "book_valuer_per_share_4q_avg": 30.47,
            "equity": 3529301,
            "current_ratio": 1501.17,
            "debt_ratio": 3.54,
            "inventory_turnover_ratio": 1.92,
            "account_receivable_turnover_ratio": 1.01,
            "reinvestment_rate": 148.81,
            "research_to_sale_ratio": null,
            "price_fair": 93.54,
            "eps_avg_yearly": 2.67,
            "eps_latest_yearly": 2.08,
            "eps_growth_yearly": 446.73
        },
        "20131": {
            "year_quarter": 20131,
            "year": 2013,
            "quarter": 1,
            "eps": 0.16,
            "eps_growth_year": 45.45,
            "eps_4q": 2.27,
            "eps_4q_growth_year": 16.77,
            "roe": 0.55,
            "roe_4q": 7.69,
            "gross_profit": 67171,
            "gross_margin": 33.87,
            "gross_margin_4q_avg": 30.69,
            "net_income": 18838,
            "net_income_4q": null,
            "revenue": 198306,
            "revenue_4q": null,
            "common_shares": 1155364,
            "book_valuer_per_share": 28.42,
            "book_valuer_per_share_4q_avg": 29.27,
            "equity": 3307544,
            "current_ratio": 1414.09,
            "debt_ratio": 4.31,
            "inventory_turnover_ratio": 1.74,
            "account_receivable_turnover_ratio": 1.22,
            "reinvestment_rate": 136.31,
            "research_to_sale_ratio": null,
            "price_fair": 91.88,
            "eps_avg_yearly": 2.63,
            "eps_latest_yearly": 0.64,
            "eps_growth_yearly": 405.82
        },
        "20132": {
            "year_quarter": 20132,
            "year": 2013,
            "quarter": 2,
            "eps": 0.04,
            "eps_growth_year": -79.27,
            "eps_4q": 2.12,
            "eps_4q_growth_year": 46.45,
            "roe": 0.17,
            "roe_4q": 7.19,
            "gross_profit": 56289,
            "gross_margin": 30.35,
            "gross_margin_4q_avg": 30.86,
            "net_income": 5548,
            "net_income_4q": null,
            "revenue": 185447,
            "revenue_4q": null,
            "common_shares": 1155364,
            "book_valuer_per_share": 26.6,
            "book_valuer_per_share_4q_avg": 29.09,
            "equity": 3097690,
            "current_ratio": 444.81,
            "debt_ratio": 12.15,
            "inventory_turnover_ratio": 1.72,
            "account_receivable_turnover_ratio": 1.33,
            "reinvestment_rate": 143.36,
            "research_to_sale_ratio": null,
            "price_fair": 89.78,
            "eps_avg_yearly": 2.57,
            "eps_latest_yearly": 0.16,
            "eps_growth_yearly": 392.07
        },
        "20133": {
            "year_quarter": 20133,
            "year": 2013,
            "quarter": 3,
            "eps": 1.28,
            "eps_growth_year": -8.41,
            "eps_4q": 2,
            "eps_4q_growth_year": 15.26,
            "roe": 4.68,
            "roe_4q": 7.09,
            "gross_profit": 57222,
            "gross_margin": 28.81,
            "gross_margin_4q_avg": 30.69,
            "net_income": 147413,
            "net_income_4q": null,
            "revenue": 198586,
            "revenue_4q": null,
            "common_shares": 1155364,
            "book_valuer_per_share": 27.5,
            "book_valuer_per_share_4q_avg": 28.22,
            "equity": 3200134,
            "current_ratio": 1395.78,
            "debt_ratio": 4.22,
            "inventory_turnover_ratio": 1.92,
            "account_receivable_turnover_ratio": 1.58,
            "reinvestment_rate": 133.58,
            "research_to_sale_ratio": null,
            "price_fair": 92.75,
            "eps_avg_yearly": 2.65,
            "eps_latest_yearly": 5.12,
            "eps_growth_yearly": 1108.14
        },
        "20134": {
            "year_quarter": 20134,
            "year": 2013,
            "quarter": 4,
            "eps": 0.53,
            "eps_growth_year": 1.95,
            "eps_4q": 2.01,
            "eps_4q_growth_year": -9.45,
            "roe": 1.92,
            "roe_4q": 7.319999999999999,
            "gross_profit": 65395,
            "gross_margin": 32.03,
            "gross_margin_4q_avg": 31.27,
            "net_income": 61174,
            "net_income_4q": null,
            "revenue": 204178,
            "revenue_4q": null,
            "common_shares": 1155364,
            "book_valuer_per_share": 27.31,
            "book_valuer_per_share_4q_avg": 27.46,
            "equity": 3178128,
            "current_ratio": 1446.17,
            "debt_ratio": 4.09,
            "inventory_turnover_ratio": 1.57,
            "account_receivable_turnover_ratio": 1.69,
            "reinvestment_rate": -27.57,
            "research_to_sale_ratio": null,
            "price_fair": 88.11,
            "eps_avg_yearly": 2.52,
            "eps_latest_yearly": 2.12,
            "eps_growth_yearly": 1090.3
        },
        "20141": {
            "year_quarter": 20141,
            "year": 2014,
            "quarter": 1,
            "eps": 0.14,
            "eps_growth_year": -12.5,
            "eps_4q": 1.99,
            "eps_4q_growth_year": -12.32,
            "roe": 0.51,
            "roe_4q": 7.279999999999999,
            "gross_profit": 65751,
            "gross_margin": 34.52,
            "gross_margin_4q_avg": 31.43,
            "net_income": 16570,
            "net_income_4q": null,
            "revenue": 190475,
            "revenue_4q": null,
            "common_shares": 1155364,
            "book_valuer_per_share": 28.69,
            "book_valuer_per_share_4q_avg": 27.53,
            "equity": 3337699,
            "current_ratio": 1618.66,
            "debt_ratio": 3.65,
            "inventory_turnover_ratio": 1.45,
            "account_receivable_turnover_ratio": 1.82,
            "reinvestment_rate": -13.36,
            "research_to_sale_ratio": null,
            "price_fair": 87.76,
            "eps_avg_yearly": 2.51,
            "eps_latest_yearly": 0.56,
            "eps_growth_yearly": 1092.66
        },
        "20142": {
            "year_quarter": 20142,
            "year": 2014,
            "quarter": 2,
            "eps": 0.55,
            "eps_growth_year": 1275,
            "eps_4q": 2.49,
            "eps_4q_growth_year": 17.64,
            "roe": 1.91,
            "roe_4q": 9.02,
            "gross_profit": 50596,
            "gross_margin": 29.63,
            "gross_margin_4q_avg": 31.25,
            "net_income": 63630,
            "net_income_4q": null,
            "revenue": 170763,
            "revenue_4q": null,
            "common_shares": 1155364,
            "book_valuer_per_share": 28.58,
            "book_valuer_per_share_4q_avg": 28.02,
            "equity": 3325792,
            "current_ratio": 477.36,
            "debt_ratio": 10.54,
            "inventory_turnover_ratio": 1.83,
            "account_receivable_turnover_ratio": 1.73,
            "reinvestment_rate": -22.01,
            "research_to_sale_ratio": null,
            "price_fair": 82.34,
            "eps_avg_yearly": 2.35,
            "eps_latest_yearly": 2.2,
            "eps_growth_yearly": 1028.37
        },
        "20143": {
            "year_quarter": 20143,
            "year": 2014,
            "quarter": 3,
            "eps": 1.17,
            "eps_growth_year": -8.59,
            "eps_4q": 2.39,
            "eps_4q_growth_year": 19.49,
            "roe": 4.13,
            "roe_4q": 8.469999999999999,
            "gross_profit": 53824,
            "gross_margin": 31.16,
            "gross_margin_4q_avg": 31.84,
            "net_income": 135358,
            "net_income_4q": null,
            "revenue": 172720,
            "revenue_4q": null,
            "common_shares": 1155364,
            "book_valuer_per_share": 27.78,
            "book_valuer_per_share_4q_avg": 28.09,
            "equity": 3232595,
            "current_ratio": 1407.57,
            "debt_ratio": 4.05,
            "inventory_turnover_ratio": 1.69,
            "account_receivable_turnover_ratio": 1.69,
            "reinvestment_rate": -84.18,
            "research_to_sale_ratio": null,
            "price_fair": 74.29,
            "eps_avg_yearly": 2.12,
            "eps_latest_yearly": 4.68,
            "eps_growth_yearly": 1036.89
        },
        "20144": {
            "year_quarter": 20144,
            "year": 2014,
            "quarter": 4,
            "eps": 0.15,
            "eps_growth_year": -71.08,
            "eps_4q": 2.01,
            "eps_4q_growth_year": 0.14,
            "roe": 0.55,
            "roe_4q": 7.1,
            "gross_profit": 59903,
            "gross_margin": 33.75,
            "gross_margin_4q_avg": 32.27,
            "net_income": 17867,
            "net_income_4q": null,
            "revenue": 177506,
            "revenue_4q": null,
            "common_shares": 1155364,
            "book_valuer_per_share": 27.78,
            "book_valuer_per_share_4q_avg": 28.21,
            "equity": 3232949,
            "current_ratio": 1668.19,
            "debt_ratio": 3.54,
            "inventory_turnover_ratio": 1.35,
            "account_receivable_turnover_ratio": 1.83,
            "reinvestment_rate": -63.17,
            "research_to_sale_ratio": null,
            "price_fair": 72.36,
            "eps_avg_yearly": 2.07,
            "eps_latest_yearly": 0.6,
            "eps_growth_yearly": 1035.67
        },
        "20151": {
            "year_quarter": 20151,
            "year": 2015,
            "quarter": 1,
            "eps": 0.14,
            "eps_growth_year": 0,
            "eps_4q": 2.01,
            "eps_4q_growth_year": 1.1,
            "roe": 0.5,
            "roe_4q": 7.09,
            "gross_profit": 56474,
            "gross_margin": 33.57,
            "gross_margin_4q_avg": 32.03,
            "net_income": 16528,
            "net_income_4q": null,
            "revenue": 168233,
            "revenue_4q": null,
            "common_shares": 1155364,
            "book_valuer_per_share": 29.58,
            "book_valuer_per_share_4q_avg": 28.43,
            "equity": 3440622,
            "current_ratio": 1784.29,
            "debt_ratio": 3.25,
            "inventory_turnover_ratio": 1.2,
            "account_receivable_turnover_ratio": 1.75,
            "reinvestment_rate": -21.13,
            "research_to_sale_ratio": null,
            "price_fair": 71.93,
            "eps_avg_yearly": 2.06,
            "eps_latest_yearly": 0.56,
            "eps_growth_yearly": 1046.17
        },
        "20152": {
            "year_quarter": 20152,
            "year": 2015,
            "quarter": 2,
            "eps": 0.6,
            "eps_growth_year": 9.09,
            "eps_4q": 2.06,
            "eps_4q_growth_year": -17.22,
            "roe": 2.13,
            "roe_4q": 7.31,
            "gross_profit": 56034,
            "gross_margin": 30.01,
            "gross_margin_4q_avg": 32.12,
            "net_income": 69454,
            "net_income_4q": null,
            "revenue": 186705,
            "revenue_4q": null,
            "common_shares": 1155364,
            "book_valuer_per_share": 26.49,
            "book_valuer_per_share_4q_avg": 27.91,
            "equity": 3083590,
            "current_ratio": 453.37,
            "debt_ratio": 10.86,
            "inventory_turnover_ratio": 1.57,
            "account_receivable_turnover_ratio": 1.81,
            "reinvestment_rate": -25.55,
            "research_to_sale_ratio": null,
            "price_fair": 71.14,
            "eps_avg_yearly": 2.03,
            "eps_latest_yearly": 2.4,
            "eps_growth_yearly": 1062.52
        },
        "20153": {
            "year_quarter": 20153,
            "year": 2015,
            "quarter": 3,
            "eps": 1.12,
            "eps_growth_year": -4.27,
            "eps_4q": 2.02,
            "eps_4q_growth_year": -15.41,
            "roe": 4.39,
            "roe_4q": 7.569999999999999,
            "gross_profit": 60921,
            "gross_margin": 29.73,
            "gross_margin_4q_avg": 31.77,
            "net_income": 130046,
            "net_income_4q": null,
            "revenue": 204942,
            "revenue_4q": null,
            "common_shares": 1155364,
            "book_valuer_per_share": 24.44,
            "book_valuer_per_share_4q_avg": 27.07,
            "equity": 2847030,
            "current_ratio": 1459.8,
            "debt_ratio": 4.02,
            "inventory_turnover_ratio": 1.38,
            "account_receivable_turnover_ratio": 1.87,
            "reinvestment_rate": -16.87,
            "research_to_sale_ratio": null,
            "price_fair": 71.23,
            "eps_avg_yearly": 2.04,
            "eps_latest_yearly": 4.48,
            "eps_growth_yearly": 1068.97
        },
        "20154": {
            "year_quarter": 20154,
            "year": 2015,
            "quarter": 4,
            "eps": 0.12,
            "eps_growth_year": -24.26,
            "eps_4q": 1.98,
            "eps_4q_growth_year": -1.41,
            "roe": 0.52,
            "roe_4q": 7.54,
            "gross_profit": 62517,
            "gross_margin": 30.1,
            "gross_margin_4q_avg": 30.85,
            "net_income": 14834,
            "net_income_4q": null,
            "revenue": 207677,
            "revenue_4q": null,
            "common_shares": 1155364,
            "book_valuer_per_share": 24.42,
            "book_valuer_per_share_4q_avg": 26.23,
            "equity": 2845723,
            "current_ratio": 1433.23,
            "debt_ratio": 4.11,
            "inventory_turnover_ratio": 1.02,
            "account_receivable_turnover_ratio": 1.87,
            "reinvestment_rate": -15.46,
            "research_to_sale_ratio": null,
            "price_fair": 71.93,
            "eps_avg_yearly": 2.06,
            "eps_latest_yearly": 0.48,
            "eps_growth_yearly": 1070.75
        },
        "20161": {
            "year_quarter": 20161,
            "year": 2016,
            "quarter": 1,
            "eps": 0.29,
            "eps_growth_year": 107.14,
            "eps_4q": 2.13,
            "eps_4q_growth_year": 5.77,
            "roe": 1.15,
            "roe_4q": 8.19,
            "gross_profit": 67887,
            "gross_margin": 34.26,
            "gross_margin_4q_avg": 31.03,
            "net_income": 33549,
            "net_income_4q": null,
            "revenue": 198131,
            "revenue_4q": null,
            "common_shares": 1155364,
            "book_valuer_per_share": 25.8,
            "book_valuer_per_share_4q_avg": 25.29,
            "equity": 3005413,
            "current_ratio": 1484.48,
            "debt_ratio": 3.71,
            "inventory_turnover_ratio": 0.91,
            "account_receivable_turnover_ratio": 1.71,
            "reinvestment_rate": -26.15,
            "research_to_sale_ratio": null,
            "price_fair": 73.5,
            "eps_avg_yearly": 2.1,
            "eps_latest_yearly": 1.16,
            "eps_growth_yearly": 1062.42
        },
        "20162": {
            "year_quarter": 20162,
            "year": 2016,
            "quarter": 2,
            "eps": 0.26,
            "eps_growth_year": -56.67,
            "eps_4q": 1.79,
            "eps_4q_growth_year": -13.23,
            "roe": 1.05,
            "roe_4q": 7.109999999999999,
            "gross_profit": 59184,
            "gross_margin": 30.27,
            "gross_margin_4q_avg": 31.09,
            "net_income": 31037,
            "net_income_4q": null,
            "revenue": 195510,
            "revenue_4q": null,
            "common_shares": 1155364,
            "book_valuer_per_share": 25.06,
            "book_valuer_per_share_4q_avg": 24.93,
            "equity": 2920586,
            "current_ratio": 393.65,
            "debt_ratio": 11.61,
            "inventory_turnover_ratio": 1.03,
            "account_receivable_turnover_ratio": 1.81,
            "reinvestment_rate": -0.18,
            "research_to_sale_ratio": null,
            "price_fair": 74.11,
            "eps_avg_yearly": 2.12,
            "eps_latest_yearly": 1.04,
            "eps_growth_yearly": 1041.65
        },
        "20163": {
            "year_quarter": 20163,
            "year": 2016,
            "quarter": 3,
            "eps": 1.51,
            "eps_growth_year": 34.82,
            "eps_4q": 2.18,
            "eps_4q_growth_year": 7.84,
            "roe": 5.9,
            "roe_4q": 8.62,
            "gross_profit": 51704,
            "gross_margin": 29.17,
            "gross_margin_4q_avg": 30.95,
            "net_income": 174887,
            "net_income_4q": null,
            "revenue": 177242,
            "revenue_4q": null,
            "common_shares": 1155364,
            "book_valuer_per_share": 25.86,
            "book_valuer_per_share_4q_avg": 25.29,
            "equity": 3011072,
            "current_ratio": 1181.6,
            "debt_ratio": 4.11,
            "inventory_turnover_ratio": 0.9,
            "account_receivable_turnover_ratio": 1.86,
            "reinvestment_rate": -8.95,
            "research_to_sale_ratio": null,
            "price_fair": 75.08,
            "eps_avg_yearly": 2.15,
            "eps_latest_yearly": 6.04,
            "eps_growth_yearly": 1002.63
        },
        "20164": {
            "year_quarter": 20164,
            "year": 2016,
            "quarter": 4,
            "eps": -0.04,
            "eps_growth_year": -133.88,
            "eps_4q": 2.02,
            "eps_4q_growth_year": 2.02,
            "roe": -0.13,
            "roe_4q": 7.970000000000001,
            "gross_profit": 50151,
            "gross_margin": 28.64,
            "gross_margin_4q_avg": 30.59,
            "net_income": -4077,
            "net_income_4q": null,
            "revenue": 175138,
            "revenue_4q": null,
            "common_shares": 1155364,
            "book_valuer_per_share": 26.21,
            "book_valuer_per_share_4q_avg": 25.73,
            "equity": 3052362,
            "current_ratio": 1254.41,
            "debt_ratio": 3.72,
            "inventory_turnover_ratio": 0.84,
            "account_receivable_turnover_ratio": 1.7,
            "reinvestment_rate": -2.3,
            "research_to_sale_ratio": null,
            "price_fair": 75.23,
            "eps_avg_yearly": 2.15,
            "eps_latest_yearly": 6.04,
            "eps_growth_yearly": 1086.23
        },
        "20171": {
            "year_quarter": 20171,
            "year": 2017,
            "quarter": 1,
            "eps": 0.63,
            "eps_growth_year": 117.24,
            "eps_4q": 2.37,
            "eps_4q_growth_year": 11.35,
            "roe": 2.41,
            "roe_4q": 9.23,
            "gross_profit": 55925,
            "gross_margin": 29.79,
            "gross_margin_4q_avg": 29.47,
            "net_income": 73367,
            "net_income_4q": null,
            "revenue": 187752,
            "revenue_4q": null,
            "common_shares": 1155364,
            "book_valuer_per_share": 26.17,
            "book_valuer_per_share_4q_avg": 25.83,
            "equity": 3047472,
            "current_ratio": 1150.21,
            "debt_ratio": 3.98,
            "inventory_turnover_ratio": 0.98,
            "account_receivable_turnover_ratio": 1.76,
            "reinvestment_rate": 14.46,
            "research_to_sale_ratio": null,
            "price_fair": 79,
            "eps_avg_yearly": 2.26,
            "eps_latest_yearly": 6.04,
            "eps_growth_yearly": 1183.6
        },
        "20172": {
            "year_quarter": 20172,
            "year": 2017,
            "quarter": 2,
            "eps": 0.02,
            "eps_growth_year": -92.31,
            "eps_4q": 2.08,
            "eps_4q_growth_year": 16.3,
            "roe": -0.06,
            "roe_4q": 8.120000000000001,
            "gross_profit": 46003,
            "gross_margin": 26.78,
            "gross_margin_4q_avg": 28.6,
            "net_income": -1931,
            "net_income_4q": null,
            "revenue": 171768,
            "revenue_4q": null,
            "common_shares": 1155364,
            "book_valuer_per_share": 25.16,
            "book_valuer_per_share_4q_avg": 25.85,
            "equity": 2930839,
            "current_ratio": 393.05,
            "debt_ratio": 10.49,
            "inventory_turnover_ratio": 1.06,
            "account_receivable_turnover_ratio": 1.77,
            "reinvestment_rate": 20.04,
            "research_to_sale_ratio": null,
            "price_fair": 78.8,
            "eps_avg_yearly": 2.25,
            "eps_latest_yearly": 0.08,
            "eps_growth_yearly": 1177.37
        },
        "20173": {
            "year_quarter": 20173,
            "year": 2017,
            "quarter": 3,
            "eps": 0.85,
            "eps_growth_year": -43.71,
            "eps_4q": 1.42,
            "eps_4q_growth_year": -34.55,
            "roe": 3.32,
            "roe_4q": 5.54,
            "gross_profit": 49144,
            "gross_margin": 27.3,
            "gross_margin_4q_avg": 28.13,
            "net_income": 98759,
            "net_income_4q": null,
            "revenue": 180013,
            "revenue_4q": null,
            "common_shares": 1155364,
            "book_valuer_per_share": 25.91,
            "book_valuer_per_share_4q_avg": 25.86,
            "equity": 3016779,
            "current_ratio": 1105.24,
            "debt_ratio": 3.83,
            "inventory_turnover_ratio": 1.15,
            "account_receivable_turnover_ratio": 2.11,
            "reinvestment_rate": 23.28,
            "research_to_sale_ratio": null,
            "price_fair": 74.5,
            "eps_avg_yearly": 2.13,
            "eps_latest_yearly": 3.4,
            "eps_growth_yearly": 1477.37
        },
        "20174": {
            "year_quarter": 20174,
            "year": 2017,
            "quarter": 4,
            "eps": 0.25,
            "eps_growth_year": null,
            "eps_4q": 1.72,
            "eps_4q_growth_year": -14.97,
            "roe": 1.01,
            "roe_4q": 6.680000000000001,
            "gross_profit": 47057,
            "gross_margin": 28.23,
            "gross_margin_4q_avg": 28.03,
            "net_income": 30200,
            "net_income_4q": null,
            "revenue": 166670,
            "revenue_4q": null,
            "common_shares": 1155364,
            "book_valuer_per_share": 25.52,
            "book_valuer_per_share_4q_avg": 25.69,
            "equity": 2971590,
            "current_ratio": 1093.21,
            "debt_ratio": 4.01,
            "inventory_turnover_ratio": 1.11,
            "account_receivable_turnover_ratio": 1.84,
            "reinvestment_rate": 22.17,
            "research_to_sale_ratio": null,
            "price_fair": 71.7,
            "eps_avg_yearly": 2.05,
            "eps_latest_yearly": 1,
            "eps_growth_yearly": 1473.94
        },
        "20181": {
            "year_quarter": 20181,
            "year": 2018,
            "quarter": 1,
            "eps": 0.02,
            "eps_growth_year": -96.83,
            "eps_4q": 1.1,
            "eps_4q_growth_year": -53.35,
            "roe": 0.09,
            "roe_4q": 4.36,
            "gross_profit": 50286,
            "gross_margin": 29.68,
            "gross_margin_4q_avg": 28,
            "net_income": 2700,
            "net_income_4q": null,
            "revenue": 169417,
            "revenue_4q": null,
            "common_shares": 1155364,
            "book_valuer_per_share": 25.08,
            "book_valuer_per_share_4q_avg": 25.42,
            "equity": 2921654,
            "current_ratio": 1050.59,
            "debt_ratio": 3.93,
            "inventory_turnover_ratio": 1.17,
            "account_receivable_turnover_ratio": 1.83,
            "reinvestment_rate": -181.84,
            "research_to_sale_ratio": null,
            "price_fair": 70.5,
            "eps_avg_yearly": 2.01,
            "eps_latest_yearly": 0.08,
            "eps_growth_yearly": 1468.68
        },
        "20182": {
            "year_quarter": 20182,
            "year": 2018,
            "quarter": 2,
            "eps": -0.02,
            "eps_growth_year": -200,
            "eps_4q": 1.11,
            "eps_4q_growth_year": -46.9,
            "roe": -0.06,
            "roe_4q": 4.359999999999999,
            "gross_profit": 37848,
            "gross_margin": 27.98,
            "gross_margin_4q_avg": 28.3,
            "net_income": -1749,
            "net_income_4q": null,
            "revenue": 135253,
            "revenue_4q": null,
            "common_shares": 1155364,
            "book_valuer_per_share": 25.17,
            "book_valuer_per_share_4q_avg": 25.42,
            "equity": 2931133,
            "current_ratio": 339.62,
            "debt_ratio": 10.29,
            "inventory_turnover_ratio": 1.08,
            "account_receivable_turnover_ratio": 1.63,
            "reinvestment_rate": -218.78,
            "research_to_sale_ratio": null,
            "price_fair": 70,
            "eps_avg_yearly": 2,
            "eps_latest_yearly": 0.08,
            "eps_growth_yearly": 1491.54
        },
        "20183": {
            "year_quarter": 20183,
            "year": 2018,
            "quarter": 3,
            "eps": 0.8,
            "eps_growth_year": -5.88,
            "eps_4q": 1.06,
            "eps_4q_growth_year": -25.77,
            "roe": 3.25,
            "roe_4q": 4.29,
            "gross_profit": 32085,
            "gross_margin": 27.43,
            "gross_margin_4q_avg": 28.33,
            "net_income": 93280,
            "net_income_4q": null,
            "revenue": 116988,
            "revenue_4q": null,
            "common_shares": 1155364,
            "book_valuer_per_share": 24.05,
            "book_valuer_per_share_4q_avg": 24.96,
            "equity": 2802051,
            "current_ratio": 1013.76,
            "debt_ratio": 3.88,
            "inventory_turnover_ratio": 1.01,
            "account_receivable_turnover_ratio": 1.58,
            "reinvestment_rate": -210.42,
            "research_to_sale_ratio": null,
            "price_fair": 62.18,
            "eps_avg_yearly": 1.78,
            "eps_latest_yearly": 0.08,
            "eps_growth_yearly": 1578.26
        },
        "20184": {
            "year_quarter": 20184,
            "year": 2018,
            "quarter": 4,
            "eps": -0.05,
            "eps_growth_year": -121.42,
            "eps_4q": 0.75,
            "eps_4q_growth_year": -56.48,
            "roe": -0.21,
            "roe_4q": 3.07,
            "gross_profit": 32826,
            "gross_margin": 15.14,
            "gross_margin_4q_avg": 25.06,
            "net_income": -5731,
            "net_income_4q": null,
            "revenue": 216778,
            "revenue_4q": null,
            "common_shares": 1155364,
            "book_valuer_per_share": 22.6,
            "book_valuer_per_share_4q_avg": 24.23,
            "equity": 2635826,
            "current_ratio": 1166.73,
            "debt_ratio": 4.03,
            "inventory_turnover_ratio": 2.33,
            "account_receivable_turnover_ratio": 1.66,
            "reinvestment_rate": -217.32,
            "research_to_sale_ratio": null,
            "price_fair": 65.93,
            "eps_avg_yearly": 1.88,
            "eps_latest_yearly": 0.08,
            "eps_growth_yearly": 1753.44
        },
        "20191": {
            "year_quarter": 20191,
            "year": 2019,
            "quarter": 1,
            "eps": -0.02,
            "eps_growth_year": -200,
            "eps_4q": 0.71,
            "eps_4q_growth_year": -35.73,
            "roe": -0.06,
            "roe_4q": 2.92,
            "gross_profit": 29457,
            "gross_margin": 13.25,
            "gross_margin_4q_avg": 20.95,
            "net_income": -1754,
            "net_income_4q": null,
            "revenue": 222391,
            "revenue_4q": null,
            "common_shares": 1155364,
            "book_valuer_per_share": 23.68,
            "book_valuer_per_share_4q_avg": 23.88,
            "equity": 2760813,
            "current_ratio": 1187.99,
            "debt_ratio": 3.78,
            "inventory_turnover_ratio": 2.43,
            "account_receivable_turnover_ratio": 1.03,
            "reinvestment_rate": -242.28,
            "research_to_sale_ratio": null,
            "price_fair": 70.56,
            "eps_avg_yearly": 2.02,
            "eps_latest_yearly": 0.08,
            "eps_growth_yearly": 1931.45
        },
        "20192": {
            "year_quarter": 20192,
            "year": 2019,
            "quarter": 2,
            "eps": 0,
            "eps_growth_year": null,
            "eps_4q": 0.73,
            "eps_4q_growth_year": -34.4,
            "roe": -0.01,
            "roe_4q": 2.97,
            "gross_profit": 29568,
            "gross_margin": 12.92,
            "gross_margin_4q_avg": 17.19,
            "net_income": -396,
            "net_income_4q": null,
            "revenue": 228883,
            "revenue_4q": null,
            "common_shares": 1155364,
            "book_valuer_per_share": 22.24,
            "book_valuer_per_share_4q_avg": 23.14,
            "equity": 2594459,
            "current_ratio": 402.29,
            "debt_ratio": 10.44,
            "inventory_turnover_ratio": 2.54,
            "account_receivable_turnover_ratio": 1,
            "reinvestment_rate": -257.34,
            "research_to_sale_ratio": null,
            "price_fair": 69.07,
            "eps_avg_yearly": 1.97,
            "eps_latest_yearly": 0.08,
            "eps_growth_yearly": 2000.03
        },
        "20193": {
            "year_quarter": 20193,
            "year": 2019,
            "quarter": 3,
            "eps": 0.76,
            "eps_growth_year": -5,
            "eps_4q": 0.69,
            "eps_4q_growth_year": -35.01,
            "roe": 3.41,
            "roe_4q": 3.1300000000000003,
            "gross_profit": 34865,
            "gross_margin": 19.47,
            "gross_margin_4q_avg": 15.2,
            "net_income": 88587,
            "net_income_4q": null,
            "revenue": 179087,
            "revenue_4q": null,
            "common_shares": 1155364,
            "book_valuer_per_share": 22.31,
            "book_valuer_per_share_4q_avg": 22.71,
            "equity": 2601133,
            "current_ratio": 948.75,
            "debt_ratio": 4.43,
            "inventory_turnover_ratio": 2.09,
            "account_receivable_turnover_ratio": 0.92,
            "reinvestment_rate": -228.09,
            "research_to_sale_ratio": null,
            "price_fair": 58.1,
            "eps_avg_yearly": 1.66,
            "eps_latest_yearly": 0.08,
            "eps_growth_yearly": 2206.7
        },
        "20194": {
            "year_quarter": 20194,
            "year": 2019,
            "quarter": 4,
            "eps": -0.06,
            "eps_growth_year": null,
            "eps_4q": 0.68,
            "eps_4q_growth_year": -8.64,
            "roe": -0.24,
            "roe_4q": 3.1,
            "gross_profit": 32682,
            "gross_margin": 14.7,
            "gross_margin_4q_avg": 15.09,
            "net_income": -6291,
            "net_income_4q": null,
            "revenue": 222295,
            "revenue_4q": null,
            "common_shares": 1155364,
            "book_valuer_per_share": 22.45,
            "book_valuer_per_share_4q_avg": 22.67,
            "equity": 2616766,
            "current_ratio": 985.52,
            "debt_ratio": 4.5,
            "inventory_turnover_ratio": 2.98,
            "account_receivable_turnover_ratio": 1.23,
            "reinvestment_rate": -234.12,
            "research_to_sale_ratio": null,
            "price_fair": 64,
            "eps_avg_yearly": 1.83,
            "eps_latest_yearly": 0.08,
            "eps_growth_yearly": 2572.96
        },
        "20201": {
            "year_quarter": 20201,
            "year": 2020,
            "quarter": 1,
            "eps": -0.04,
            "eps_growth_year": null,
            "eps_4q": 0.66,
            "eps_4q_growth_year": -7.37,
            "roe": -0.21,
            "roe_4q": 2.95,
            "gross_profit": 27857,
            "gross_margin": 15.6,
            "gross_margin_4q_avg": 15.67,
            "net_income": -5100,
            "net_income_4q": null,
            "revenue": 178580,
            "revenue_4q": null,
            "common_shares": 1155364,
            "book_valuer_per_share": 19.82,
            "book_valuer_per_share_4q_avg": 21.71,
            "equity": 2312976,
            "current_ratio": 415.7,
            "debt_ratio": 9.89,
            "inventory_turnover_ratio": 2.36,
            "account_receivable_turnover_ratio": 1.05,
            "reinvestment_rate": -270.6,
            "research_to_sale_ratio": null,
            "price_fair": 67.9,
            "eps_avg_yearly": 1.94,
            "eps_latest_yearly": 0.08,
            "eps_growth_yearly": 2907.34
        },
        "20202": {
            "year_quarter": 20202,
            "year": 2020,
            "quarter": 2,
            "eps": -0.07,
            "eps_growth_year": null,
            "eps_4q": 0.6,
            "eps_4q_growth_year": -17.79,
            "roe": -0.32,
            "roe_4q": 2.64,
            "gross_profit": 20632,
            "gross_margin": 13.75,
            "gross_margin_4q_avg": 15.88,
            "net_income": -7647,
            "net_income_4q": null,
            "revenue": 150041,
            "revenue_4q": null,
            "common_shares": 1155364,
            "book_valuer_per_share": 20.99,
            "book_valuer_per_share_4q_avg": 21.39,
            "equity": 2448119,
            "current_ratio": 407.82,
            "debt_ratio": 9.52,
            "inventory_turnover_ratio": 1.99,
            "account_receivable_turnover_ratio": 0.92,
            "reinvestment_rate": -315.21,
            "research_to_sale_ratio": null,
            "price_fair": 74.2,
            "eps_avg_yearly": 2.12,
            "eps_latest_yearly": 0.08,
            "eps_growth_yearly": 3497.08
        },
        "20203": {
            "year_quarter": 20203,
            "year": 2020,
            "quarter": 3,
            "eps": 0.65,
            "eps_growth_year": -14.47,
            "eps_4q": 0.48,
            "eps_4q_growth_year": -29.97,
            "roe": 3.07,
            "roe_4q": 2.3,
            "gross_profit": 31522,
            "gross_margin": 18.85,
            "gross_margin_4q_avg": 15.73,
            "net_income": 76270,
            "net_income_4q": null,
            "revenue": 167193,
            "revenue_4q": null,
            "common_shares": 1155364,
            "book_valuer_per_share": 21.6,
            "book_valuer_per_share_4q_avg": 21.22,
            "equity": 2518107,
            "current_ratio": 1111.04,
            "debt_ratio": 3.62,
            "inventory_turnover_ratio": 2.14,
            "account_receivable_turnover_ratio": 1.07,
            "reinvestment_rate": -385.16,
            "research_to_sale_ratio": null,
            "price_fair": 39.9,
            "eps_avg_yearly": 1.14,
            "eps_latest_yearly": 0.08,
            "eps_growth_yearly": 3890.59
        },
        "20204": {
            "year_quarter": 20204,
            "year": 2020,
            "quarter": 4,
            "eps": -0.06,
            "eps_growth_year": null,
            "eps_4q": 0.48,
            "eps_4q_growth_year": -30.26,
            "roe": -0.28,
            "roe_4q": 2.2600000000000002,
            "gross_profit": 28028,
            "gross_margin": 17.84,
            "gross_margin_4q_avg": 16.51,
            "net_income": -7215,
            "net_income_4q": null,
            "revenue": 157137,
            "revenue_4q": null,
            "common_shares": 1155364,
            "book_valuer_per_share": 22.77,
            "book_valuer_per_share_4q_avg": 21.3,
            "equity": 2653280,
            "current_ratio": 827.2,
            "debt_ratio": 4.58,
            "inventory_turnover_ratio": 2.12,
            "account_receivable_turnover_ratio": 1.17,
            "reinvestment_rate": -394.29,
            "research_to_sale_ratio": null,
            "price_fair": 39.9,
            "eps_avg_yearly": 1.14,
            "eps_latest_yearly": 0.08,
            "eps_growth_yearly": 3890.59
        },
        "20211": {
            "year_quarter": 20211,
            "year": 2021,
            "quarter": 1,
            "eps": -0.07,
            "eps_growth_year": null,
            "eps_4q": 0.45,
            "eps_4q_growth_year": -31.64,
            "roe": -0.3,
            "roe_4q": 2.17,
            "gross_profit": 25149,
            "gross_margin": 16.4,
            "gross_margin_4q_avg": 16.71,
            "net_income": -8009,
            "net_income_4q": null,
            "revenue": 153362,
            "revenue_4q": null,
            "common_shares": 1155364,
            "book_valuer_per_share": 23.34,
            "book_valuer_per_share_4q_avg": 22.18,
            "equity": 2720185,
            "current_ratio": 446.29,
            "debt_ratio": 7.41,
            "inventory_turnover_ratio": 1.81,
            "account_receivable_turnover_ratio": 1.15,
            "reinvestment_rate": -490.36,
            "research_to_sale_ratio": null,
            "price_fair": 39.9,
            "eps_avg_yearly": 1.14,
            "eps_latest_yearly": 0.08,
            "eps_growth_yearly": 3890.59
        },
        "20212": {
            "year_quarter": 20212,
            "year": 2021,
            "quarter": 2,
            "eps": -0.03,
            "eps_growth_year": null,
            "eps_4q": 0.48,
            "eps_4q_growth_year": -18.69,
            "roe": -0.13,
            "roe_4q": 2.36,
            "gross_profit": 22757,
            "gross_margin": 14.98,
            "gross_margin_4q_avg": 17.02,
            "net_income": -3472,
            "net_income_4q": null,
            "revenue": 151899,
            "revenue_4q": null,
            "common_shares": 1155364,
            "book_valuer_per_share": 23.91,
            "book_valuer_per_share_4q_avg": 22.91,
            "equity": 2784795,
            "current_ratio": 473.23,
            "debt_ratio": 7.11,
            "inventory_turnover_ratio": 1.48,
            "account_receivable_turnover_ratio": 1.17,
            "reinvestment_rate": -534.25,
            "research_to_sale_ratio": null,
            "price_fair": 52.27,
            "eps_avg_yearly": 1.49,
            "eps_latest_yearly": 0.08,
            "eps_growth_yearly": 5316.55
        },
        "20213": {
            "year_quarter": 20213,
            "year": 2021,
            "quarter": 3,
            "eps": 0.77,
            "eps_growth_year": 18.46,
            "eps_4q": 0.61,
            "eps_4q_growth_year": 26.49,
            "roe": 3.21,
            "roe_4q": 2.5,
            "gross_profit": 21491,
            "gross_margin": 13.83,
            "gross_margin_4q_avg": 15.76,
            "net_income": 89448,
            "net_income_4q": null,
            "revenue": 155339,
            "revenue_4q": null,
            "common_shares": 1155364,
            "book_valuer_per_share": 23.91,
            "book_valuer_per_share_4q_avg": 23.48,
            "equity": 2784617,
            "current_ratio": 946.79,
            "debt_ratio": 4.1,
            "inventory_turnover_ratio": 1.67,
            "account_receivable_turnover_ratio": 1.32,
            "reinvestment_rate": -544.44,
            "research_to_sale_ratio": null,
            "price_fair": 1.62,
            "eps_avg_yearly": 0.54,
            "eps_latest_yearly": 0.08,
            "eps_growth_yearly": -325.18
        },
        "20214": {
            "year_quarter": 20214,
            "year": 2021,
            "quarter": 4,
            "eps": 0.56,
            "eps_growth_year": null,
            "eps_4q": 1.23,
            "eps_4q_growth_year": 158.64,
            "roe": 2.22,
            "roe_4q": 5,
            "gross_profit": 20857,
            "gross_margin": 14.8,
            "gross_margin_4q_avg": 15,
            "net_income": 64739,
            "net_income_4q": null,
            "revenue": 140888,
            "revenue_4q": null,
            "common_shares": 1155364,
            "book_valuer_per_share": 26.13,
            "book_valuer_per_share_4q_avg": 24.32,
            "equity": 3040857,
            "current_ratio": 1346.44,
            "debt_ratio": 3.45,
            "inventory_turnover_ratio": 1.65,
            "account_receivable_turnover_ratio": 1.2,
            "reinvestment_rate": -480.72,
            "research_to_sale_ratio": null,
            "price_fair": 3.48,
            "eps_avg_yearly": 1.16,
            "eps_latest_yearly": 2.24,
            "eps_growth_yearly": -238.55
        },
        "20221": {
            "year_quarter": 20221,
            "year": 2022,
            "quarter": 1,
            "eps": -0.05,
            "eps_growth_year": null,
            "eps_4q": 1.26,
            "eps_4q_growth_year": 179.78,
            "roe": -0.16,
            "roe_4q": 5.14,
            "gross_profit": 17912,
            "gross_margin": 14.9,
            "gross_margin_4q_avg": 14.63,
            "net_income": -4968,
            "net_income_4q": null,
            "revenue": 120213,
            "revenue_4q": null,
            "common_shares": 1155364,
            "book_valuer_per_share": 25.86,
            "book_valuer_per_share_4q_avg": 24.95,
            "equity": 3010596,
            "current_ratio": 325.58,
            "debt_ratio": 7.76,
            "inventory_turnover_ratio": 1.38,
            "account_receivable_turnover_ratio": 1.08,
            "reinvestment_rate": -13.99,
            "research_to_sale_ratio": null,
            "price_fair": 6.72,
            "eps_avg_yearly": 2.24,
            "eps_latest_yearly": 2.24,
            "eps_growth_yearly": -109.09
        },
        "20222": {
            "year_quarter": 20222,
            "year": 2022,
            "quarter": 2,
            "eps": -0.01,
            "eps_growth_year": null,
            "eps_4q": 1.28,
            "eps_4q_growth_year": 163.6,
            "roe": -0.04,
            "roe_4q": 5.23,
            "gross_profit": 15504,
            "gross_margin": 12.36,
            "gross_margin_4q_avg": 13.97,
            "net_income": -1185,
            "net_income_4q": null,
            "revenue": 125399,
            "revenue_4q": null,
            "common_shares": 1155364,
            "book_valuer_per_share": 25.55,
            "book_valuer_per_share_4q_avg": 25.36,
            "equity": 2974723,
            "current_ratio": 302.98,
            "debt_ratio": 7.72,
            "inventory_turnover_ratio": 1.55,
            "account_receivable_turnover_ratio": 1.29,
            "reinvestment_rate": -13.71,
            "research_to_sale_ratio": null,
            "price_fair": 6.72,
            "eps_avg_yearly": 2.24,
            "eps_latest_yearly": 2.24,
            "eps_growth_yearly": -109.09
        },
        "20223": {
            "year_quarter": 20223,
            "year": 2022,
            "quarter": 3,
            "eps": 0.92,
            "eps_growth_year": 19.48,
            "eps_4q": 1.43,
            "eps_4q_growth_year": 134.65,
            "roe": 3.69,
            "roe_4q": 5.71,
            "gross_profit": 19918,
            "gross_margin": 17.01,
            "gross_margin_4q_avg": 14.77,
            "net_income": 106950,
            "net_income_4q": null,
            "revenue": 117070,
            "revenue_4q": null,
            "common_shares": 1155364,
            "book_valuer_per_share": 24.28,
            "book_valuer_per_share_4q_avg": 25.46,
            "equity": 2828576,
            "current_ratio": 918.16,
            "debt_ratio": 3.83,
            "inventory_turnover_ratio": 1.39,
            "account_receivable_turnover_ratio": 1.29,
            "reinvestment_rate": -12.9,
            "research_to_sale_ratio": null,
            "price_fair": 6.72,
            "eps_avg_yearly": 2.24,
            "eps_latest_yearly": 2.24,
            "eps_growth_yearly": -109.09
        },
        "20224": {
            "year_quarter": 20224,
            "year": 2022,
            "quarter": 4,
            "eps": -0.04,
            "eps_growth_year": -106.59,
            "eps_4q": 0.83,
            "eps_4q_growth_year": -32.59,
            "roe": -0.15,
            "roe_4q": 3.34,
            "gross_profit": 22078,
            "gross_margin": 16.09,
            "gross_margin_4q_avg": 15.09,
            "net_income": -4295,
            "net_income_4q": null,
            "revenue": 137251,
            "revenue_4q": null,
            "common_shares": 1155364,
            "book_valuer_per_share": 24.7,
            "book_valuer_per_share_4q_avg": 25.1,
            "equity": 2877041,
            "current_ratio": 989.61,
            "debt_ratio": 3.71,
            "inventory_turnover_ratio": 1.64,
            "account_receivable_turnover_ratio": 1.42,
            "reinvestment_rate": -12.6,
            "research_to_sale_ratio": null,
            "price_fair": 6.72,
            "eps_avg_yearly": 2.24,
            "eps_latest_yearly": 2.24,
            "eps_growth_yearly": -109.09
        },
        "20231": {
            "year_quarter": 20231,
            "year": 2023,
            "quarter": 1,
            "eps": 0.01,
            "eps_growth_year": null,
            "eps_4q": 0.89,
            "eps_4q_growth_year": -29.54,
            "roe": 0.04,
            "roe_4q": 3.54,
            "gross_profit": 25666,
            "gross_margin": 20.66,
            "gross_margin_4q_avg": 16.53,
            "net_income": 1196,
            "net_income_4q": null,
            "revenue": 124238,
            "revenue_4q": null,
            "common_shares": 1155364,
            "book_valuer_per_share": 24.11,
            "book_valuer_per_share_4q_avg": 24.66,
            "equity": 2809008,
            "current_ratio": 321.21,
            "debt_ratio": 7.87,
            "inventory_turnover_ratio": 1.37,
            "account_receivable_turnover_ratio": 1.3,
            "reinvestment_rate": -12.36,
            "research_to_sale_ratio": null,
            "price_fair": 6.72,
            "eps_avg_yearly": 2.24,
            "eps_latest_yearly": 2.24,
            "eps_growth_yearly": -109.09
        },
        "20232": {
            "year_quarter": 20232,
            "year": 2023,
            "quarter": 2,
            "eps": 0,
            "eps_growth_year": null,
            "eps_4q": 0.89,
            "eps_4q_growth_year": -30.08,
            "roe": -0.01,
            "roe_4q": 3.57,
            "gross_profit": 25365,
            "gross_margin": 19.45,
            "gross_margin_4q_avg": 18.3,
            "net_income": -244,
            "net_income_4q": null,
            "revenue": 130436,
            "revenue_4q": null,
            "common_shares": 1155364,
            "book_valuer_per_share": 25.53,
            "book_valuer_per_share_4q_avg": 24.66,
            "equity": 2972286,
            "current_ratio": 318.07,
            "debt_ratio": 7.68,
            "inventory_turnover_ratio": 1.36,
            "account_receivable_turnover_ratio": 1.54,
            "reinvestment_rate": -12.48,
            "research_to_sale_ratio": null,
            "price_fair": 6.72,
            "eps_avg_yearly": 2.24,
            "eps_latest_yearly": 2.24,
            "eps_growth_yearly": -109.09
        },
        "20233": {
            "year_quarter": 20233,
            "year": 2023,
            "quarter": 3,
            "eps": 1.01,
            "eps_growth_year": 9.78,
            "eps_4q": 0.98,
            "eps_4q_growth_year": -31.23,
            "roe": 3.71,
            "roe_4q": 3.5900000000000003,
            "gross_profit": 26879,
            "gross_margin": 21.04,
            "gross_margin_4q_avg": 19.31,
            "net_income": 117054,
            "net_income_4q": null,
            "revenue": 127778,
            "revenue_4q": null,
            "common_shares": 1155364,
            "book_valuer_per_share": 28.63,
            "book_valuer_per_share_4q_avg": 25.74,
            "equity": 3330965,
            "current_ratio": 841.34,
            "debt_ratio": 4.05,
            "inventory_turnover_ratio": 1.22,
            "account_receivable_turnover_ratio": 1.3,
            "reinvestment_rate": -11.31,
            "research_to_sale_ratio": null,
            "price_fair": 6.72,
            "eps_avg_yearly": 2.24,
            "eps_latest_yearly": 2.24,
            "eps_growth_yearly": -109.09
        },
        "20234": {
            "year_quarter": 20234,
            "year": 2023,
            "quarter": 4,
            "eps": -0.12,
            "eps_growth_year": null,
            "eps_4q": 0.9,
            "eps_4q_growth_year": 7.98,
            "roe": -0.39,
            "roe_4q": 3.35,
            "gross_profit": 18851,
            "gross_margin": 15.23,
            "gross_margin_4q_avg": 19.1,
            "net_income": -14176,
            "net_income_4q": null,
            "revenue": 123777,
            "revenue_4q": null,
            "common_shares": 1155364,
            "book_valuer_per_share": 33.23,
            "book_valuer_per_share_4q_avg": 27.88,
            "equity": 3861266,
            "current_ratio": 1043.76,
            "debt_ratio": 2.61,
            "inventory_turnover_ratio": 1.27,
            "account_receivable_turnover_ratio": 1.24,
            "reinvestment_rate": -11.1,
            "research_to_sale_ratio": null,
            "price_fair": 6.72,
            "eps_avg_yearly": 2.24,
            "eps_latest_yearly": 2.24,
            "eps_growth_yearly": -109.09
        }
    },
    "months": {
        "2002-01": {
            "month": "2002-01",
            "price": "74.50",
            "revenue": 396671
        },
        "2002-02": {
            "month": "2002-02",
            "price": "111.79",
            "revenue": 331113
        },
        "2002-03": {
            "month": "2002-03",
            "price": "140.60",
            "revenue": 377974
        },
        "2002-04": {
            "month": "2002-04",
            "price": "147.57",
            "revenue": 397814
        },
        "2002-05": {
            "month": "2002-05",
            "price": "128.41",
            "revenue": 455717
        },
        "2002-06": {
            "month": "2002-06",
            "price": "112.50",
            "revenue": 429618
        },
        "2002-07": {
            "month": "2002-07",
            "price": "89.52",
            "revenue": 402001
        },
        "2002-08": {
            "month": "2002-08",
            "price": "90.18",
            "revenue": 423653
        },
        "2002-09": {
            "month": "2002-09",
            "price": "87.68",
            "revenue": 447959
        },
        "2002-10": {
            "month": "2002-10",
            "price": "81.45",
            "revenue": 519891
        },
        "2002-11": {
            "month": "2002-11",
            "price": "82.02",
            "revenue": 541414
        },
        "2002-12": {
            "month": "2002-12",
            "price": "80.09",
            "revenue": 480225
        },
        "2003-01": {
            "month": "2003-01",
            "price": "73.84",
            "revenue": 485036
        },
        "2003-02": {
            "month": "2003-02",
            "price": "66.28",
            "revenue": 526271
        },
        "2003-03": {
            "month": "2003-03",
            "price": "61.50",
            "revenue": 636073
        },
        "2003-04": {
            "month": "2003-04",
            "price": "67.25",
            "revenue": 863408
        },
        "2003-05": {
            "month": "2003-05",
            "price": "73.45",
            "revenue": 722818
        },
        "2003-06": {
            "month": "2003-06",
            "price": "76.42",
            "revenue": 527765
        },
        "2003-07": {
            "month": "2003-07",
            "price": "69.96",
            "revenue": 585537
        },
        "2003-08": {
            "month": "2003-08",
            "price": "76.57",
            "revenue": 616556
        },
        "2003-09": {
            "month": "2003-09",
            "price": "72.48",
            "revenue": 784133
        },
        "2003-10": {
            "month": "2003-10",
            "price": "75.98",
            "revenue": 922828
        },
        "2003-11": {
            "month": "2003-11",
            "price": "80.18",
            "revenue": 851808
        },
        "2003-12": {
            "month": "2003-12",
            "price": "79.78",
            "revenue": 688422
        },
        "2004-01": {
            "month": "2004-01",
            "price": "83.30",
            "revenue": 675340
        },
        "2004-02": {
            "month": "2004-02",
            "price": "86.28",
            "revenue": 691440
        },
        "2004-03": {
            "month": "2004-03",
            "price": "80.87",
            "revenue": 694835
        },
        "2004-04": {
            "month": "2004-04",
            "price": "78.14",
            "revenue": 624419
        },
        "2004-05": {
            "month": "2004-05",
            "price": "65.26",
            "revenue": 779896
        },
        "2004-06": {
            "month": "2004-06",
            "price": "61.98",
            "revenue": 695295
        },
        "2004-07": {
            "month": "2004-07",
            "price": "52.80",
            "revenue": 883540
        },
        "2004-08": {
            "month": "2004-08",
            "price": "39.50",
            "revenue": 1037436
        },
        "2004-09": {
            "month": "2004-09",
            "price": "39.64",
            "revenue": 1041455
        },
        "2004-10": {
            "month": "2004-10",
            "price": "30.83",
            "revenue": 849179
        },
        "2004-11": {
            "month": "2004-11",
            "price": "28.13",
            "revenue": 805316
        },
        "2004-12": {
            "month": "2004-12",
            "price": "26.27",
            "revenue": 731495
        },
        "2005-01": {
            "month": "2005-01",
            "price": "23.00",
            "revenue": 212544
        },
        "2005-02": {
            "month": "2005-02",
            "price": "26.05",
            "revenue": 123044
        },
        "2005-03": {
            "month": "2005-03",
            "price": "27.10",
            "revenue": 204132
        },
        "2005-04": {
            "month": "2005-04",
            "price": "25.01",
            "revenue": 145067
        },
        "2005-05": {
            "month": "2005-05",
            "price": "23.97",
            "revenue": 151165
        },
        "2005-06": {
            "month": "2005-06",
            "price": "26.30",
            "revenue": 147851
        },
        "2005-07": {
            "month": "2005-07",
            "price": "26.77",
            "revenue": 120705
        },
        "2005-08": {
            "month": "2005-08",
            "price": "19.13",
            "revenue": 101187
        },
        "2005-09": {
            "month": "2005-09",
            "price": "17.51",
            "revenue": 133270
        },
        "2005-10": {
            "month": "2005-10",
            "price": "16.77",
            "revenue": 119654
        },
        "2005-11": {
            "month": "2005-11",
            "price": "16.25",
            "revenue": 122640
        },
        "2005-12": {
            "month": "2005-12",
            "price": "16.93",
            "revenue": 133318
        },
        "2006-01": {
            "month": "2006-01",
            "price": "16.37",
            "revenue": 200263
        },
        "2006-02": {
            "month": "2006-02",
            "price": "15.23",
            "revenue": 132115
        },
        "2006-03": {
            "month": "2006-03",
            "price": "13.83",
            "revenue": 209156
        },
        "2006-04": {
            "month": "2006-04",
            "price": "14.94",
            "revenue": 202438
        },
        "2006-05": {
            "month": "2006-05",
            "price": "17.90",
            "revenue": 191209
        },
        "2006-06": {
            "month": "2006-06",
            "price": "15.75",
            "revenue": 222863
        },
        "2006-07": {
            "month": "2006-07",
            "price": "15.70",
            "revenue": 161949
        },
        "2006-08": {
            "month": "2006-08",
            "price": "15.95",
            "revenue": 162519
        },
        "2006-09": {
            "month": "2006-09",
            "price": "15.46",
            "revenue": 172751
        },
        "2006-10": {
            "month": "2006-10",
            "price": "16.37",
            "revenue": 125567
        },
        "2006-11": {
            "month": "2006-11",
            "price": "16.85",
            "revenue": 111103
        },
        "2006-12": {
            "month": "2006-12",
            "price": "18.80",
            "revenue": 134583
        },
        "2007-01": {
            "month": "2007-01",
            "price": "19.03",
            "revenue": 204668
        },
        "2007-02": {
            "month": "2007-02",
            "price": "18.88",
            "revenue": 151323
        },
        "2007-03": {
            "month": "2007-03",
            "price": "19.61",
            "revenue": 173264
        },
        "2007-04": {
            "month": "2007-04",
            "price": "21.77",
            "revenue": 169853
        },
        "2007-05": {
            "month": "2007-05",
            "price": "22.76",
            "revenue": 151941
        },
        "2007-06": {
            "month": "2007-06",
            "price": "24.12",
            "revenue": 192077
        },
        "2007-07": {
            "month": "2007-07",
            "price": "26.44",
            "revenue": 96271
        },
        "2007-08": {
            "month": "2007-08",
            "price": "24.87",
            "revenue": 165920
        },
        "2007-09": {
            "month": "2007-09",
            "price": "25.39",
            "revenue": 132506
        },
        "2007-10": {
            "month": "2007-10",
            "price": "27.36",
            "revenue": 145010
        },
        "2007-11": {
            "month": "2007-11",
            "price": "25.47",
            "revenue": 127862
        },
        "2007-12": {
            "month": "2007-12",
            "price": "23.72",
            "revenue": 123015
        },
        "2008-01": {
            "month": "2008-01",
            "price": "23.29",
            "revenue": 205280
        },
        "2008-02": {
            "month": "2008-02",
            "price": "21.90",
            "revenue": 149795
        },
        "2008-03": {
            "month": "2008-03",
            "price": "23.95",
            "revenue": 170821
        },
        "2008-04": {
            "month": "2008-04",
            "price": "26.44",
            "revenue": 170117
        },
        "2008-05": {
            "month": "2008-05",
            "price": "27.75",
            "revenue": 152081
        },
        "2008-06": {
            "month": "2008-06",
            "price": "26.34",
            "revenue": 159665
        },
        "2008-07": {
            "month": "2008-07",
            "price": "21.83",
            "revenue": 115763
        },
        "2008-08": {
            "month": "2008-08",
            "price": "19.65",
            "revenue": 126606
        },
        "2008-09": {
            "month": "2008-09",
            "price": "15.71",
            "revenue": 119735
        },
        "2008-10": {
            "month": "2008-10",
            "price": "14.98",
            "revenue": 119912
        },
        "2008-11": {
            "month": "2008-11",
            "price": "13.03",
            "revenue": 114806
        },
        "2008-12": {
            "month": "2008-12",
            "price": "12.06",
            "revenue": 104988
        },
        "2009-01": {
            "month": "2009-01",
            "price": "12.26",
            "revenue": 142060
        },
        "2009-02": {
            "month": "2009-02",
            "price": "13.36",
            "revenue": 99239
        },
        "2009-03": {
            "month": "2009-03",
            "price": "17.68",
            "revenue": 118078
        },
        "2009-04": {
            "month": "2009-04",
            "price": "22.79",
            "revenue": 113372
        },
        "2009-05": {
            "month": "2009-05",
            "price": "23.91",
            "revenue": 99724
        },
        "2009-06": {
            "month": "2009-06",
            "price": "24.37",
            "revenue": 106382
        },
        "2009-07": {
            "month": "2009-07",
            "price": "22.35",
            "revenue": 119860
        },
        "2009-08": {
            "month": "2009-08",
            "price": "22.31",
            "revenue": 102469
        },
        "2009-09": {
            "month": "2009-09",
            "price": "22.71",
            "revenue": 105249
        },
        "2009-10": {
            "month": "2009-10",
            "price": "25.45",
            "revenue": 112192
        },
        "2009-11": {
            "month": "2009-11",
            "price": "26.23",
            "revenue": 96882
        },
        "2009-12": {
            "month": "2009-12",
            "price": "29.12",
            "revenue": 84274
        },
        "2010-01": {
            "month": "2010-01",
            "price": "36.19",
            "revenue": 86204
        },
        "2010-02": {
            "month": "2010-02",
            "price": "32.41",
            "revenue": 88744
        },
        "2010-03": {
            "month": "2010-03",
            "price": "34.91",
            "revenue": 71251
        },
        "2010-04": {
            "month": "2010-04",
            "price": "37.49",
            "revenue": 59243
        },
        "2010-05": {
            "month": "2010-05",
            "price": "35.60",
            "revenue": 68028
        },
        "2010-06": {
            "month": "2010-06",
            "price": "35.21",
            "revenue": 75841
        },
        "2010-07": {
            "month": "2010-07",
            "price": "33.99",
            "revenue": 77641
        },
        "2010-08": {
            "month": "2010-08",
            "price": "32.58",
            "revenue": 73880
        },
        "2010-09": {
            "month": "2010-09",
            "price": "33.75",
            "revenue": 79327
        },
        "2010-10": {
            "month": "2010-10",
            "price": "33.99",
            "revenue": 92421
        },
        "2010-11": {
            "month": "2010-11",
            "price": "33.64",
            "revenue": 79147
        },
        "2010-12": {
            "month": "2010-12",
            "price": "34.77",
            "revenue": 76377
        },
        "2011-01": {
            "month": "2011-01",
            "price": "35.10",
            "revenue": 107078
        },
        "2011-02": {
            "month": "2011-02",
            "price": "34.99",
            "revenue": 81063
        },
        "2011-03": {
            "month": "2011-03",
            "price": "37.10",
            "revenue": 86551
        },
        "2011-04": {
            "month": "2011-04",
            "price": "40.82",
            "revenue": 68956
        },
        "2011-05": {
            "month": "2011-05",
            "price": "39.70",
            "revenue": 75432
        },
        "2011-06": {
            "month": "2011-06",
            "price": "40.27",
            "revenue": 82170
        },
        "2011-07": {
            "month": "2011-07",
            "price": "35.41",
            "revenue": 73372
        },
        "2011-08": {
            "month": "2011-08",
            "price": "29.20",
            "revenue": 86972
        },
        "2011-09": {
            "month": "2011-09",
            "price": "28.43",
            "revenue": 87968
        },
        "2011-10": {
            "month": "2011-10",
            "price": "27.73",
            "revenue": 75381
        },
        "2011-11": {
            "month": "2011-11",
            "price": "27.13",
            "revenue": 85258
        },
        "2011-12": {
            "month": "2011-12",
            "price": "26.27",
            "revenue": 80901
        },
        "2012-01": {
            "month": "2012-01",
            "price": "26.57",
            "revenue": 77307
        },
        "2012-02": {
            "month": "2012-02",
            "price": "29.24",
            "revenue": 81155
        },
        "2012-03": {
            "month": "2012-03",
            "price": "29.86",
            "revenue": 76587
        },
        "2012-04": {
            "month": "2012-04",
            "price": "28.64",
            "revenue": 63712
        },
        "2012-05": {
            "month": "2012-05",
            "price": "29.07",
            "revenue": 76323
        },
        "2012-06": {
            "month": "2012-06",
            "price": "28.98",
            "revenue": 71176
        },
        "2012-07": {
            "month": "2012-07",
            "price": "25.86",
            "revenue": 71147
        },
        "2012-08": {
            "month": "2012-08",
            "price": "26.04",
            "revenue": 73547
        },
        "2012-09": {
            "month": "2012-09",
            "price": "25.64",
            "revenue": 69194
        },
        "2012-10": {
            "month": "2012-10",
            "price": "24.11",
            "revenue": 66095
        },
        "2012-11": {
            "month": "2012-11",
            "price": "23.70",
            "revenue": 61133
        },
        "2012-12": {
            "month": "2012-12",
            "price": "24.37",
            "revenue": 55401
        },
        "2013-01": {
            "month": "2013-01",
            "price": "24.84",
            "revenue": 71763
        },
        "2013-02": {
            "month": "2013-02",
            "price": "24.93",
            "revenue": 50786
        },
        "2013-03": {
            "month": "2013-03",
            "price": "25.45",
            "revenue": 75876
        },
        "2013-04": {
            "month": "2013-04",
            "price": "27.04",
            "revenue": 62821
        },
        "2013-05": {
            "month": "2013-05",
            "price": "27.18",
            "revenue": 66399
        },
        "2013-06": {
            "month": "2013-06",
            "price": "27.62",
            "revenue": 56106
        },
        "2013-07": {
            "month": "2013-07",
            "price": "24.49",
            "revenue": 61388
        },
        "2013-08": {
            "month": "2013-08",
            "price": "24.66",
            "revenue": 71515
        },
        "2013-09": {
            "month": "2013-09",
            "price": "24.12",
            "revenue": 65863
        },
        "2013-10": {
            "month": "2013-10",
            "price": "23.93",
            "revenue": 67304
        },
        "2013-11": {
            "month": "2013-11",
            "price": "24.05",
            "revenue": 63854
        },
        "2013-12": {
            "month": "2013-12",
            "price": "24.89",
            "revenue": 72966
        },
        "2014-01": {
            "month": "2014-01",
            "price": "26.39",
            "revenue": 82439
        },
        "2014-02": {
            "month": "2014-02",
            "price": "26.79",
            "revenue": 45147
        },
        "2014-03": {
            "month": "2014-03",
            "price": "27.24",
            "revenue": 62872
        },
        "2014-04": {
            "month": "2014-04",
            "price": "27.74",
            "revenue": 53573
        },
        "2014-05": {
            "month": "2014-05",
            "price": "27.44",
            "revenue": 63255
        },
        "2014-06": {
            "month": "2014-06",
            "price": "27.87",
            "revenue": 53942
        },
        "2014-07": {
            "month": "2014-07",
            "price": "25.62",
            "revenue": 61209
        },
        "2014-08": {
            "month": "2014-08",
            "price": "25.43",
            "revenue": 55681
        },
        "2014-09": {
            "month": "2014-09",
            "price": "25.87",
            "revenue": 55831
        },
        "2014-10": {
            "month": "2014-10",
            "price": "25.01",
            "revenue": 59408
        },
        "2014-11": {
            "month": "2014-11",
            "price": "25.00",
            "revenue": 53703
        },
        "2014-12": {
            "month": "2014-12",
            "price": "25.52",
            "revenue": 64389
        },
        "2015-01": {
            "month": "2015-01",
            "price": "25.81",
            "revenue": 60237
        },
        "2015-02": {
            "month": "2015-02",
            "price": "26.13",
            "revenue": 61850
        },
        "2015-03": {
            "month": "2015-03",
            "price": "26.94",
            "revenue": 46150
        },
        "2015-04": {
            "month": "2015-04",
            "price": "27.00",
            "revenue": 60512
        },
        "2015-05": {
            "month": "2015-05",
            "price": "26.66",
            "revenue": 65684
        },
        "2015-06": {
            "month": "2015-06",
            "price": "26.33",
            "revenue": 60508
        },
        "2015-07": {
            "month": "2015-07",
            "price": "24.95",
            "revenue": 73680
        },
        "2015-08": {
            "month": "2015-08",
            "price": "23.32",
            "revenue": 63204
        },
        "2015-09": {
            "month": "2015-09",
            "price": "23.20",
            "revenue": 68058
        },
        "2015-10": {
            "month": "2015-10",
            "price": "24.14",
            "revenue": 68489
        },
        "2015-11": {
            "month": "2015-11",
            "price": "24.22",
            "revenue": 69117
        },
        "2015-12": {
            "month": "2015-12",
            "price": "23.61",
            "revenue": 70065
        },
        "2016-01": {
            "month": "2016-01",
            "price": "22.79",
            "revenue": 57960
        },
        "2016-02": {
            "month": "2016-02",
            "price": "23.34",
            "revenue": 59862
        },
        "2016-03": {
            "month": "2016-03",
            "price": "24.41",
            "revenue": 80215
        },
        "2016-04": {
            "month": "2016-04",
            "price": "24.27",
            "revenue": 60959
        },
        "2016-05": {
            "month": "2016-05",
            "price": "23.88",
            "revenue": 82215
        },
        "2016-06": {
            "month": "2016-06",
            "price": "24.36",
            "revenue": 52331
        },
        "2016-07": {
            "month": "2016-07",
            "price": "23.00",
            "revenue": 61866
        },
        "2016-08": {
            "month": "2016-08",
            "price": "23.22",
            "revenue": 62409
        },
        "2016-09": {
            "month": "2016-09",
            "price": "23.01",
            "revenue": 52970
        },
        "2016-10": {
            "month": "2016-10",
            "price": "22.93",
            "revenue": 52617
        },
        "2016-11": {
            "month": "2016-11",
            "price": "23.14",
            "revenue": 57800
        },
        "2016-12": {
            "month": "2016-12",
            "price": "23.89",
            "revenue": 64784
        },
        "2017-01": {
            "month": "2017-01",
            "price": "24.05",
            "revenue": 62655
        },
        "2017-02": {
            "month": "2017-02",
            "price": "24.48",
            "revenue": 52878
        },
        "2017-03": {
            "month": "2017-03",
            "price": "25.41",
            "revenue": 72223
        },
        "2017-04": {
            "month": "2017-04",
            "price": "24.75",
            "revenue": 53153
        },
        "2017-05": {
            "month": "2017-05",
            "price": "24.91",
            "revenue": 58794
        },
        "2017-06": {
            "month": "2017-06",
            "price": "25.34",
            "revenue": 59825
        },
        "2017-07": {
            "month": "2017-07",
            "price": "23.92",
            "revenue": 69969
        },
        "2017-08": {
            "month": "2017-08",
            "price": "23.81",
            "revenue": 59490
        },
        "2017-09": {
            "month": "2017-09",
            "price": "23.80",
            "revenue": 50541
        },
        "2017-10": {
            "month": "2017-10",
            "price": "23.74",
            "revenue": 51746
        },
        "2017-11": {
            "month": "2017-11",
            "price": "23.92",
            "revenue": 60213
        },
        "2017-12": {
            "month": "2017-12",
            "price": "23.84",
            "revenue": 54707
        },
        "2018-01": {
            "month": "2018-01",
            "price": "24.40",
            "revenue": 60846
        },
        "2018-02": {
            "month": "2018-02",
            "price": "24.03",
            "revenue": 59877
        },
        "2018-03": {
            "month": "2018-03",
            "price": "24.28",
            "revenue": 48703
        },
        "2018-04": {
            "month": "2018-04",
            "price": "24.07",
            "revenue": 46801
        },
        "2018-05": {
            "month": "2018-05",
            "price": "23.92",
            "revenue": 52512
        },
        "2018-06": {
            "month": "2018-06",
            "price": "23.99",
            "revenue": 35918
        },
        "2018-07": {
            "month": "2018-07",
            "price": "22.64",
            "revenue": 42315
        },
        "2018-08": {
            "month": "2018-08",
            "price": "21.23",
            "revenue": 49807
        },
        "2018-09": {
            "month": "2018-09",
            "price": "19.51",
            "revenue": 24833
        },
        "2018-10": {
            "month": "2018-10",
            "price": "17.73",
            "revenue": 62209
        },
        "2018-11": {
            "month": "2018-11",
            "price": "17.47",
            "revenue": 80545
        },
        "2018-12": {
            "month": "2018-12",
            "price": "18.18",
            "revenue": 74071
        },
        "2019-01": {
            "month": "2019-01",
            "price": "18.81",
            "revenue": 86502
        },
        "2019-02": {
            "month": "2019-02",
            "price": "19.96",
            "revenue": 75397
        },
        "2019-03": {
            "month": "2019-03",
            "price": "21.36",
            "revenue": 60492
        },
        "2019-04": {
            "month": "2019-04",
            "price": "21.24",
            "revenue": 74278
        },
        "2019-05": {
            "month": "2019-05",
            "price": "20.62",
            "revenue": 83493
        },
        "2019-06": {
            "month": "2019-06",
            "price": "20.84",
            "revenue": 71112
        },
        "2019-07": {
            "month": "2019-07",
            "price": "20.18",
            "revenue": 59689
        },
        "2019-08": {
            "month": "2019-08",
            "price": "19.43",
            "revenue": 58720
        },
        "2019-09": {
            "month": "2019-09",
            "price": "19.67",
            "revenue": 60677
        },
        "2019-10": {
            "month": "2019-10",
            "price": "19.58",
            "revenue": 82159
        },
        "2019-11": {
            "month": "2019-11",
            "price": "19.59",
            "revenue": 66383
        },
        "2019-12": {
            "month": "2019-12",
            "price": "19.84",
            "revenue": 73788
        },
        "2020-01": {
            "month": "2020-01",
            "price": "19.78",
            "revenue": 86080
        },
        "2020-02": {
            "month": "2020-02",
            "price": "19.49",
            "revenue": 41003
        },
        "2020-03": {
            "month": "2020-03",
            "price": "17.37",
            "revenue": 51497
        },
        "2020-04": {
            "month": "2020-04",
            "price": "17.96",
            "revenue": 48173
        },
        "2020-05": {
            "month": "2020-05",
            "price": "18.66",
            "revenue": 42414
        },
        "2020-06": {
            "month": "2020-06",
            "price": "19.06",
            "revenue": 59454
        },
        "2020-07": {
            "month": "2020-07",
            "price": "18.15",
            "revenue": 63110
        },
        "2020-08": {
            "month": "2020-08",
            "price": "17.63",
            "revenue": 58149
        },
        "2020-09": {
            "month": "2020-09",
            "price": "17.47",
            "revenue": 45280
        },
        "2020-10": {
            "month": "2020-10",
            "price": "17.30",
            "revenue": 44175
        },
        "2020-11": {
            "month": "2020-11",
            "price": "17.29",
            "revenue": 60864
        },
        "2020-12": {
            "month": "2020-12",
            "price": "17.44",
            "revenue": 52098
        },
        "2021-01": {
            "month": "2021-01",
            "price": "17.37",
            "revenue": 55456
        },
        "2021-02": {
            "month": "2021-02",
            "price": "17.24",
            "revenue": 57830
        },
        "2021-03": {
            "month": "2021-03",
            "price": "17.89",
            "revenue": 40077
        },
        "2021-04": {
            "month": "2021-04",
            "price": "18.45",
            "revenue": 53056
        },
        "2021-05": {
            "month": "2021-05",
            "price": "17.56",
            "revenue": 52170
        },
        "2021-06": {
            "month": "2021-06",
            "price": "17.98",
            "revenue": 46673
        },
        "2021-07": {
            "month": "2021-07",
            "price": "18.10",
            "revenue": 64090
        },
        "2021-08": {
            "month": "2021-08",
            "price": "17.33",
            "revenue": 40436
        },
        "2021-09": {
            "month": "2021-09",
            "price": "16.91",
            "revenue": 50813
        },
        "2021-10": {
            "month": "2021-10",
            "price": "16.91",
            "revenue": 50833
        },
        "2021-11": {
            "month": "2021-11",
            "price": "18.16",
            "revenue": 45877
        },
        "2021-12": {
            "month": "2021-12",
            "price": "18.82",
            "revenue": 44179
        },
        "2022-01": {
            "month": "2022-01",
            "price": "18.75",
            "revenue": 44719
        },
        "2022-02": {
            "month": "2022-02",
            "price": "18.74",
            "revenue": 33428
        },
        "2022-03": {
            "month": "2022-03",
            "price": "18.68",
            "revenue": 42066
        },
        "2022-04": {
            "month": "2022-04",
            "price": "18.98",
            "revenue": 40569
        },
        "2022-05": {
            "month": "2022-05",
            "price": "18.66",
            "revenue": 44817
        },
        "2022-06": {
            "month": "2022-06",
            "price": "18.76",
            "revenue": 40013
        },
        "2022-07": {
            "month": "2022-07",
            "price": "17.40",
            "revenue": 36608
        },
        "2022-08": {
            "month": "2022-08",
            "price": "17.73",
            "revenue": 40997
        },
        "2022-09": {
            "month": "2022-09",
            "price": "17.93",
            "revenue": 39465
        },
        "2022-10": {
            "month": "2022-10",
            "price": "17.78",
            "revenue": 43197
        },
        "2022-11": {
            "month": "2022-11",
            "price": "18.02",
            "revenue": 40348
        },
        "2022-12": {
            "month": "2022-12",
            "price": "18.26",
            "revenue": 53706
        },
        "2023-01": {
            "month": "2023-01",
            "price": "18.15",
            "revenue": 39445
        },
        "2023-02": {
            "month": "2023-02",
            "price": "18.46",
            "revenue": 38635
        },
        "2023-03": {
            "month": "2023-03",
            "price": "18.86",
            "revenue": 46158
        },
        "2023-04": {
            "month": "2023-04",
            "price": "19.16",
            "revenue": 45745
        },
        "2023-05": {
            "month": "2023-05",
            "price": "19.53",
            "revenue": 44506
        },
        "2023-06": {
            "month": "2023-06",
            "price": "19.70",
            "revenue": 40185
        },
        "2023-07": {
            "month": "2023-07",
            "price": "19.00",
            "revenue": 37849
        },
        "2023-08": {
            "month": "2023-08",
            "price": "18.64",
            "revenue": 42445
        },
        "2023-09": {
            "month": "2023-09",
            "price": "18.76",
            "revenue": 47480
        },
        "2023-10": {
            "month": "2023-10",
            "price": "19.17",
            "revenue": 43899
        },
        "2023-11": {
            "month": "2023-11",
            "price": "20.12",
            "revenue": 41781
        },
        "2023-12": {
            "month": "2023-12",
            "price": "22.06",
            "revenue": 38100
        }
    }
}
