{
    "summary": {
        "stock_name": "茂達",
        "stock_id": "6138",
        "category": "半導體",
        "main_business": "CC01080電子零組件製造業一、研究開發生產製造下列產品：<br>1.半導體功率IC和其模組  2.半導體功率元件和其模組<br>3.智慧型功率IC和其模組  4.無線及網路通訊IC  5.光電驅動IC。",
        "website_url": "https://www.anpec.com.tw",
        "ceo": "王志信",
        "pe_ratio": 17,
        "report_year_from": 2001,
        "report_year_to": 2023,
        "age": 22,
        "eps_negative_percentage": 0,
        "eps_growth_avg": {
            "last_all": 20.11,
            "last_2y": 45.02,
            "last_4y": 40.8,
            "last_8y": 39.23,
            "last_12y": 24.36,
            "last_16y": 18.18,
            "last_20y": 20.11,
            "at_2006_last_3y": -8.46,
            "at_2007_last_3y": 2.79,
            "at_2008_last_3y": -9.54,
            "at_2009_last_3y": -1.91,
            "at_2010_last_3y": 9.44,
            "at_2011_last_3y": -18.39,
            "at_2012_last_3y": -5.83,
            "at_2013_last_3y": -9.12,
            "at_2014_last_3y": 16.31,
            "at_2015_last_3y": 12.64,
            "at_2016_last_3y": 26.25,
            "at_2017_last_3y": 37.28,
            "at_2018_last_3y": 27.28,
            "at_2019_last_3y": 36.01,
            "at_2020_last_3y": 34.95,
            "at_2021_last_3y": 50.08,
            "at_2022_last_3y": 36,
            "at_2023_last_3y": 36,
            "at_2006_last_all": 13.23,
            "at_2007_last_all": 27.69,
            "at_2008_last_all": 13.9,
            "at_2009_last_all": 13.2,
            "at_2010_last_all": 11.55,
            "at_2011_last_all": 9.26,
            "at_2012_last_all": 6.72,
            "at_2013_last_all": 5.76,
            "at_2014_last_all": 13.01,
            "at_2015_last_all": 10.23,
            "at_2016_last_all": 11.93,
            "at_2017_last_all": 13.64,
            "at_2018_last_all": 16.37,
            "at_2019_last_all": 15.96,
            "at_2020_last_all": 16.78,
            "at_2021_last_all": 20.93,
            "at_2022_last_all": 20.11,
            "at_2023_last_all": 20.11
        },
        "latest_eps": 9.94,
        "latest_price": 167,
        "latest_roe": 26.65,
        "latest_gross_margin": 30.3,
        "latest_equity": 3480779,
        "latest_revenue": 1108111,
        "latest_gross_profit": 335791,
        "latest_net_income": 85779,
        "latest_debt_ratio": 42.96,
        "latest_current_ratio": 202.11,
        "latest_account_receivable_turnover_ratio": 1.46,
        "latest_inventory_turnover_ratio": 0.5,
        "latest_reinvestment_rate": 11.25,
        "latest_research_to_sale_ratio": 11.26
    },
    "eps_dividends": {
        "2001": {
            "cash": 0,
            "stock": 0,
            "eps": 0.55
        },
        "2002": {
            "cash": 0.05,
            "stock": 0.25,
            "eps": 3
        },
        "2003": {
            "cash": 0.5,
            "stock": 1.5,
            "eps": 4.65
        },
        "2004": {
            "cash": 0.3,
            "stock": 2.7,
            "eps": 3.74
        },
        "2005": {
            "cash": 1.2,
            "stock": 0.8,
            "eps": 2.91
        },
        "2006": {
            "cash": 0.7,
            "stock": 1.5,
            "eps": 1.54
        },
        "2007": {
            "cash": 0.09,
            "stock": 0.47,
            "eps": 3.47
        },
        "2008": {
            "cash": 1.5,
            "stock": 0.5,
            "eps": 1.08
        },
        "2009": {
            "cash": 0.4,
            "stock": 0.3,
            "eps": 1.17
        },
        "2010": {
            "cash": 1.2,
            "stock": 0.3,
            "eps": 1.15
        },
        "2011": {
            "cash": 1.5,
            "stock": 0,
            "eps": 1.02
        },
        "2012": {
            "cash": 1.5,
            "stock": 0,
            "eps": 0.83
        },
        "2013": {
            "cash": 0.98,
            "stock": 0,
            "eps": 0.79
        },
        "2014": {
            "cash": 0.5,
            "stock": 0,
            "eps": 2
        },
        "2015": {
            "cash": 1.9,
            "stock": 0,
            "eps": 1.48
        },
        "2016": {
            "cash": 1.5,
            "stock": 0,
            "eps": 2.01
        },
        "2017": {
            "cash": 2.12,
            "stock": 0,
            "eps": 2.8
        },
        "2018": {
            "cash": 2.4,
            "stock": 0,
            "eps": 4.48
        },
        "2019": {
            "cash": 4.23,
            "stock": 0,
            "eps": 4.88
        },
        "2020": {
            "cash": 4.3,
            "stock": 0,
            "eps": 6.42
        },
        "2021": {
            "cash": 5.2,
            "stock": 0,
            "eps": 12.83
        },
        "2022": {
            "cash": 9.02,
            "stock": 0,
            "eps": 13.3
        },
        "2023": {
            "cash": 9,
            "stock": 0,
            "eps": 1
        }
    },
    "dividends": {
        "2002-06-04": {
            "cash": 0.05,
            "stock": 0.25
        },
        "2003-05-29": {
            "cash": 0.5,
            "stock": 1.5
        },
        "2004-02-26": {
            "cash": 0.3,
            "stock": 2.7
        },
        "2005-03-16": {
            "cash": 1.2,
            "stock": 0.8
        },
        "2006-03-15": {
            "cash": 0.7,
            "stock": 1.5
        },
        "2007-03-21": {
            "cash": 0.09,
            "stock": 0.47
        },
        "2008-03-19": {
            "cash": 1.5,
            "stock": 0.5
        },
        "2009-03-27": {
            "cash": 0.4,
            "stock": 0.3
        },
        "2010-03-24": {
            "cash": 1.2,
            "stock": 0.3
        },
        "2011-03-30": {
            "cash": 1.5,
            "stock": 0
        },
        "2012-06-22": {
            "cash": 1.5,
            "stock": 0
        },
        "2013-06-25": {
            "cash": 0.98,
            "stock": 0
        },
        "2014-08-27": {
            "cash": 0.5,
            "stock": 0
        },
        "2015-09-25": {
            "cash": 1.9,
            "stock": 0
        },
        "2016-09-22": {
            "cash": 1.5,
            "stock": 0
        },
        "2017-09-20": {
            "cash": 2.12,
            "stock": 0
        },
        "2018-08-17": {
            "cash": 2.4,
            "stock": 0
        },
        "2019-08-23": {
            "cash": 4.23,
            "stock": 0
        },
        "2020-08-21": {
            "cash": 4.3,
            "stock": 0
        },
        "2021-08-20": {
            "cash": 5.2,
            "stock": 0
        },
        "2022-08-19": {
            "cash": 9.02,
            "stock": 0
        },
        "2023-02-22": {
            "cash": 9,
            "stock": 0
        }
    },
    "prices": {
        "200101": "無",
        "200102": "無",
        "200103": "無",
        "200104": "無",
        "200105": "無",
        "200106": "無",
        "200107": "無",
        "200108": "無",
        "200109": "無",
        "200110": "無",
        "200111": "無",
        "200112": "無",
        "200201": "29.25",
        "200202": "56.19",
        "200203": "73.19",
        "200204": "75.36",
        "200205": "58.16",
        "200206": "45.44",
        "200207": "39.63",
        "200208": "44.36",
        "200209": "45.62",
        "200210": "42.42",
        "200211": "47.27",
        "200212": "46.35",
        "200301": "39.55",
        "200302": "35.44",
        "200303": "39.08",
        "200304": "39.84",
        "200305": "41.09",
        "200306": "44.04",
        "200307": "45.28",
        "200308": "47.91",
        "200309": "57.73",
        "200310": "68.89",
        "200311": "69.40",
        "200312": "63.43",
        "200401": "64.60",
        "200402": "70.85",
        "200403": "70.85",
        "200404": "67.02",
        "200405": "48.36",
        "200406": "43.01",
        "200407": "38.28",
        "200408": "36.38",
        "200409": "33.61",
        "200410": "29.80",
        "200411": "29.32",
        "200412": "28.57",
        "200501": "26.39",
        "200502": "30.65",
        "200503": "32.35",
        "200504": "29.39",
        "200505": "28.27",
        "200506": "33.60",
        "200507": "36.93",
        "200508": "34.76",
        "200509": "30.42",
        "200510": "30.91",
        "200511": "29.79",
        "200512": "37.25",
        "200601": "39.58",
        "200602": "35.41",
        "200603": "37.07",
        "200604": "38.22",
        "200605": "33.14",
        "200606": "31.52",
        "200607": "31.18",
        "200608": "27.80",
        "200609": "31.04",
        "200610": "34.38",
        "200611": "36.55",
        "200612": "39.22",
        "200701": "48.70",
        "200702": "48.19",
        "200703": "52.53",
        "200704": "52.06",
        "200705": "57.47",
        "200706": "82.68",
        "200707": "117.60",
        "200708": "128.02",
        "200709": "118.63",
        "200710": "95.65",
        "200711": "75.15",
        "200712": "67.34",
        "200801": "66.85",
        "200802": "59.06",
        "200803": "55.89",
        "200804": "56.16",
        "200805": "64.93",
        "200806": "54.84",
        "200807": "46.09",
        "200808": "50.96",
        "200809": "34.82",
        "200810": "23.95",
        "200811": "19.40",
        "200812": "17.35",
        "200901": "19.65",
        "200902": "22.24",
        "200903": "26.73",
        "200904": "28.16",
        "200905": "32.34",
        "200906": "31.04",
        "200907": "35.20",
        "200908": "35.69",
        "200909": "34.12",
        "200910": "33.92",
        "200911": "37.62",
        "200912": "50.10",
        "201001": "45.14",
        "201002": "40.76",
        "201003": "44.08",
        "201004": "43.49",
        "201005": "36.38",
        "201006": "36.31",
        "201007": "37.24",
        "201008": "35.89",
        "201009": "41.95",
        "201010": "37.00",
        "201011": "33.15",
        "201012": "34.63",
        "201101": "34.24",
        "201102": "34.03",
        "201103": "30.57",
        "201104": "29.63",
        "201105": "30.54",
        "201106": "30.93",
        "201107": "25.91",
        "201108": "23.03",
        "201109": "21.54",
        "201110": "21.93",
        "201111": "20.42",
        "201112": "17.37",
        "201201": "17.76",
        "201202": "22.83",
        "201203": "22.65",
        "201204": "20.55",
        "201205": "19.60",
        "201206": "20.09",
        "201207": "20.35",
        "201208": "20.39",
        "201209": "22.43",
        "201210": "19.55",
        "201211": "17.48",
        "201212": "18.03",
        "201301": "18.30",
        "201302": "18.63",
        "201303": "19.79",
        "201304": "19.32",
        "201305": "20.20",
        "201306": "20.43",
        "201307": "19.86",
        "201308": "21.48",
        "201309": "21.34",
        "201310": "20.57",
        "201311": "19.69",
        "201312": "21.08",
        "201401": "23.96",
        "201402": "24.97",
        "201403": "26.02",
        "201404": "27.17",
        "201405": "27.19",
        "201406": "28.81",
        "201407": "29.72",
        "201408": "28.63",
        "201409": "29.89",
        "201410": "29.42",
        "201411": "28.80",
        "201412": "31.12",
        "201501": "32.88",
        "201502": "31.96",
        "201503": "35.12",
        "201504": "35.50",
        "201505": "29.03",
        "201506": "24.50",
        "201507": "22.05",
        "201508": "17.70",
        "201509": "17.46",
        "201510": "19.46",
        "201511": "20.82",
        "201512": "21.83",
        "201601": "20.48",
        "201602": "22.07",
        "201603": "23.77",
        "201604": "24.27",
        "201605": "23.21",
        "201606": "24.31",
        "201607": "27.74",
        "201608": "28.18",
        "201609": "29.03",
        "201610": "29.34",
        "201611": "28.03",
        "201612": "31.10",
        "201701": "30.99",
        "201702": "35.40",
        "201703": "40.63",
        "201704": "38.05",
        "201705": "39.38",
        "201706": "40.71",
        "201707": "42.22",
        "201708": "44.94",
        "201709": "43.33",
        "201710": "46.32",
        "201711": "48.06",
        "201712": "44.72",
        "201801": "47.24",
        "201802": "45.00",
        "201803": "46.68",
        "201804": "46.46",
        "201805": "48.04",
        "201806": "57.62",
        "201807": "57.23",
        "201808": "55.44",
        "201809": "55.30",
        "201810": "57.85",
        "201811": "59.80",
        "201812": "64.39",
        "201901": "61.94",
        "201902": "64.12",
        "201903": "64.64",
        "201904": "64.12",
        "201905": "59.55",
        "201906": "55.82",
        "201907": "60.47",
        "201908": "56.84",
        "201909": "60.90",
        "201910": "66.48",
        "201911": "74.61",
        "201912": "78.97",
        "202001": "76.89",
        "202002": "70.49",
        "202003": "61.35",
        "202004": "63.46",
        "202005": "72.90",
        "202006": "81.88",
        "202007": "86.25",
        "202008": "82.24",
        "202009": "78.44",
        "202010": "80.66",
        "202011": "83.30",
        "202012": "86.10",
        "202101": "84.11",
        "202102": "87.81",
        "202103": "117.65",
        "202104": "145.26",
        "202105": "130.60",
        "202106": "150.17",
        "202107": "175.41",
        "202108": "161.64",
        "202109": "156.75",
        "202110": "166.08",
        "202111": "212.89",
        "202112": "258.27",
        "202201": "242.78",
        "202202": "233.50",
        "202203": "223.85",
        "202204": "217.71",
        "202205": "203.79",
        "202206": "179.07",
        "202207": "136.71",
        "202208": "134.00",
        "202209": "118.81",
        "202210": "108.68",
        "202211": "117.75",
        "202212": "127.45",
        "202301": "125.04",
        "202302": "148.97",
        "202303": "148.61",
        "202304": "166.76",
        "202305": "157.48",
        "202306": "164.23"
    },
    "quarters": {
        "20011": {
            "year_quarter": 20011,
            "year": 2001,
            "quarter": 1,
            "eps": 0.12,
            "eps_growth_year": null,
            "eps_4q": null,
            "eps_4q_growth_year": null,
            "roe": 1.18,
            "roe_4q": 1.18,
            "gross_profit": 38466,
            "gross_margin": 25.63,
            "gross_margin_4q_avg": 25.63,
            "net_income": 4640,
            "revenue": 150072,
            "common_shares": 450000,
            "book_valuer_per_share": 10.06,
            "book_valuer_per_share_4q_avg": 10.06,
            "equity": 452478,
            "current_ratio": 331.32,
            "debt_ratio": 25.95,
            "inventory_turnover_ratio": 0.69,
            "account_receivable_turnover_ratio": null,
            "reinvestment_rate": null,
            "research_to_sale_ratio": null,
            "price_fair": 0,
            "eps_avg_yearly": 0,
            "eps_latest_yearly": 0,
            "eps_growth_yearly": 0
        },
        "20012": {
            "year_quarter": 20012,
            "year": 2001,
            "quarter": 2,
            "eps": 0,
            "eps_growth_year": null,
            "eps_4q": null,
            "eps_4q_growth_year": null,
            "roe": -0.03,
            "roe_4q": 1.15,
            "gross_profit": 31062,
            "gross_margin": 23.35,
            "gross_margin_4q_avg": 24.49,
            "net_income": -132,
            "revenue": 133051,
            "common_shares": 450000,
            "book_valuer_per_share": 10.05,
            "book_valuer_per_share_4q_avg": 10.06,
            "equity": 452346,
            "current_ratio": 299.41,
            "debt_ratio": 29.02,
            "inventory_turnover_ratio": 0.59,
            "account_receivable_turnover_ratio": null,
            "reinvestment_rate": null,
            "research_to_sale_ratio": null,
            "price_fair": 0,
            "eps_avg_yearly": 0,
            "eps_latest_yearly": 0,
            "eps_growth_yearly": 0
        },
        "20013": {
            "year_quarter": 20013,
            "year": 2001,
            "quarter": 3,
            "eps": 0.06,
            "eps_growth_year": null,
            "eps_4q": null,
            "eps_4q_growth_year": null,
            "roe": 0.56,
            "roe_4q": 1.71,
            "gross_profit": 41621,
            "gross_margin": 25.46,
            "gross_margin_4q_avg": 24.81,
            "net_income": 2519,
            "revenue": 163497,
            "common_shares": 450000,
            "book_valuer_per_share": 10.11,
            "book_valuer_per_share_4q_avg": 10.07,
            "equity": 454865,
            "current_ratio": 349.76,
            "debt_ratio": 25.21,
            "inventory_turnover_ratio": 0.7,
            "account_receivable_turnover_ratio": null,
            "reinvestment_rate": null,
            "research_to_sale_ratio": null,
            "price_fair": 0,
            "eps_avg_yearly": 0,
            "eps_latest_yearly": 0,
            "eps_growth_yearly": 0
        },
        "20014": {
            "year_quarter": 20014,
            "year": 2001,
            "quarter": 4,
            "eps": 0.37,
            "eps_growth_year": null,
            "eps_4q": 0.53,
            "eps_4q_growth_year": null,
            "roe": 3.41,
            "roe_4q": 5.12,
            "gross_profit": 72464,
            "gross_margin": 29.21,
            "gross_margin_4q_avg": 25.91,
            "net_income": 15791,
            "revenue": 248118,
            "common_shares": 450000,
            "book_valuer_per_share": 10.46,
            "book_valuer_per_share_4q_avg": 10.17,
            "equity": 470656,
            "current_ratio": 279.41,
            "debt_ratio": 32,
            "inventory_turnover_ratio": 1.08,
            "account_receivable_turnover_ratio": null,
            "reinvestment_rate": null,
            "research_to_sale_ratio": null,
            "price_fair": 0,
            "eps_avg_yearly": 0,
            "eps_latest_yearly": 0,
            "eps_growth_yearly": 0
        },
        "20021": {
            "year_quarter": 20021,
            "year": 2002,
            "quarter": 1,
            "eps": 0.76,
            "eps_growth_year": 533.33,
            "eps_4q": 1.16,
            "eps_4q_growth_year": null,
            "roe": 7,
            "roe_4q": 10.940000000000001,
            "gross_profit": 72413,
            "gross_margin": 30.66,
            "gross_margin_4q_avg": 27.17,
            "net_income": 34135,
            "revenue": 236168,
            "common_shares": 450000,
            "book_valuer_per_share": 11.22,
            "book_valuer_per_share_4q_avg": 10.46,
            "equity": 504791,
            "current_ratio": 302.81,
            "debt_ratio": 29.74,
            "inventory_turnover_ratio": 0.93,
            "account_receivable_turnover_ratio": null,
            "reinvestment_rate": null,
            "research_to_sale_ratio": null,
            "price_fair": 106.4,
            "eps_avg_yearly": 3.04,
            "eps_latest_yearly": 3.04,
            "eps_growth_yearly": 421.62
        },
        "20022": {
            "year_quarter": 20022,
            "year": 2002,
            "quarter": 2,
            "eps": 0.93,
            "eps_growth_year": null,
            "eps_4q": 2.07,
            "eps_4q_growth_year": null,
            "roe": 8.19,
            "roe_4q": 19.16,
            "gross_profit": 60460,
            "gross_margin": 32.07,
            "gross_margin_4q_avg": 29.35,
            "net_income": 42961,
            "revenue": 188552,
            "common_shares": 450000,
            "book_valuer_per_share": 12.11,
            "book_valuer_per_share_4q_avg": 10.98,
            "equity": 544944,
            "current_ratio": 418.93,
            "debt_ratio": 21.71,
            "inventory_turnover_ratio": 0.67,
            "account_receivable_turnover_ratio": null,
            "reinvestment_rate": null,
            "research_to_sale_ratio": null,
            "price_fair": 118.3,
            "eps_avg_yearly": 3.38,
            "eps_latest_yearly": 3.72,
            "eps_growth_yearly": 255.55
        },
        "20023": {
            "year_quarter": 20023,
            "year": 2002,
            "quarter": 3,
            "eps": 0.43,
            "eps_growth_year": 616.67,
            "eps_4q": 2.42,
            "eps_4q_growth_year": null,
            "roe": 3.62,
            "roe_4q": 22.22,
            "gross_profit": 66508,
            "gross_margin": 29.05,
            "gross_margin_4q_avg": 30.25,
            "net_income": 20109,
            "revenue": 228931,
            "common_shares": 464040,
            "book_valuer_per_share": 12.18,
            "book_valuer_per_share_4q_avg": 11.49,
            "equity": 565053,
            "current_ratio": 348.56,
            "debt_ratio": 25.53,
            "inventory_turnover_ratio": 0.8,
            "account_receivable_turnover_ratio": null,
            "reinvestment_rate": null,
            "research_to_sale_ratio": null,
            "price_fair": 98.93,
            "eps_avg_yearly": 2.83,
            "eps_latest_yearly": 1.72,
            "eps_growth_yearly": 98.68
        },
        "20024": {
            "year_quarter": 20024,
            "year": 2002,
            "quarter": 4,
            "eps": 0.88,
            "eps_growth_year": 137.84,
            "eps_4q": 2.97,
            "eps_4q_growth_year": 455.29,
            "roe": 6.99,
            "roe_4q": 25.799999999999997,
            "gross_profit": 84980,
            "gross_margin": 30.11,
            "gross_margin_4q_avg": 30.47,
            "net_income": 40951,
            "revenue": 282266,
            "common_shares": 464040,
            "book_valuer_per_share": 13.06,
            "book_valuer_per_share_4q_avg": 12.14,
            "equity": 606005,
            "current_ratio": 329.94,
            "debt_ratio": 27.04,
            "inventory_turnover_ratio": 0.91,
            "account_receivable_turnover_ratio": null,
            "reinvestment_rate": null,
            "research_to_sale_ratio": null,
            "price_fair": 105,
            "eps_avg_yearly": 3,
            "eps_latest_yearly": 3.52,
            "eps_growth_yearly": 178.66
        },
        "20031": {
            "year_quarter": 20031,
            "year": 2003,
            "quarter": 1,
            "eps": 0.95,
            "eps_growth_year": 25,
            "eps_4q": 3.19,
            "eps_4q_growth_year": 174.16,
            "roe": 7.01,
            "roe_4q": 25.810000000000002,
            "gross_profit": 91217,
            "gross_margin": 30.34,
            "gross_margin_4q_avg": 30.39,
            "net_income": 44053,
            "revenue": 300678,
            "common_shares": 464040,
            "book_valuer_per_share": 14.01,
            "book_valuer_per_share_4q_avg": 12.84,
            "equity": 650070,
            "current_ratio": 344.68,
            "debt_ratio": 26.15,
            "inventory_turnover_ratio": 0.94,
            "account_receivable_turnover_ratio": null,
            "reinvestment_rate": null,
            "research_to_sale_ratio": null,
            "price_fair": 110.6,
            "eps_avg_yearly": 3.16,
            "eps_latest_yearly": 3.8,
            "eps_growth_yearly": 149.29
        },
        "20032": {
            "year_quarter": 20032,
            "year": 2003,
            "quarter": 2,
            "eps": 0.92,
            "eps_growth_year": -1.08,
            "eps_4q": 3.18,
            "eps_4q_growth_year": 53.94,
            "roe": 6.52,
            "roe_4q": 24.14,
            "gross_profit": 85895,
            "gross_margin": 31.06,
            "gross_margin_4q_avg": 30.14,
            "net_income": 42804,
            "revenue": 276514,
            "common_shares": 464040,
            "book_valuer_per_share": 14.27,
            "book_valuer_per_share_4q_avg": 13.38,
            "equity": 662212,
            "current_ratio": 284.62,
            "debt_ratio": 31.03,
            "inventory_turnover_ratio": 0.81,
            "account_receivable_turnover_ratio": null,
            "reinvestment_rate": null,
            "research_to_sale_ratio": null,
            "price_fair": 113.63,
            "eps_avg_yearly": 3.25,
            "eps_latest_yearly": 3.68,
            "eps_growth_yearly": 122.31
        },
        "20033": {
            "year_quarter": 20033,
            "year": 2003,
            "quarter": 3,
            "eps": 1.31,
            "eps_growth_year": 204.65,
            "eps_4q": 3.66,
            "eps_4q_growth_year": 51.41,
            "roe": 10.22,
            "roe_4q": 30.740000000000002,
            "gross_profit": 126163,
            "gross_margin": 33.43,
            "gross_margin_4q_avg": 31.24,
            "net_income": 71296,
            "revenue": 377396,
            "common_shares": 544836,
            "book_valuer_per_share": 13.46,
            "book_valuer_per_share_4q_avg": 13.7,
            "equity": 733357,
            "current_ratio": 293.39,
            "debt_ratio": 30.32,
            "inventory_turnover_ratio": 0.92,
            "account_receivable_turnover_ratio": null,
            "reinvestment_rate": null,
            "research_to_sale_ratio": null,
            "price_fair": 123.6,
            "eps_avg_yearly": 3.53,
            "eps_latest_yearly": 5.24,
            "eps_growth_yearly": 129.06
        },
        "20034": {
            "year_quarter": 20034,
            "year": 2003,
            "quarter": 4,
            "eps": 1.47,
            "eps_growth_year": 67.05,
            "eps_4q": 4.36,
            "eps_4q_growth_year": 47.02,
            "roe": 10.38,
            "roe_4q": 34.13,
            "gross_profit": 141276,
            "gross_margin": 33.05,
            "gross_margin_4q_avg": 31.97,
            "net_income": 80314,
            "revenue": 427506,
            "common_shares": 544836,
            "book_valuer_per_share": 14.94,
            "book_valuer_per_share_4q_avg": 14.17,
            "equity": 813719,
            "current_ratio": 319.56,
            "debt_ratio": 28.17,
            "inventory_turnover_ratio": 0.9,
            "account_receivable_turnover_ratio": null,
            "reinvestment_rate": null,
            "research_to_sale_ratio": null,
            "price_fair": 133.88,
            "eps_avg_yearly": 3.83,
            "eps_latest_yearly": 5.88,
            "eps_growth_yearly": 119.03
        },
        "20041": {
            "year_quarter": 20041,
            "year": 2004,
            "quarter": 1,
            "eps": 1.06,
            "eps_growth_year": 11.58,
            "eps_4q": 4.63,
            "eps_4q_growth_year": 45.12,
            "roe": 6.85,
            "roe_4q": 33.97,
            "gross_profit": 126844,
            "gross_margin": 29.71,
            "gross_margin_4q_avg": 31.81,
            "net_income": 57662,
            "revenue": 426964,
            "common_shares": 544836,
            "book_valuer_per_share": 15.99,
            "book_valuer_per_share_4q_avg": 14.67,
            "equity": 871024,
            "current_ratio": 340.94,
            "debt_ratio": 26.64,
            "inventory_turnover_ratio": 0.85,
            "account_receivable_turnover_ratio": null,
            "reinvestment_rate": null,
            "research_to_sale_ratio": null,
            "price_fair": 135.49,
            "eps_avg_yearly": 3.87,
            "eps_latest_yearly": 4.24,
            "eps_growth_yearly": 93.41
        },
        "20042": {
            "year_quarter": 20042,
            "year": 2004,
            "quarter": 2,
            "eps": 0.71,
            "eps_growth_year": -22.83,
            "eps_4q": 3.61,
            "eps_4q_growth_year": 13.65,
            "roe": 5.79,
            "roe_4q": 33.24,
            "gross_profit": 119580,
            "gross_margin": 31.32,
            "gross_margin_4q_avg": 31.88,
            "net_income": 51179,
            "revenue": 381825,
            "common_shares": 544836,
            "book_valuer_per_share": 16.46,
            "book_valuer_per_share_4q_avg": 15.21,
            "equity": 896672,
            "current_ratio": 372.21,
            "debt_ratio": 45.83,
            "inventory_turnover_ratio": 0.64,
            "account_receivable_turnover_ratio": null,
            "reinvestment_rate": null,
            "research_to_sale_ratio": null,
            "price_fair": 131.88,
            "eps_avg_yearly": 3.77,
            "eps_latest_yearly": 2.84,
            "eps_growth_yearly": 70.86
        },
        "20043": {
            "year_quarter": 20043,
            "year": 2004,
            "quarter": 3,
            "eps": 0.95,
            "eps_growth_year": -27.48,
            "eps_4q": 3.6,
            "eps_4q_growth_year": -1.66,
            "roe": 7.29,
            "roe_4q": 30.310000000000002,
            "gross_profit": 149272,
            "gross_margin": 29.58,
            "gross_margin_4q_avg": 30.92,
            "net_income": 67871,
            "revenue": 504667,
            "common_shares": 716692,
            "book_valuer_per_share": 13.47,
            "book_valuer_per_share_4q_avg": 15.22,
            "equity": 965273,
            "current_ratio": 385.18,
            "debt_ratio": 43.54,
            "inventory_turnover_ratio": 0.77,
            "account_receivable_turnover_ratio": null,
            "reinvestment_rate": null,
            "research_to_sale_ratio": null,
            "price_fair": 131.98,
            "eps_avg_yearly": 3.77,
            "eps_latest_yearly": 3.8,
            "eps_growth_yearly": 76.71
        },
        "20044": {
            "year_quarter": 20044,
            "year": 2004,
            "quarter": 4,
            "eps": 1.02,
            "eps_growth_year": -30.61,
            "eps_4q": 3.49,
            "eps_4q_growth_year": -20.02,
            "roe": 7.27,
            "roe_4q": 27.199999999999996,
            "gross_profit": 119293,
            "gross_margin": 25.31,
            "gross_margin_4q_avg": 28.98,
            "net_income": 72952,
            "revenue": 471292,
            "common_shares": 719292,
            "book_valuer_per_share": 14.47,
            "book_valuer_per_share_4q_avg": 15.1,
            "equity": 1040770,
            "current_ratio": 501.95,
            "debt_ratio": 38.1,
            "inventory_turnover_ratio": 0.84,
            "account_receivable_turnover_ratio": null,
            "reinvestment_rate": 31.43,
            "research_to_sale_ratio": null,
            "price_fair": 132.88,
            "eps_avg_yearly": 3.8,
            "eps_latest_yearly": 4.08,
            "eps_growth_yearly": 72.77
        },
        "20051": {
            "year_quarter": 20051,
            "year": 2005,
            "quarter": 1,
            "eps": 0.6,
            "eps_growth_year": -43.4,
            "eps_4q": 3.28,
            "eps_4q_growth_year": -29.3,
            "roe": 4.04,
            "roe_4q": 24.389999999999997,
            "gross_profit": 113337,
            "gross_margin": 26.13,
            "gross_margin_4q_avg": 28.09,
            "net_income": 43048,
            "revenue": 433663,
            "common_shares": 723222,
            "book_valuer_per_share": 15.1,
            "book_valuer_per_share_4q_avg": 14.88,
            "equity": 1092228,
            "current_ratio": 415.35,
            "debt_ratio": 39.12,
            "inventory_turnover_ratio": 0.83,
            "account_receivable_turnover_ratio": null,
            "reinvestment_rate": 42.41,
            "research_to_sale_ratio": null,
            "price_fair": 129.12,
            "eps_avg_yearly": 3.69,
            "eps_latest_yearly": 2.4,
            "eps_growth_yearly": 54.51
        },
        "20052": {
            "year_quarter": 20052,
            "year": 2005,
            "quarter": 2,
            "eps": 0.53,
            "eps_growth_year": -25.35,
            "eps_4q": 3.1,
            "eps_4q_growth_year": -14.25,
            "roe": 3.58,
            "roe_4q": 22.18,
            "gross_profit": 108391,
            "gross_margin": 27.33,
            "gross_margin_4q_avg": 27.09,
            "net_income": 37942,
            "revenue": 396563,
            "common_shares": 724122,
            "book_valuer_per_share": 14.2,
            "book_valuer_per_share_4q_avg": 14.31,
            "equity": 1028026,
            "current_ratio": 163.48,
            "debt_ratio": 44,
            "inventory_turnover_ratio": 0.71,
            "account_receivable_turnover_ratio": null,
            "reinvestment_rate": 52.58,
            "research_to_sale_ratio": null,
            "price_fair": 125.2,
            "eps_avg_yearly": 3.58,
            "eps_latest_yearly": 2.12,
            "eps_growth_yearly": 47.28
        },
        "20053": {
            "year_quarter": 20053,
            "year": 2005,
            "quarter": 3,
            "eps": 0.99,
            "eps_growth_year": 4.21,
            "eps_4q": 2.91,
            "eps_4q_growth_year": -19.2,
            "roe": 7.42,
            "roe_4q": 22.31,
            "gross_profit": 160299,
            "gross_margin": 30.14,
            "gross_margin_4q_avg": 27.23,
            "net_income": 79506,
            "revenue": 531797,
            "common_shares": 805702,
            "book_valuer_per_share": 13.82,
            "book_valuer_per_share_4q_avg": 14.4,
            "equity": 1113678,
            "current_ratio": 166.49,
            "debt_ratio": 41.96,
            "inventory_turnover_ratio": 0.89,
            "account_receivable_turnover_ratio": null,
            "reinvestment_rate": 56.14,
            "research_to_sale_ratio": null,
            "price_fair": 126.09,
            "eps_avg_yearly": 3.6,
            "eps_latest_yearly": 3.96,
            "eps_growth_yearly": 67.27
        },
        "20054": {
            "year_quarter": 20054,
            "year": 2005,
            "quarter": 4,
            "eps": 0.79,
            "eps_growth_year": -22.55,
            "eps_4q": 2.8,
            "eps_4q_growth_year": -19.85,
            "roe": 5.5,
            "roe_4q": 20.54,
            "gross_profit": 160967,
            "gross_margin": 29.49,
            "gross_margin_4q_avg": 28.27,
            "net_income": 63147,
            "revenue": 545860,
            "common_shares": 809592,
            "book_valuer_per_share": 14.62,
            "book_valuer_per_share_4q_avg": 14.44,
            "equity": 1183426,
            "current_ratio": 169.79,
            "debt_ratio": 41.29,
            "inventory_turnover_ratio": 0.91,
            "account_receivable_turnover_ratio": null,
            "reinvestment_rate": 59.68,
            "research_to_sale_ratio": null,
            "price_fair": 125.13,
            "eps_avg_yearly": 3.58,
            "eps_latest_yearly": 3.16,
            "eps_growth_yearly": 58.02
        },
        "20061": {
            "year_quarter": 20061,
            "year": 2006,
            "quarter": 1,
            "eps": 0.35,
            "eps_growth_year": -41.67,
            "eps_4q": 2.56,
            "eps_4q_growth_year": -21.78,
            "roe": 2.36,
            "roe_4q": 18.86,
            "gross_profit": 116977,
            "gross_margin": 25.3,
            "gross_margin_4q_avg": 28.07,
            "net_income": 28569,
            "revenue": 462362,
            "common_shares": 819543,
            "book_valuer_per_share": 15.12,
            "book_valuer_per_share_4q_avg": 14.44,
            "equity": 1239130,
            "current_ratio": 176.95,
            "debt_ratio": 38.78,
            "inventory_turnover_ratio": 0.7,
            "account_receivable_turnover_ratio": null,
            "reinvestment_rate": 60.6,
            "research_to_sale_ratio": null,
            "price_fair": 96.34,
            "eps_avg_yearly": 3.47,
            "eps_latest_yearly": 1.4,
            "eps_growth_yearly": 17.74
        },
        "20062": {
            "year_quarter": 20062,
            "year": 2006,
            "quarter": 2,
            "eps": 0.04,
            "eps_growth_year": -92.45,
            "eps_4q": 1.76,
            "eps_4q_growth_year": -43.09,
            "roe": 0.33,
            "roe_4q": 15.61,
            "gross_profit": 87717,
            "gross_margin": 22.28,
            "gross_margin_4q_avg": 26.8,
            "net_income": 3974,
            "revenue": 393733,
            "common_shares": 819853,
            "book_valuer_per_share": 14.3,
            "book_valuer_per_share_4q_avg": 14.47,
            "equity": 1172265,
            "current_ratio": 162.42,
            "debt_ratio": 39.73,
            "inventory_turnover_ratio": 0.56,
            "account_receivable_turnover_ratio": null,
            "reinvestment_rate": 54.06,
            "research_to_sale_ratio": null,
            "price_fair": 9.75,
            "eps_avg_yearly": 3.25,
            "eps_latest_yearly": 0.16,
            "eps_growth_yearly": -9.99
        },
        "20063": {
            "year_quarter": 20063,
            "year": 2006,
            "quarter": 3,
            "eps": 0.63,
            "eps_growth_year": -36.36,
            "eps_4q": 1.62,
            "eps_4q_growth_year": -44.14,
            "roe": 5.03,
            "roe_4q": 13.22,
            "gross_profit": 152396,
            "gross_margin": 22.91,
            "gross_margin_4q_avg": 25,
            "net_income": 60666,
            "revenue": 665260,
            "common_shares": 967262,
            "book_valuer_per_share": 12.79,
            "book_valuer_per_share_4q_avg": 14.21,
            "equity": 1237554,
            "current_ratio": 152.49,
            "debt_ratio": 45.7,
            "inventory_turnover_ratio": 0.86,
            "account_receivable_turnover_ratio": null,
            "reinvestment_rate": 52.47,
            "research_to_sale_ratio": null,
            "price_fair": 115.5,
            "eps_avg_yearly": 3.3,
            "eps_latest_yearly": 2.52,
            "eps_growth_yearly": 372.2
        },
        "20064": {
            "year_quarter": 20064,
            "year": 2006,
            "quarter": 4,
            "eps": 0.52,
            "eps_growth_year": -34.18,
            "eps_4q": 1.49,
            "eps_4q_growth_year": -46.61,
            "roe": 3.94,
            "roe_4q": 11.66,
            "gross_profit": 158563,
            "gross_margin": 21.33,
            "gross_margin_4q_avg": 22.96,
            "net_income": 49778,
            "revenue": 743284,
            "common_shares": 970012,
            "book_valuer_per_share": 13.31,
            "book_valuer_per_share_4q_avg": 13.88,
            "equity": 1290970,
            "current_ratio": 156.21,
            "debt_ratio": 44.29,
            "inventory_turnover_ratio": 0.88,
            "account_receivable_turnover_ratio": null,
            "reinvestment_rate": 57.84,
            "research_to_sale_ratio": null,
            "price_fair": 112.35,
            "eps_avg_yearly": 3.21,
            "eps_latest_yearly": 2.08,
            "eps_growth_yearly": 341.67
        },
        "20071": {
            "year_quarter": 20071,
            "year": 2007,
            "quarter": 1,
            "eps": 0.42,
            "eps_growth_year": 20,
            "eps_4q": 1.57,
            "eps_4q_growth_year": -38.86,
            "roe": 3,
            "roe_4q": 12.299999999999999,
            "gross_profit": 137571,
            "gross_margin": 21.31,
            "gross_margin_4q_avg": 21.96,
            "net_income": 41909,
            "revenue": 645641,
            "common_shares": 1017853,
            "book_valuer_per_share": 14.76,
            "book_valuer_per_share_4q_avg": 13.79,
            "equity": 1502071,
            "current_ratio": 201.76,
            "debt_ratio": 34.14,
            "inventory_turnover_ratio": 0.77,
            "account_receivable_turnover_ratio": null,
            "reinvestment_rate": 52.72,
            "research_to_sale_ratio": null,
            "price_fair": 107.71,
            "eps_avg_yearly": 3.08,
            "eps_latest_yearly": 1.68,
            "eps_growth_yearly": 334.87
        },
        "20072": {
            "year_quarter": 20072,
            "year": 2007,
            "quarter": 2,
            "eps": 0.71,
            "eps_growth_year": 1675,
            "eps_4q": 2.23,
            "eps_4q_growth_year": 26.65,
            "roe": 4.52,
            "roe_4q": 16.49,
            "gross_profit": 199620,
            "gross_margin": 24.06,
            "gross_margin_4q_avg": 22.4,
            "net_income": 71008,
            "revenue": 829639,
            "common_shares": 1042613,
            "book_valuer_per_share": 15.72,
            "book_valuer_per_share_4q_avg": 14.15,
            "equity": 1638659,
            "current_ratio": 220.13,
            "debt_ratio": 31.24,
            "inventory_turnover_ratio": 1.04,
            "account_receivable_turnover_ratio": null,
            "reinvestment_rate": 53.72,
            "research_to_sale_ratio": null,
            "price_fair": 105.88,
            "eps_avg_yearly": 3.03,
            "eps_latest_yearly": 2.84,
            "eps_growth_yearly": 352.93
        },
        "20073": {
            "year_quarter": 20073,
            "year": 2007,
            "quarter": 3,
            "eps": 1.48,
            "eps_growth_year": 134.92,
            "eps_4q": 2.98,
            "eps_4q_growth_year": 83.78,
            "roe": 9.08,
            "roe_4q": 20.540000000000003,
            "gross_profit": 278480,
            "gross_margin": 24.99,
            "gross_margin_4q_avg": 22.92,
            "net_income": 160087,
            "revenue": 1114354,
            "common_shares": 1131934,
            "book_valuer_per_share": 16.69,
            "book_valuer_per_share_4q_avg": 15.12,
            "equity": 1889166,
            "current_ratio": 243.22,
            "debt_ratio": 29.16,
            "inventory_turnover_ratio": 1.51,
            "account_receivable_turnover_ratio": null,
            "reinvestment_rate": 49.74,
            "research_to_sale_ratio": null,
            "price_fair": 107.36,
            "eps_avg_yearly": 3.07,
            "eps_latest_yearly": 5.92,
            "eps_growth_yearly": 369.44
        },
        "20074": {
            "year_quarter": 20074,
            "year": 2007,
            "quarter": 4,
            "eps": 0.86,
            "eps_growth_year": 65.38,
            "eps_4q": 3.36,
            "eps_4q_growth_year": 125.11,
            "roe": 4.83,
            "roe_4q": 21.43,
            "gross_profit": 208294,
            "gross_margin": 24.05,
            "gross_margin_4q_avg": 23.6,
            "net_income": 93821,
            "revenue": 866264,
            "common_shares": 1135901,
            "book_valuer_per_share": 17.54,
            "book_valuer_per_share_4q_avg": 16.18,
            "equity": 1991970,
            "current_ratio": 285.85,
            "debt_ratio": 25.15,
            "inventory_turnover_ratio": 1.16,
            "account_receivable_turnover_ratio": null,
            "reinvestment_rate": 50.77,
            "research_to_sale_ratio": null,
            "price_fair": 102.03,
            "eps_avg_yearly": 2.92,
            "eps_latest_yearly": 3.44,
            "eps_growth_yearly": 355.91
        },
        "20081": {
            "year_quarter": 20081,
            "year": 2008,
            "quarter": 1,
            "eps": 0.23,
            "eps_growth_year": -45.24,
            "eps_4q": 3.05,
            "eps_4q_growth_year": 94.56,
            "roe": 1.32,
            "roe_4q": 19.75,
            "gross_profit": 160122,
            "gross_margin": 20.71,
            "gross_margin_4q_avg": 23.45,
            "net_income": 26518,
            "revenue": 772980,
            "common_shares": 1140121,
            "book_valuer_per_share": 17.73,
            "book_valuer_per_share_4q_avg": 16.92,
            "equity": 2021415,
            "current_ratio": 326.16,
            "debt_ratio": 22.11,
            "inventory_turnover_ratio": 1.05,
            "account_receivable_turnover_ratio": null,
            "reinvestment_rate": 39.85,
            "research_to_sale_ratio": null,
            "price_fair": 94.76,
            "eps_avg_yearly": 2.71,
            "eps_latest_yearly": 0.92,
            "eps_growth_yearly": 344.57
        },
        "20082": {
            "year_quarter": 20082,
            "year": 2008,
            "quarter": 2,
            "eps": 0.49,
            "eps_growth_year": -30.99,
            "eps_4q": 2.79,
            "eps_4q_growth_year": 24.74,
            "roe": 3.07,
            "roe_4q": 18.299999999999997,
            "gross_profit": 170669,
            "gross_margin": 19.72,
            "gross_margin_4q_avg": 22.37,
            "net_income": 59850,
            "revenue": 865360,
            "common_shares": 1140881,
            "book_valuer_per_share": 16.46,
            "book_valuer_per_share_4q_avg": 17.11,
            "equity": 1877883,
            "current_ratio": 234.6,
            "debt_ratio": 31.35,
            "inventory_turnover_ratio": 1.16,
            "account_receivable_turnover_ratio": null,
            "reinvestment_rate": 33.53,
            "research_to_sale_ratio": null,
            "price_fair": 92.84,
            "eps_avg_yearly": 2.65,
            "eps_latest_yearly": 1.96,
            "eps_growth_yearly": 381.09
        },
        "20083": {
            "year_quarter": 20083,
            "year": 2008,
            "quarter": 3,
            "eps": 0.86,
            "eps_growth_year": -41.89,
            "eps_4q": 2.33,
            "eps_4q_growth_year": -21.92,
            "roe": 5.36,
            "roe_4q": 14.58,
            "gross_profit": 230016,
            "gross_margin": 22.66,
            "gross_margin_4q_avg": 21.79,
            "net_income": 105423,
            "revenue": 1015090,
            "common_shares": 1223644,
            "book_valuer_per_share": 16.48,
            "book_valuer_per_share_4q_avg": 17.05,
            "equity": 2058744,
            "current_ratio": 261.91,
            "debt_ratio": 28.56,
            "inventory_turnover_ratio": 1.24,
            "account_receivable_turnover_ratio": null,
            "reinvestment_rate": 24.03,
            "research_to_sale_ratio": null,
            "price_fair": 92.05,
            "eps_avg_yearly": 2.63,
            "eps_latest_yearly": 3.44,
            "eps_growth_yearly": 391.52
        },
        "20084": {
            "year_quarter": 20084,
            "year": 2008,
            "quarter": 4,
            "eps": -0.5,
            "eps_growth_year": -158.14,
            "eps_4q": 1.08,
            "eps_4q_growth_year": -67.99,
            "roe": -3.08,
            "roe_4q": 6.67,
            "gross_profit": 66006,
            "gross_margin": 14.16,
            "gross_margin_4q_avg": 19.31,
            "net_income": -62122,
            "revenue": 465981,
            "common_shares": 1227534,
            "book_valuer_per_share": 15.79,
            "book_valuer_per_share_4q_avg": 16.62,
            "equity": 1980438,
            "current_ratio": 423.95,
            "debt_ratio": 16.67,
            "inventory_turnover_ratio": 0.64,
            "account_receivable_turnover_ratio": 1.68,
            "reinvestment_rate": 17.86,
            "research_to_sale_ratio": null,
            "price_fair": 88.67,
            "eps_avg_yearly": 2.53,
            "eps_latest_yearly": 3.44,
            "eps_growth_yearly": 415.65
        },
        "20091": {
            "year_quarter": 20091,
            "year": 2009,
            "quarter": 1,
            "eps": 0.06,
            "eps_growth_year": -73.91,
            "eps_4q": 1.01,
            "eps_4q_growth_year": -66.77,
            "roe": 0.33,
            "roe_4q": 5.68,
            "gross_profit": 101218,
            "gross_margin": 21.14,
            "gross_margin_4q_avg": 19.42,
            "net_income": 6618,
            "revenue": 478717,
            "common_shares": 1227534,
            "book_valuer_per_share": 15.88,
            "book_valuer_per_share_4q_avg": 16.15,
            "equity": 1990425,
            "current_ratio": 419.9,
            "debt_ratio": 16.69,
            "inventory_turnover_ratio": 0.66,
            "account_receivable_turnover_ratio": 0.9,
            "reinvestment_rate": 7.51,
            "research_to_sale_ratio": null,
            "price_fair": 89,
            "eps_avg_yearly": 2.54,
            "eps_latest_yearly": 3.44,
            "eps_growth_yearly": 457.11
        },
        "20092": {
            "year_quarter": 20092,
            "year": 2009,
            "quarter": 2,
            "eps": 0.44,
            "eps_growth_year": -10.2,
            "eps_4q": 0.87,
            "eps_4q_growth_year": -68.72,
            "roe": 2.7,
            "roe_4q": 5.3100000000000005,
            "gross_profit": 183626,
            "gross_margin": 24.35,
            "gross_margin_4q_avg": 20.58,
            "net_income": 53846,
            "revenue": 754122,
            "common_shares": 1227534,
            "book_valuer_per_share": 15.94,
            "book_valuer_per_share_4q_avg": 16.02,
            "equity": 1996343,
            "current_ratio": 303.59,
            "debt_ratio": 23.82,
            "inventory_turnover_ratio": 1.05,
            "account_receivable_turnover_ratio": 1.23,
            "reinvestment_rate": -3.99,
            "research_to_sale_ratio": null,
            "price_fair": 88.1,
            "eps_avg_yearly": 2.52,
            "eps_latest_yearly": 1.76,
            "eps_growth_yearly": 641.39
        },
        "20093": {
            "year_quarter": 20093,
            "year": 2009,
            "quarter": 3,
            "eps": 0.51,
            "eps_growth_year": -40.7,
            "eps_4q": 0.51,
            "eps_4q_growth_year": -78.25,
            "roe": 3.23,
            "roe_4q": 3.1799999999999997,
            "gross_profit": 203854,
            "gross_margin": 22.18,
            "gross_margin_4q_avg": 20.46,
            "net_income": 65503,
            "revenue": 919097,
            "common_shares": 1264061,
            "book_valuer_per_share": 16,
            "book_valuer_per_share_4q_avg": 15.9,
            "equity": 2063350,
            "current_ratio": 273.72,
            "debt_ratio": 27.24,
            "inventory_turnover_ratio": 1.23,
            "account_receivable_turnover_ratio": 1.16,
            "reinvestment_rate": -13.03,
            "research_to_sale_ratio": null,
            "price_fair": 83.3,
            "eps_avg_yearly": 2.38,
            "eps_latest_yearly": 2.04,
            "eps_growth_yearly": 621.14
        },
        "20094": {
            "year_quarter": 20094,
            "year": 2009,
            "quarter": 4,
            "eps": 0.16,
            "eps_growth_year": null,
            "eps_4q": 1.17,
            "eps_4q_growth_year": 8.87,
            "roe": 1,
            "roe_4q": 7.260000000000001,
            "gross_profit": 163300,
            "gross_margin": 19.87,
            "gross_margin_4q_avg": 21.89,
            "net_income": 20898,
            "revenue": 821803,
            "common_shares": 1264060,
            "book_valuer_per_share": 16.38,
            "book_valuer_per_share_4q_avg": 16.05,
            "equity": 2135687,
            "current_ratio": 291.83,
            "debt_ratio": 25.76,
            "inventory_turnover_ratio": 1.1,
            "account_receivable_turnover_ratio": 2.06,
            "reinvestment_rate": 11.14,
            "research_to_sale_ratio": null,
            "price_fair": 77,
            "eps_avg_yearly": 2.2,
            "eps_latest_yearly": 0.64,
            "eps_growth_yearly": 607.3
        },
        "20101": {
            "year_quarter": 20101,
            "year": 2010,
            "quarter": 1,
            "eps": 0.46,
            "eps_growth_year": 666.67,
            "eps_4q": 1.56,
            "eps_4q_growth_year": 54.18,
            "roe": 2.85,
            "roe_4q": 9.780000000000001,
            "gross_profit": 203580,
            "gross_margin": 22.84,
            "gross_margin_4q_avg": 22.31,
            "net_income": 62225,
            "revenue": 891330,
            "common_shares": 1264060,
            "book_valuer_per_share": 16.92,
            "book_valuer_per_share_4q_avg": 16.31,
            "equity": 2223845,
            "current_ratio": 321.13,
            "debt_ratio": 23.86,
            "inventory_turnover_ratio": 1.18,
            "account_receivable_turnover_ratio": 1.1,
            "reinvestment_rate": 10.87,
            "research_to_sale_ratio": 7.98,
            "price_fair": 78.1,
            "eps_avg_yearly": 2.23,
            "eps_latest_yearly": 1.84,
            "eps_growth_yearly": 676.79
        },
        "20102": {
            "year_quarter": 20102,
            "year": 2010,
            "quarter": 2,
            "eps": 0.48,
            "eps_growth_year": 9.61,
            "eps_4q": 1.58,
            "eps_4q_growth_year": 81.1,
            "roe": 2.93,
            "roe_4q": 10.01,
            "gross_profit": 217001,
            "gross_margin": 22.07,
            "gross_margin_4q_avg": 21.74,
            "net_income": 63905,
            "revenue": 983146,
            "common_shares": 1264060,
            "book_valuer_per_share": 16.26,
            "book_valuer_per_share_4q_avg": 16.39,
            "equity": 2141085,
            "current_ratio": 262.48,
            "debt_ratio": 29.24,
            "inventory_turnover_ratio": 1.29,
            "account_receivable_turnover_ratio": 1.1,
            "reinvestment_rate": 20.24,
            "research_to_sale_ratio": 7.84,
            "price_fair": 82.5,
            "eps_avg_yearly": 2.36,
            "eps_latest_yearly": 1.92,
            "eps_growth_yearly": 703.34
        },
        "20103": {
            "year_quarter": 20103,
            "year": 2010,
            "quarter": 3,
            "eps": 0.45,
            "eps_growth_year": -12.53,
            "eps_4q": 1.53,
            "eps_4q_growth_year": 202.43,
            "roe": 2.85,
            "roe_4q": 9.63,
            "gross_profit": 222952,
            "gross_margin": 24.43,
            "gross_margin_4q_avg": 22.3,
            "net_income": 62024,
            "revenue": 912578,
            "common_shares": 1301982,
            "book_valuer_per_share": 16.28,
            "book_valuer_per_share_4q_avg": 16.46,
            "equity": 2209977,
            "current_ratio": 313.11,
            "debt_ratio": 24.53,
            "inventory_turnover_ratio": 1.04,
            "account_receivable_turnover_ratio": 1.02,
            "reinvestment_rate": 22.71,
            "research_to_sale_ratio": 9.22,
            "price_fair": 80.7,
            "eps_avg_yearly": 2.31,
            "eps_latest_yearly": 1.8,
            "eps_growth_yearly": 280.12
        },
        "20104": {
            "year_quarter": 20104,
            "year": 2010,
            "quarter": 4,
            "eps": -0.24,
            "eps_growth_year": -250.91,
            "eps_4q": 1.13,
            "eps_4q_growth_year": -3.2,
            "roe": -1.3,
            "roe_4q": 7.33,
            "gross_profit": 151633,
            "gross_margin": 18.67,
            "gross_margin_4q_avg": 22,
            "net_income": -28525,
            "revenue": 812114,
            "common_shares": 1301982,
            "book_valuer_per_share": 16.08,
            "book_valuer_per_share_4q_avg": 16.39,
            "equity": 2185296,
            "current_ratio": 350.4,
            "debt_ratio": 21.38,
            "inventory_turnover_ratio": 1,
            "account_receivable_turnover_ratio": 1.06,
            "reinvestment_rate": -2.85,
            "research_to_sale_ratio": 10.64,
            "price_fair": 81.31,
            "eps_avg_yearly": 2.32,
            "eps_latest_yearly": 1.8,
            "eps_growth_yearly": 307.04
        },
        "20111": {
            "year_quarter": 20111,
            "year": 2011,
            "quarter": 1,
            "eps": 0.09,
            "eps_growth_year": -80.43,
            "eps_4q": 0.78,
            "eps_4q_growth_year": -50.37,
            "roe": 0.62,
            "roe_4q": 5.1,
            "gross_profit": 155609,
            "gross_margin": 19.73,
            "gross_margin_4q_avg": 21.23,
            "net_income": 13547,
            "revenue": 788888,
            "common_shares": 1301982,
            "book_valuer_per_share": 16.2,
            "book_valuer_per_share_4q_avg": 16.21,
            "equity": 2203120,
            "current_ratio": 333.76,
            "debt_ratio": 22.5,
            "inventory_turnover_ratio": 1.02,
            "account_receivable_turnover_ratio": 1.13,
            "reinvestment_rate": 3.19,
            "research_to_sale_ratio": 10.31,
            "price_fair": 83.18,
            "eps_avg_yearly": 2.38,
            "eps_latest_yearly": 1.8,
            "eps_growth_yearly": 339.04
        },
        "20112": {
            "year_quarter": 20112,
            "year": 2011,
            "quarter": 2,
            "eps": 0.21,
            "eps_growth_year": -55.51,
            "eps_4q": 0.51,
            "eps_4q_growth_year": -67.85,
            "roe": 1.57,
            "roe_4q": 3.74,
            "gross_profit": 211306,
            "gross_margin": 22.21,
            "gross_margin_4q_avg": 21.26,
            "net_income": 32876,
            "revenue": 951310,
            "common_shares": 1301982,
            "book_valuer_per_share": 14.88,
            "book_valuer_per_share_4q_avg": 15.86,
            "equity": 1987993,
            "current_ratio": 233,
            "debt_ratio": 32.46,
            "inventory_turnover_ratio": 1.15,
            "account_receivable_turnover_ratio": 1.15,
            "reinvestment_rate": -2.77,
            "research_to_sale_ratio": 10.03,
            "price_fair": 77.35,
            "eps_avg_yearly": 2.21,
            "eps_latest_yearly": 0.84,
            "eps_growth_yearly": 360.47
        },
        "20113": {
            "year_quarter": 20113,
            "year": 2011,
            "quarter": 3,
            "eps": 0.34,
            "eps_growth_year": -23.17,
            "eps_4q": 0.4,
            "eps_4q_growth_year": -73.64,
            "roe": 2.37,
            "roe_4q": 3.2600000000000007,
            "gross_profit": 216586,
            "gross_margin": 25.26,
            "gross_margin_4q_avg": 21.47,
            "net_income": 47551,
            "revenue": 857485,
            "common_shares": 1301982,
            "book_valuer_per_share": 15.21,
            "book_valuer_per_share_4q_avg": 15.59,
            "equity": 2029268,
            "current_ratio": 255.11,
            "debt_ratio": 29.73,
            "inventory_turnover_ratio": 0.98,
            "account_receivable_turnover_ratio": 0.93,
            "reinvestment_rate": -8.4,
            "research_to_sale_ratio": 11.96,
            "price_fair": 64.05,
            "eps_avg_yearly": 1.83,
            "eps_latest_yearly": 1.36,
            "eps_growth_yearly": 344.95
        },
        "20114": {
            "year_quarter": 20114,
            "year": 2011,
            "quarter": 4,
            "eps": 0.38,
            "eps_growth_year": null,
            "eps_4q": 1.03,
            "eps_4q_growth_year": -8.8,
            "roe": 2.41,
            "roe_4q": 6.970000000000001,
            "gross_profit": 214732,
            "gross_margin": 26.05,
            "gross_margin_4q_avg": 23.31,
            "net_income": 49585,
            "revenue": 824194,
            "common_shares": 1301982,
            "book_valuer_per_share": 15.56,
            "book_valuer_per_share_4q_avg": 15.46,
            "equity": 2082957,
            "current_ratio": 291.66,
            "debt_ratio": 25.96,
            "inventory_turnover_ratio": 1,
            "account_receivable_turnover_ratio": 0.95,
            "reinvestment_rate": -13.38,
            "research_to_sale_ratio": 11.81,
            "price_fair": 58.45,
            "eps_avg_yearly": 1.67,
            "eps_latest_yearly": 1.52,
            "eps_growth_yearly": 362.84
        },
        "20121": {
            "year_quarter": 20121,
            "year": 2012,
            "quarter": 1,
            "eps": 0.23,
            "eps_growth_year": 155.56,
            "eps_4q": 1.17,
            "eps_4q_growth_year": 51.46,
            "roe": 1.5,
            "roe_4q": 7.8500000000000005,
            "gross_profit": 204863,
            "gross_margin": 26.64,
            "gross_margin_4q_avg": 25.04,
            "net_income": 31399,
            "revenue": 769131,
            "common_shares": 1301982,
            "book_valuer_per_share": 15.79,
            "book_valuer_per_share_4q_avg": 15.36,
            "equity": 2114470,
            "current_ratio": 308.11,
            "debt_ratio": 24.49,
            "inventory_turnover_ratio": 0.99,
            "account_receivable_turnover_ratio": 0.96,
            "reinvestment_rate": 4.56,
            "research_to_sale_ratio": 11.61,
            "price_fair": 58.45,
            "eps_avg_yearly": 1.67,
            "eps_latest_yearly": 0.92,
            "eps_growth_yearly": 374.1
        },
        "20122": {
            "year_quarter": 20122,
            "year": 2012,
            "quarter": 2,
            "eps": 0.56,
            "eps_growth_year": 158.93,
            "eps_4q": 1.51,
            "eps_4q_growth_year": 197.73,
            "roe": 3.93,
            "roe_4q": 10.21,
            "gross_profit": 265097,
            "gross_margin": 27.95,
            "gross_margin_4q_avg": 26.48,
            "net_income": 80807,
            "revenue": 948519,
            "common_shares": 1301982,
            "book_valuer_per_share": 14.83,
            "book_valuer_per_share_4q_avg": 15.35,
            "equity": 2002248,
            "current_ratio": 221.69,
            "debt_ratio": 35.04,
            "inventory_turnover_ratio": 1.08,
            "account_receivable_turnover_ratio": 1.12,
            "reinvestment_rate": 3.68,
            "research_to_sale_ratio": 10.25,
            "price_fair": 59.27,
            "eps_avg_yearly": 1.69,
            "eps_latest_yearly": 2.24,
            "eps_growth_yearly": 384.24
        },
        "20123": {
            "year_quarter": 20123,
            "year": 2012,
            "quarter": 3,
            "eps": 0.31,
            "eps_growth_year": -10.24,
            "eps_4q": 1.47,
            "eps_4q_growth_year": 263.58,
            "roe": 2.31,
            "roe_4q": 10.15,
            "gross_profit": 219678,
            "gross_margin": 26.06,
            "gross_margin_4q_avg": 26.68,
            "net_income": 46828,
            "revenue": 843111,
            "common_shares": 1301982,
            "book_valuer_per_share": 15.17,
            "book_valuer_per_share_4q_avg": 15.34,
            "equity": 2045794,
            "current_ratio": 291.32,
            "debt_ratio": 26,
            "inventory_turnover_ratio": 0.96,
            "account_receivable_turnover_ratio": 0.98,
            "reinvestment_rate": 3.7,
            "research_to_sale_ratio": 9.59,
            "price_fair": 52.85,
            "eps_avg_yearly": 1.51,
            "eps_latest_yearly": 1.24,
            "eps_growth_yearly": 344.19
        },
        "20124": {
            "year_quarter": 20124,
            "year": 2012,
            "quarter": 4,
            "eps": -0.27,
            "eps_growth_year": -170.39,
            "eps_4q": 0.83,
            "eps_4q_growth_year": -20.04,
            "roe": -1.65,
            "roe_4q": 6.09,
            "gross_profit": 187381,
            "gross_margin": 29.29,
            "gross_margin_4q_avg": 27.49,
            "net_income": -33627,
            "revenue": 639836,
            "common_shares": 1301982,
            "book_valuer_per_share": 14.93,
            "book_valuer_per_share_4q_avg": 15.18,
            "equity": 2021577,
            "current_ratio": 350.96,
            "debt_ratio": 21.71,
            "inventory_turnover_ratio": 0.77,
            "account_receivable_turnover_ratio": 0.9,
            "reinvestment_rate": 50.97,
            "research_to_sale_ratio": 17.19,
            "price_fair": 52.85,
            "eps_avg_yearly": 1.51,
            "eps_latest_yearly": 1.24,
            "eps_growth_yearly": 344.19
        },
        "20131": {
            "year_quarter": 20131,
            "year": 2013,
            "quarter": 1,
            "eps": 0.31,
            "eps_growth_year": 34.78,
            "eps_4q": 0.91,
            "eps_4q_growth_year": -22.53,
            "roe": 2.4,
            "roe_4q": 6.99,
            "gross_profit": 209129,
            "gross_margin": 27.77,
            "gross_margin_4q_avg": 27.77,
            "net_income": 48672,
            "revenue": 753172,
            "common_shares": 1301982,
            "book_valuer_per_share": 14.91,
            "book_valuer_per_share_4q_avg": 14.96,
            "equity": 2028941,
            "current_ratio": 311.13,
            "debt_ratio": 25.08,
            "inventory_turnover_ratio": 0.93,
            "account_receivable_turnover_ratio": 1.14,
            "reinvestment_rate": 15.47,
            "research_to_sale_ratio": 11.71,
            "price_fair": 52.85,
            "eps_avg_yearly": 1.51,
            "eps_latest_yearly": 1.24,
            "eps_growth_yearly": 344.19
        },
        "20132": {
            "year_quarter": 20132,
            "year": 2013,
            "quarter": 2,
            "eps": 0.25,
            "eps_growth_year": -55,
            "eps_4q": 0.6,
            "eps_4q_growth_year": -60.42,
            "roe": 2.21,
            "roe_4q": 5.27,
            "gross_profit": 222676,
            "gross_margin": 28.54,
            "gross_margin_4q_avg": 27.92,
            "net_income": 44143,
            "revenue": 780238,
            "common_shares": 1321982,
            "book_valuer_per_share": 14,
            "book_valuer_per_share_4q_avg": 14.75,
            "equity": 1966693,
            "current_ratio": 262.95,
            "debt_ratio": 29.8,
            "inventory_turnover_ratio": 0.94,
            "account_receivable_turnover_ratio": 1.11,
            "reinvestment_rate": 19.55,
            "research_to_sale_ratio": 12.15,
            "price_fair": 50.63,
            "eps_avg_yearly": 1.45,
            "eps_latest_yearly": 1,
            "eps_growth_yearly": 126.63
        },
        "20133": {
            "year_quarter": 20133,
            "year": 2013,
            "quarter": 3,
            "eps": 0.12,
            "eps_growth_year": -61,
            "eps_4q": 0.42,
            "eps_4q_growth_year": -71.67,
            "roe": 1.22,
            "roe_4q": 4.18,
            "gross_profit": 204659,
            "gross_margin": 27.83,
            "gross_margin_4q_avg": 28.36,
            "net_income": 24234,
            "revenue": 735459,
            "common_shares": 1321982,
            "book_valuer_per_share": 14.15,
            "book_valuer_per_share_4q_avg": 14.5,
            "equity": 1998147,
            "current_ratio": 344.26,
            "debt_ratio": 22.71,
            "inventory_turnover_ratio": 0.87,
            "account_receivable_turnover_ratio": 1.05,
            "reinvestment_rate": 22.6,
            "research_to_sale_ratio": 12.64,
            "price_fair": 46.08,
            "eps_avg_yearly": 1.32,
            "eps_latest_yearly": 0.48,
            "eps_growth_yearly": 103.99
        },
        "20134": {
            "year_quarter": 20134,
            "year": 2013,
            "quarter": 4,
            "eps": 0.11,
            "eps_growth_year": null,
            "eps_4q": 0.79,
            "eps_4q_growth_year": -4.66,
            "roe": 0.94,
            "roe_4q": 6.77,
            "gross_profit": 203473,
            "gross_margin": 26.25,
            "gross_margin_4q_avg": 27.6,
            "net_income": 18943,
            "revenue": 775137,
            "common_shares": 1321982,
            "book_valuer_per_share": 14.42,
            "book_valuer_per_share_4q_avg": 14.37,
            "equity": 2052103,
            "current_ratio": 365.58,
            "debt_ratio": 21.69,
            "inventory_turnover_ratio": 0.99,
            "account_receivable_turnover_ratio": 1.09,
            "reinvestment_rate": -29.47,
            "research_to_sale_ratio": 12.61,
            "price_fair": 45.5,
            "eps_avg_yearly": 1.3,
            "eps_latest_yearly": 0.44,
            "eps_growth_yearly": 124.09
        },
        "20141": {
            "year_quarter": 20141,
            "year": 2014,
            "quarter": 1,
            "eps": 0.43,
            "eps_growth_year": 38.71,
            "eps_4q": 0.91,
            "eps_4q_growth_year": -0.38,
            "roe": 3.02,
            "roe_4q": 7.39,
            "gross_profit": 242556,
            "gross_margin": 29.34,
            "gross_margin_4q_avg": 27.99,
            "net_income": 63141,
            "revenue": 826707,
            "common_shares": 1326152,
            "book_valuer_per_share": 14.9,
            "book_valuer_per_share_4q_avg": 14.37,
            "equity": 2130730,
            "current_ratio": 343.9,
            "debt_ratio": 23.55,
            "inventory_turnover_ratio": 1.03,
            "account_receivable_turnover_ratio": 1.16,
            "reinvestment_rate": -35.53,
            "research_to_sale_ratio": 11.89,
            "price_fair": 45.15,
            "eps_avg_yearly": 1.29,
            "eps_latest_yearly": 1.72,
            "eps_growth_yearly": 158.56
        },
        "20142": {
            "year_quarter": 20142,
            "year": 2014,
            "quarter": 2,
            "eps": 0.49,
            "eps_growth_year": 96,
            "eps_4q": 1.13,
            "eps_4q_growth_year": 89.5,
            "roe": 3.5,
            "roe_4q": 8.68,
            "gross_profit": 262245,
            "gross_margin": 28.04,
            "gross_margin_4q_avg": 27.87,
            "net_income": 74889,
            "revenue": 935125,
            "common_shares": 1340122,
            "book_valuer_per_share": 14.96,
            "book_valuer_per_share_4q_avg": 14.61,
            "equity": 2154475,
            "current_ratio": 298.83,
            "debt_ratio": 27.08,
            "inventory_turnover_ratio": 1.14,
            "account_receivable_turnover_ratio": 1.24,
            "reinvestment_rate": -39.34,
            "research_to_sale_ratio": 11.25,
            "price_fair": 45.27,
            "eps_avg_yearly": 1.29,
            "eps_latest_yearly": 1.96,
            "eps_growth_yearly": 161.76
        },
        "20143": {
            "year_quarter": 20143,
            "year": 2014,
            "quarter": 3,
            "eps": 0.69,
            "eps_growth_year": 475,
            "eps_4q": 2.12,
            "eps_4q_growth_year": 408.48,
            "roe": 4.4,
            "roe_4q": 11.86,
            "gross_profit": 272849,
            "gross_margin": 28.48,
            "gross_margin_4q_avg": 28.03,
            "net_income": 89995,
            "revenue": 958123,
            "common_shares": 1016168,
            "book_valuer_per_share": 17.41,
            "book_valuer_per_share_4q_avg": 15.42,
            "equity": 1938031,
            "current_ratio": 274.57,
            "debt_ratio": 29.1,
            "inventory_turnover_ratio": 1.12,
            "account_receivable_turnover_ratio": 1.16,
            "reinvestment_rate": -47.23,
            "research_to_sale_ratio": 10.75,
            "price_fair": 48.07,
            "eps_avg_yearly": 1.37,
            "eps_latest_yearly": 2.76,
            "eps_growth_yearly": 177.45
        },
        "20144": {
            "year_quarter": 20144,
            "year": 2014,
            "quarter": 4,
            "eps": 0.39,
            "eps_growth_year": 248.38,
            "eps_4q": 2.36,
            "eps_4q_growth_year": 198.9,
            "roe": 2.3,
            "roe_4q": 13.219999999999999,
            "gross_profit": 214988,
            "gross_margin": 28.06,
            "gross_margin_4q_avg": 28.48,
            "net_income": 45196,
            "revenue": 766053,
            "common_shares": 1017275,
            "book_valuer_per_share": 17.82,
            "book_valuer_per_share_4q_avg": 16.27,
            "equity": 1988356,
            "current_ratio": 328.22,
            "debt_ratio": 24.52,
            "inventory_turnover_ratio": 0.9,
            "account_receivable_turnover_ratio": 1.01,
            "reinvestment_rate": -12.11,
            "research_to_sale_ratio": 14.12,
            "price_fair": 48.57,
            "eps_avg_yearly": 1.39,
            "eps_latest_yearly": 1.56,
            "eps_growth_yearly": 150.42
        },
        "20151": {
            "year_quarter": 20151,
            "year": 2015,
            "quarter": 1,
            "eps": 0.29,
            "eps_growth_year": -32.56,
            "eps_4q": 2.08,
            "eps_4q_growth_year": 129.46,
            "roe": 1.76,
            "roe_4q": 11.96,
            "gross_profit": 208562,
            "gross_margin": 28.89,
            "gross_margin_4q_avg": 28.37,
            "net_income": 35480,
            "revenue": 721898,
            "common_shares": 1001509,
            "book_valuer_per_share": 18.18,
            "book_valuer_per_share_4q_avg": 17.09,
            "equity": 2039916,
            "current_ratio": 358.91,
            "debt_ratio": 22.79,
            "inventory_turnover_ratio": 0.87,
            "account_receivable_turnover_ratio": 1.12,
            "reinvestment_rate": -13.38,
            "research_to_sale_ratio": 12.88,
            "price_fair": 48,
            "eps_avg_yearly": 1.37,
            "eps_latest_yearly": 1.16,
            "eps_growth_yearly": 132.35
        },
        "20152": {
            "year_quarter": 20152,
            "year": 2015,
            "quarter": 2,
            "eps": 0.09,
            "eps_growth_year": -81.63,
            "eps_4q": 1.53,
            "eps_4q_growth_year": 35.19,
            "roe": 0.61,
            "roe_4q": 9.07,
            "gross_profit": 178125,
            "gross_margin": 27.57,
            "gross_margin_4q_avg": 28.25,
            "net_income": 11868,
            "revenue": 646174,
            "common_shares": 1003946,
            "book_valuer_per_share": 16.42,
            "book_valuer_per_share_4q_avg": 17.46,
            "equity": 1838849,
            "current_ratio": 279.32,
            "debt_ratio": 28.96,
            "inventory_turnover_ratio": 0.79,
            "account_receivable_turnover_ratio": 1.08,
            "reinvestment_rate": -11.12,
            "research_to_sale_ratio": 13.6,
            "price_fair": 46.8,
            "eps_avg_yearly": 1.34,
            "eps_latest_yearly": 0.36,
            "eps_growth_yearly": 74.55
        },
        "20153": {
            "year_quarter": 20153,
            "year": 2015,
            "quarter": 3,
            "eps": 0.38,
            "eps_growth_year": -44.93,
            "eps_4q": 1.14,
            "eps_4q_growth_year": -46.13,
            "roe": 2.6,
            "roe_4q": 7.27,
            "gross_profit": 216912,
            "gross_margin": 27.96,
            "gross_margin_4q_avg": 28.12,
            "net_income": 48513,
            "revenue": 775840,
            "common_shares": 1003946,
            "book_valuer_per_share": 16.81,
            "book_valuer_per_share_4q_avg": 17.31,
            "equity": 1888353,
            "current_ratio": 342.11,
            "debt_ratio": 23.65,
            "inventory_turnover_ratio": 0.96,
            "account_receivable_turnover_ratio": 1.27,
            "reinvestment_rate": -10.19,
            "research_to_sale_ratio": 12.31,
            "price_fair": 47.2,
            "eps_avg_yearly": 1.35,
            "eps_latest_yearly": 1.52,
            "eps_growth_yearly": 148.93
        },
        "20154": {
            "year_quarter": 20154,
            "year": 2015,
            "quarter": 4,
            "eps": 0.72,
            "eps_growth_year": 86.36,
            "eps_4q": 1.48,
            "eps_4q_growth_year": -37.34,
            "roe": 4.53,
            "roe_4q": 9.500000000000002,
            "gross_profit": 279627,
            "gross_margin": 29.45,
            "gross_margin_4q_avg": 28.47,
            "net_income": 87821,
            "revenue": 949572,
            "common_shares": 1003946,
            "book_valuer_per_share": 17.47,
            "book_valuer_per_share_4q_avg": 17.22,
            "equity": 1987186,
            "current_ratio": 339.05,
            "debt_ratio": 24.57,
            "inventory_turnover_ratio": 1.25,
            "account_receivable_turnover_ratio": 1.44,
            "reinvestment_rate": -10.42,
            "research_to_sale_ratio": 9.7,
            "price_fair": 50.6,
            "eps_avg_yearly": 1.45,
            "eps_latest_yearly": 2.88,
            "eps_growth_yearly": 171.13
        },
        "20161": {
            "year_quarter": 20161,
            "year": 2016,
            "quarter": 1,
            "eps": 0.57,
            "eps_growth_year": 96.55,
            "eps_4q": 1.77,
            "eps_4q_growth_year": -15.09,
            "roe": 3.42,
            "roe_4q": 11.16,
            "gross_profit": 261085,
            "gross_margin": 31.11,
            "gross_margin_4q_avg": 29.02,
            "net_income": 70406,
            "revenue": 839135,
            "common_shares": 1003946,
            "book_valuer_per_share": 18.2,
            "book_valuer_per_share_4q_avg": 17.23,
            "equity": 2131421,
            "current_ratio": 370.01,
            "debt_ratio": 22.79,
            "inventory_turnover_ratio": 1.07,
            "account_receivable_turnover_ratio": 1.34,
            "reinvestment_rate": -8.35,
            "research_to_sale_ratio": 9.87,
            "price_fair": 54,
            "eps_avg_yearly": 1.54,
            "eps_latest_yearly": 2.28,
            "eps_growth_yearly": 176.46
        },
        "20162": {
            "year_quarter": 20162,
            "year": 2016,
            "quarter": 2,
            "eps": 0.41,
            "eps_growth_year": 355.56,
            "eps_4q": 2.09,
            "eps_4q_growth_year": 36.17,
            "roe": 2.43,
            "roe_4q": 12.979999999999999,
            "gross_profit": 226581,
            "gross_margin": 28.34,
            "gross_margin_4q_avg": 29.22,
            "net_income": 50020,
            "revenue": 799629,
            "common_shares": 1003946,
            "book_valuer_per_share": 17.15,
            "book_valuer_per_share_4q_avg": 17.41,
            "equity": 1987124,
            "current_ratio": 293.83,
            "debt_ratio": 28.59,
            "inventory_turnover_ratio": 1.02,
            "account_receivable_turnover_ratio": 1.33,
            "reinvestment_rate": -6.65,
            "research_to_sale_ratio": 10.49,
            "price_fair": 52.5,
            "eps_avg_yearly": 1.5,
            "eps_latest_yearly": 1.64,
            "eps_growth_yearly": 127.44
        },
        "20163": {
            "year_quarter": 20163,
            "year": 2016,
            "quarter": 3,
            "eps": 0.7,
            "eps_growth_year": 84.21,
            "eps_4q": 2.38,
            "eps_4q_growth_year": 108.27,
            "roe": 4.14,
            "roe_4q": 14.52,
            "gross_profit": 295520,
            "gross_margin": 28.87,
            "gross_margin_4q_avg": 29.44,
            "net_income": 84136,
            "revenue": 1023583,
            "common_shares": 1014486,
            "book_valuer_per_share": 17.68,
            "book_valuer_per_share_4q_avg": 17.63,
            "equity": 2073245,
            "current_ratio": 325.84,
            "debt_ratio": 26.21,
            "inventory_turnover_ratio": 1.36,
            "account_receivable_turnover_ratio": 1.44,
            "reinvestment_rate": -5.84,
            "research_to_sale_ratio": 8.55,
            "price_fair": 56.4,
            "eps_avg_yearly": 1.61,
            "eps_latest_yearly": 2.8,
            "eps_growth_yearly": 160.41
        },
        "20164": {
            "year_quarter": 20164,
            "year": 2016,
            "quarter": 4,
            "eps": 0.33,
            "eps_growth_year": -54.51,
            "eps_4q": 1.98,
            "eps_4q_growth_year": 33.73,
            "roe": 2.52,
            "roe_4q": 12.51,
            "gross_profit": 322292,
            "gross_margin": 29.97,
            "gross_margin_4q_avg": 29.57,
            "net_income": 53394,
            "revenue": 1075507,
            "common_shares": 1023246,
            "book_valuer_per_share": 18.27,
            "book_valuer_per_share_4q_avg": 17.83,
            "equity": 2169268,
            "current_ratio": 285.28,
            "debt_ratio": 30.34,
            "inventory_turnover_ratio": 1.42,
            "account_receivable_turnover_ratio": 1.32,
            "reinvestment_rate": -45.25,
            "research_to_sale_ratio": 8.78,
            "price_fair": 55.72,
            "eps_avg_yearly": 1.59,
            "eps_latest_yearly": 1.32,
            "eps_growth_yearly": 135.62
        },
        "20171": {
            "year_quarter": 20171,
            "year": 2017,
            "quarter": 1,
            "eps": 0.48,
            "eps_growth_year": -15.79,
            "eps_4q": 1.89,
            "eps_4q_growth_year": 6.84,
            "roe": 2.72,
            "roe_4q": 11.809999999999999,
            "gross_profit": 282475,
            "gross_margin": 29.62,
            "gross_margin_4q_avg": 29.2,
            "net_income": 59938,
            "revenue": 953694,
            "common_shares": 1022886,
            "book_valuer_per_share": 18.83,
            "book_valuer_per_share_4q_avg": 17.98,
            "equity": 2237335,
            "current_ratio": 342.1,
            "debt_ratio": 25.44,
            "inventory_turnover_ratio": 1.21,
            "account_receivable_turnover_ratio": 1.28,
            "reinvestment_rate": -18.72,
            "research_to_sale_ratio": 9.14,
            "price_fair": 56.44,
            "eps_avg_yearly": 1.61,
            "eps_latest_yearly": 1.92,
            "eps_growth_yearly": 138.51
        },
        "20172": {
            "year_quarter": 20172,
            "year": 2017,
            "quarter": 2,
            "eps": 0.6,
            "eps_growth_year": 46.34,
            "eps_4q": 2.06,
            "eps_4q_growth_year": -1.02,
            "roe": 3.59,
            "roe_4q": 12.969999999999999,
            "gross_profit": 278118,
            "gross_margin": 28.94,
            "gross_margin_4q_avg": 29.35,
            "net_income": 77135,
            "revenue": 961052,
            "common_shares": 1028586,
            "book_valuer_per_share": 17.29,
            "book_valuer_per_share_4q_avg": 18.02,
            "equity": 2059919,
            "current_ratio": 261.36,
            "debt_ratio": 33.16,
            "inventory_turnover_ratio": 1.17,
            "account_receivable_turnover_ratio": 1.34,
            "reinvestment_rate": -19.08,
            "research_to_sale_ratio": 9.62,
            "price_fair": 59.5,
            "eps_avg_yearly": 1.7,
            "eps_latest_yearly": 2.4,
            "eps_growth_yearly": 149.6
        },
        "20173": {
            "year_quarter": 20173,
            "year": 2017,
            "quarter": 3,
            "eps": 0.96,
            "eps_growth_year": 37.14,
            "eps_4q": 2.33,
            "eps_4q_growth_year": -1.95,
            "roe": 5.67,
            "roe_4q": 14.5,
            "gross_profit": 357301,
            "gross_margin": 29.96,
            "gross_margin_4q_avg": 29.62,
            "net_income": 123221,
            "revenue": 1192650,
            "common_shares": 1027726,
            "book_valuer_per_share": 19.1,
            "book_valuer_per_share_4q_avg": 18.37,
            "equity": 2289573,
            "current_ratio": 326.64,
            "debt_ratio": 26.91,
            "inventory_turnover_ratio": 1.4,
            "account_receivable_turnover_ratio": 1.35,
            "reinvestment_rate": -16.99,
            "research_to_sale_ratio": 8.26,
            "price_fair": 66.85,
            "eps_avg_yearly": 1.91,
            "eps_latest_yearly": 3.84,
            "eps_growth_yearly": 177.6
        },
        "20174": {
            "year_quarter": 20174,
            "year": 2017,
            "quarter": 4,
            "eps": 0.76,
            "eps_growth_year": 130.76,
            "eps_4q": 2.76,
            "eps_4q_growth_year": 39.71,
            "roe": 4.14,
            "roe_4q": 16.119999999999997,
            "gross_profit": 333910,
            "gross_margin": 29.91,
            "gross_margin_4q_avg": 29.61,
            "net_income": 99682,
            "revenue": 1116536,
            "common_shares": 1027626,
            "book_valuer_per_share": 21.01,
            "book_valuer_per_share_4q_avg": 19.06,
            "equity": 2527625,
            "current_ratio": 316.05,
            "debt_ratio": 27.97,
            "inventory_turnover_ratio": 1.29,
            "account_receivable_turnover_ratio": 1.17,
            "reinvestment_rate": -14.68,
            "research_to_sale_ratio": 8.67,
            "price_fair": 72.54,
            "eps_avg_yearly": 2.07,
            "eps_latest_yearly": 3.04,
            "eps_growth_yearly": 174.47
        },
        "20181": {
            "year_quarter": 20181,
            "year": 2018,
            "quarter": 1,
            "eps": 0.72,
            "eps_growth_year": 50,
            "eps_4q": 3.01,
            "eps_4q_growth_year": 59.7,
            "roe": 3.97,
            "roe_4q": 17.369999999999997,
            "gross_profit": 332847,
            "gross_margin": 28.93,
            "gross_margin_4q_avg": 29.44,
            "net_income": 102054,
            "revenue": 1150670,
            "common_shares": 1027626,
            "book_valuer_per_share": 21.76,
            "book_valuer_per_share_4q_avg": 19.79,
            "equity": 2619972,
            "current_ratio": 339.89,
            "debt_ratio": 26.06,
            "inventory_turnover_ratio": 1.32,
            "account_receivable_turnover_ratio": 1.25,
            "reinvestment_rate": -11.25,
            "research_to_sale_ratio": 7.94,
            "price_fair": 75.08,
            "eps_avg_yearly": 2.15,
            "eps_latest_yearly": 2.88,
            "eps_growth_yearly": 100.43
        },
        "20182": {
            "year_quarter": 20182,
            "year": 2018,
            "quarter": 2,
            "eps": 1.04,
            "eps_growth_year": 73.33,
            "eps_4q": 3.45,
            "eps_4q_growth_year": 67.16,
            "roe": 5.7,
            "roe_4q": 19.479999999999997,
            "gross_profit": 355786,
            "gross_margin": 30.47,
            "gross_margin_4q_avg": 29.82,
            "net_income": 144146,
            "revenue": 1167505,
            "common_shares": 1027626,
            "book_valuer_per_share": 20.4,
            "book_valuer_per_share_4q_avg": 20.57,
            "equity": 2441771,
            "current_ratio": 240.5,
            "debt_ratio": 36.83,
            "inventory_turnover_ratio": 1.29,
            "account_receivable_turnover_ratio": 1.22,
            "reinvestment_rate": -10.32,
            "research_to_sale_ratio": 8.18,
            "price_fair": 79.89,
            "eps_avg_yearly": 2.28,
            "eps_latest_yearly": 4.16,
            "eps_growth_yearly": 108.05
        },
        "20183": {
            "year_quarter": 20183,
            "year": 2018,
            "quarter": 3,
            "eps": 1.6,
            "eps_growth_year": 66.67,
            "eps_4q": 5.47,
            "eps_4q_growth_year": 134.9,
            "roe": 8.31,
            "roe_4q": 22.12,
            "gross_profit": 455328,
            "gross_margin": 33.6,
            "gross_margin_4q_avg": 30.73,
            "net_income": 197624,
            "revenue": 1354982,
            "common_shares": 719308,
            "book_valuer_per_share": 26.69,
            "book_valuer_per_share_4q_avg": 22.47,
            "equity": 2312948,
            "current_ratio": 223.2,
            "debt_ratio": 39.37,
            "inventory_turnover_ratio": 1.34,
            "account_receivable_turnover_ratio": 1.31,
            "reinvestment_rate": -8.26,
            "research_to_sale_ratio": 7.68,
            "price_fair": 87.85,
            "eps_avg_yearly": 2.51,
            "eps_latest_yearly": 6.4,
            "eps_growth_yearly": 111.31
        },
        "20184": {
            "year_quarter": 20184,
            "year": 2018,
            "quarter": 4,
            "eps": 1.12,
            "eps_growth_year": 47.81,
            "eps_4q": 5.51,
            "eps_4q_growth_year": 99.74,
            "roe": 5.24,
            "roe_4q": 23.22,
            "gross_profit": 365864,
            "gross_margin": 31.17,
            "gross_margin_4q_avg": 31.04,
            "net_income": 122422,
            "revenue": 1173778,
            "common_shares": 726587,
            "book_valuer_per_share": 27.13,
            "book_valuer_per_share_4q_avg": 24,
            "equity": 2359490,
            "current_ratio": 264.96,
            "debt_ratio": 32.97,
            "inventory_turnover_ratio": 1.05,
            "account_receivable_turnover_ratio": 1.12,
            "reinvestment_rate": -7.26,
            "research_to_sale_ratio": 9.04,
            "price_fair": 94.24,
            "eps_avg_yearly": 2.69,
            "eps_latest_yearly": 4.48,
            "eps_growth_yearly": 114.68
        },
        "20191": {
            "year_quarter": 20191,
            "year": 2019,
            "quarter": 1,
            "eps": 1.02,
            "eps_growth_year": 41.67,
            "eps_4q": 5.49,
            "eps_4q_growth_year": 82.41,
            "roe": 4.76,
            "roe_4q": 24.01,
            "gross_profit": 332733,
            "gross_margin": 30.5,
            "gross_margin_4q_avg": 31.44,
            "net_income": 115069,
            "revenue": 1091025,
            "common_shares": 726587,
            "book_valuer_per_share": 28.24,
            "book_valuer_per_share_4q_avg": 25.62,
            "equity": 2470225,
            "current_ratio": 294.29,
            "debt_ratio": 32.52,
            "inventory_turnover_ratio": 0.88,
            "account_receivable_turnover_ratio": 1.19,
            "reinvestment_rate": -3.34,
            "research_to_sale_ratio": 9.07,
            "price_fair": 100.63,
            "eps_avg_yearly": 2.88,
            "eps_latest_yearly": 4.08,
            "eps_growth_yearly": 118.86
        },
        "20192": {
            "year_quarter": 20192,
            "year": 2019,
            "quarter": 2,
            "eps": 1,
            "eps_growth_year": -3.85,
            "eps_4q": 4.97,
            "eps_4q_growth_year": 44.12,
            "roe": 4.19,
            "roe_4q": 22.5,
            "gross_profit": 310220,
            "gross_margin": 30.82,
            "gross_margin_4q_avg": 31.52,
            "net_income": 96879,
            "revenue": 1006598,
            "common_shares": 731185,
            "book_valuer_per_share": 24.96,
            "book_valuer_per_share_4q_avg": 26.76,
            "equity": 2151850,
            "current_ratio": 212.9,
            "debt_ratio": 42.87,
            "inventory_turnover_ratio": 0.73,
            "account_receivable_turnover_ratio": 1.15,
            "reinvestment_rate": -2.87,
            "research_to_sale_ratio": 9.88,
            "price_fair": 108.59,
            "eps_avg_yearly": 3.1,
            "eps_latest_yearly": 4,
            "eps_growth_yearly": 135.61
        },
        "20193": {
            "year_quarter": 20193,
            "year": 2019,
            "quarter": 3,
            "eps": 1.5,
            "eps_growth_year": -6.25,
            "eps_4q": 4.56,
            "eps_4q_growth_year": -16.6,
            "roe": 5.58,
            "roe_4q": 19.77,
            "gross_profit": 356169,
            "gross_margin": 30.42,
            "gross_margin_4q_avg": 30.73,
            "net_income": 127729,
            "revenue": 1170787,
            "common_shares": 731185,
            "book_valuer_per_share": 27.75,
            "book_valuer_per_share_4q_avg": 27.02,
            "equity": 2424942,
            "current_ratio": 279.23,
            "debt_ratio": 33.92,
            "inventory_turnover_ratio": 0.79,
            "account_receivable_turnover_ratio": 1.2,
            "reinvestment_rate": -2.73,
            "research_to_sale_ratio": 9.41,
            "price_fair": 118.39,
            "eps_avg_yearly": 3.38,
            "eps_latest_yearly": 6,
            "eps_growth_yearly": 67.55
        },
        "20194": {
            "year_quarter": 20194,
            "year": 2019,
            "quarter": 4,
            "eps": 1.36,
            "eps_growth_year": 21.62,
            "eps_4q": 4.81,
            "eps_4q_growth_year": -12.73,
            "roe": 4.52,
            "roe_4q": 19.049999999999997,
            "gross_profit": 376688,
            "gross_margin": 29.49,
            "gross_margin_4q_avg": 30.31,
            "net_income": 112535,
            "revenue": 1277297,
            "common_shares": 730985,
            "book_valuer_per_share": 29.29,
            "book_valuer_per_share_4q_avg": 27.56,
            "equity": 2555759,
            "current_ratio": 284.93,
            "debt_ratio": 33.24,
            "inventory_turnover_ratio": 0.86,
            "account_receivable_turnover_ratio": 1.23,
            "reinvestment_rate": -1.29,
            "research_to_sale_ratio": 8.93,
            "price_fair": 123.99,
            "eps_avg_yearly": 3.54,
            "eps_latest_yearly": 5.44,
            "eps_growth_yearly": 42.85
        },
        "20201": {
            "year_quarter": 20201,
            "year": 2020,
            "quarter": 1,
            "eps": 1.19,
            "eps_growth_year": 16.67,
            "eps_4q": 4.99,
            "eps_4q_growth_year": -9.19,
            "roe": 4.45,
            "roe_4q": 18.74,
            "gross_profit": 335964,
            "gross_margin": 29.09,
            "gross_margin_4q_avg": 29.96,
            "net_income": 107644,
            "revenue": 1154744,
            "common_shares": 730830,
            "book_valuer_per_share": 26.24,
            "book_valuer_per_share_4q_avg": 27.06,
            "equity": 2280621,
            "current_ratio": 224.76,
            "debt_ratio": 40.67,
            "inventory_turnover_ratio": 0.81,
            "account_receivable_turnover_ratio": 1.15,
            "reinvestment_rate": 0.11,
            "research_to_sale_ratio": 9.77,
            "price_fair": 129.41,
            "eps_avg_yearly": 3.7,
            "eps_latest_yearly": 4.76,
            "eps_growth_yearly": 44.93
        },
        "20202": {
            "year_quarter": 20202,
            "year": 2020,
            "quarter": 2,
            "eps": 1.49,
            "eps_growth_year": 49,
            "eps_4q": 5.51,
            "eps_4q_growth_year": 10.83,
            "roe": 5.67,
            "roe_4q": 20.22,
            "gross_profit": 383691,
            "gross_margin": 29.74,
            "gross_margin_4q_avg": 29.69,
            "net_income": 132180,
            "revenue": 1289995,
            "common_shares": 730500,
            "book_valuer_per_share": 27.52,
            "book_valuer_per_share_4q_avg": 27.7,
            "equity": 2385223,
            "current_ratio": 235.53,
            "debt_ratio": 39.13,
            "inventory_turnover_ratio": 0.97,
            "account_receivable_turnover_ratio": 1.29,
            "reinvestment_rate": 0.2,
            "research_to_sale_ratio": 9.03,
            "price_fair": 138.86,
            "eps_avg_yearly": 3.97,
            "eps_latest_yearly": 5.96,
            "eps_growth_yearly": 58.25
        },
        "20203": {
            "year_quarter": 20203,
            "year": 2020,
            "quarter": 3,
            "eps": 1.74,
            "eps_growth_year": 16,
            "eps_4q": 5.71,
            "eps_4q_growth_year": 25.17,
            "roe": 6.6,
            "roe_4q": 21.24,
            "gross_profit": 426838,
            "gross_margin": 29.15,
            "gross_margin_4q_avg": 29.37,
            "net_income": 165399,
            "revenue": 1464210,
            "common_shares": 730500,
            "book_valuer_per_share": 29.84,
            "book_valuer_per_share_4q_avg": 28.22,
            "equity": 2627294,
            "current_ratio": 303.68,
            "debt_ratio": 31.62,
            "inventory_turnover_ratio": 1.2,
            "account_receivable_turnover_ratio": 1.36,
            "reinvestment_rate": 1.68,
            "research_to_sale_ratio": 8.54,
            "price_fair": 147.96,
            "eps_avg_yearly": 4.23,
            "eps_latest_yearly": 6.96,
            "eps_growth_yearly": 44.76
        },
        "20204": {
            "year_quarter": 20204,
            "year": 2020,
            "quarter": 4,
            "eps": 2,
            "eps_growth_year": 46.61,
            "eps_4q": 6.35,
            "eps_4q_growth_year": 31.97,
            "roe": 6.64,
            "roe_4q": 23.359999999999996,
            "gross_profit": 461358,
            "gross_margin": 31.15,
            "gross_margin_4q_avg": 29.78,
            "net_income": 180595,
            "revenue": 1480925,
            "common_shares": 730485,
            "book_valuer_per_share": 31.87,
            "book_valuer_per_share_4q_avg": 28.87,
            "equity": 2810279,
            "current_ratio": 309.13,
            "debt_ratio": 30.17,
            "inventory_turnover_ratio": 1.3,
            "account_receivable_turnover_ratio": 1.35,
            "reinvestment_rate": 12.86,
            "research_to_sale_ratio": 7.78,
            "price_fair": 162.58,
            "eps_avg_yearly": 4.65,
            "eps_latest_yearly": 8,
            "eps_growth_yearly": 61.71
        },
        "20211": {
            "year_quarter": 20211,
            "year": 2021,
            "quarter": 1,
            "eps": 2.29,
            "eps_growth_year": 92.44,
            "eps_4q": 7.36,
            "eps_4q_growth_year": 47.54,
            "roe": 7.6,
            "roe_4q": 26.509999999999998,
            "gross_profit": 468151,
            "gross_margin": 30.98,
            "gross_margin_4q_avg": 30.26,
            "net_income": 204157,
            "revenue": 1510913,
            "common_shares": 737985,
            "book_valuer_per_share": 28.78,
            "book_valuer_per_share_4q_avg": 29.5,
            "equity": 2563561,
            "current_ratio": 219.5,
            "debt_ratio": 41.17,
            "inventory_turnover_ratio": 1.56,
            "account_receivable_turnover_ratio": 1.32,
            "reinvestment_rate": 12.39,
            "research_to_sale_ratio": 7.59,
            "price_fair": 178.41,
            "eps_avg_yearly": 5.1,
            "eps_latest_yearly": 9.16,
            "eps_growth_yearly": 53.98
        },
        "20212": {
            "year_quarter": 20212,
            "year": 2021,
            "quarter": 2,
            "eps": 2.81,
            "eps_growth_year": 88.59,
            "eps_4q": 8.7,
            "eps_4q_growth_year": 57.76,
            "roe": 9.53,
            "roe_4q": 30.369999999999997,
            "gross_profit": 581312,
            "gross_margin": 36.1,
            "gross_margin_4q_avg": 31.85,
            "net_income": 257381,
            "revenue": 1610061,
            "common_shares": 737845,
            "book_valuer_per_share": 31.78,
            "book_valuer_per_share_4q_avg": 30.57,
            "equity": 2836482,
            "current_ratio": 226.94,
            "debt_ratio": 39.6,
            "inventory_turnover_ratio": 1.76,
            "account_receivable_turnover_ratio": 1.3,
            "reinvestment_rate": 12.03,
            "research_to_sale_ratio": 8.13,
            "price_fair": 197.75,
            "eps_avg_yearly": 5.65,
            "eps_latest_yearly": 11.24,
            "eps_growth_yearly": 53.4
        },
        "20213": {
            "year_quarter": 20213,
            "year": 2021,
            "quarter": 3,
            "eps": 3.89,
            "eps_growth_year": 123.56,
            "eps_4q": 10.85,
            "eps_4q_growth_year": 90.01,
            "roe": 11.82,
            "roe_4q": 35.59,
            "gross_profit": 744244,
            "gross_margin": 40.59,
            "gross_margin_4q_avg": 34.71,
            "net_income": 358591,
            "revenue": 1833518,
            "common_shares": 737845,
            "book_valuer_per_share": 35.93,
            "book_valuer_per_share_4q_avg": 32.09,
            "equity": 3228849,
            "current_ratio": 288.73,
            "debt_ratio": 31.85,
            "inventory_turnover_ratio": 1.94,
            "account_receivable_turnover_ratio": 1.32,
            "reinvestment_rate": 10.71,
            "research_to_sale_ratio": 8.39,
            "price_fair": 223.39,
            "eps_avg_yearly": 6.38,
            "eps_latest_yearly": 15.56,
            "eps_growth_yearly": 48.01
        },
        "20214": {
            "year_quarter": 20214,
            "year": 2021,
            "quarter": 4,
            "eps": 3.84,
            "eps_growth_year": 92.43,
            "eps_4q": 12.68,
            "eps_4q_growth_year": 99.79,
            "roe": 10.35,
            "roe_4q": 39.300000000000004,
            "gross_profit": 743828,
            "gross_margin": 41.14,
            "gross_margin_4q_avg": 37.2,
            "net_income": 353603,
            "revenue": 1807824,
            "common_shares": 741125,
            "book_valuer_per_share": 39.89,
            "book_valuer_per_share_4q_avg": 34.1,
            "equity": 3603215,
            "current_ratio": 291.07,
            "debt_ratio": 36.64,
            "inventory_turnover_ratio": 1.59,
            "account_receivable_turnover_ratio": 1.26,
            "reinvestment_rate": 9.82,
            "research_to_sale_ratio": 8.6,
            "price_fair": 250.34,
            "eps_avg_yearly": 7.15,
            "eps_latest_yearly": 15.36,
            "eps_growth_yearly": 52.9
        },
        "20221": {
            "year_quarter": 20221,
            "year": 2022,
            "quarter": 1,
            "eps": 4.27,
            "eps_growth_year": 86.46,
            "eps_4q": 14.65,
            "eps_4q_growth_year": 99.06,
            "roe": 11.93,
            "roe_4q": 43.63,
            "gross_profit": 805902,
            "gross_margin": 41.55,
            "gross_margin_4q_avg": 39.85,
            "net_income": 407991,
            "revenue": 1939585,
            "common_shares": 740755,
            "book_valuer_per_share": 35.42,
            "book_valuer_per_share_4q_avg": 35.76,
            "equity": 3237890,
            "current_ratio": 194.32,
            "debt_ratio": 49.07,
            "inventory_turnover_ratio": 1.28,
            "account_receivable_turnover_ratio": 1.37,
            "reinvestment_rate": 8.31,
            "research_to_sale_ratio": 8.41,
            "price_fair": 281.4,
            "eps_avg_yearly": 8.04,
            "eps_latest_yearly": 17.08,
            "eps_growth_yearly": 57.01
        },
        "20222": {
            "year_quarter": 20222,
            "year": 2022,
            "quarter": 2,
            "eps": 5.03,
            "eps_growth_year": 79,
            "eps_4q": 16.87,
            "eps_4q_growth_year": 93.93,
            "roe": 13.45,
            "roe_4q": 47.55,
            "gross_profit": 888015,
            "gross_margin": 43.3,
            "gross_margin_4q_avg": 41.65,
            "net_income": 468536,
            "revenue": 2050806,
            "common_shares": 740725,
            "book_valuer_per_share": 40.73,
            "book_valuer_per_share_4q_avg": 37.99,
            "equity": 3730633,
            "current_ratio": 207.92,
            "debt_ratio": 45.89,
            "inventory_turnover_ratio": 1.1,
            "account_receivable_turnover_ratio": 1.39,
            "reinvestment_rate": 8.49,
            "research_to_sale_ratio": 8.36,
            "price_fair": 316.31,
            "eps_avg_yearly": 9.04,
            "eps_latest_yearly": 20.12,
            "eps_growth_yearly": 50.35
        },
        "20223": {
            "year_quarter": 20223,
            "year": 2022,
            "quarter": 3,
            "eps": 3,
            "eps_growth_year": -22.88,
            "eps_4q": 16.01,
            "eps_4q_growth_year": 47.5,
            "roe": 6.6,
            "roe_4q": 42.33,
            "gross_profit": 564018,
            "gross_margin": 41.09,
            "gross_margin_4q_avg": 41.77,
            "net_income": 255657,
            "revenue": 1372716,
            "common_shares": 740725,
            "book_valuer_per_share": 43.99,
            "book_valuer_per_share_4q_avg": 40.01,
            "equity": 4011465,
            "current_ratio": 289.93,
            "debt_ratio": 34.86,
            "inventory_turnover_ratio": 0.62,
            "account_receivable_turnover_ratio": 1.09,
            "reinvestment_rate": 11.11,
            "research_to_sale_ratio": 10.97,
            "price_fair": 328.56,
            "eps_avg_yearly": 9.39,
            "eps_latest_yearly": 12,
            "eps_growth_yearly": 26.8
        },
        "20224": {
            "year_quarter": 20224,
            "year": 2022,
            "quarter": 4,
            "eps": 1,
            "eps_growth_year": -74,
            "eps_4q": 13.16,
            "eps_4q_growth_year": 3.77,
            "roe": 2.1,
            "roe_4q": 34.08,
            "gross_profit": 367978,
            "gross_margin": 36.13,
            "gross_margin_4q_avg": 40.52,
            "net_income": 85129,
            "revenue": 1018499,
            "common_shares": 740695,
            "book_valuer_per_share": 45.18,
            "book_valuer_per_share_4q_avg": 41.33,
            "equity": 4110198,
            "current_ratio": 320.13,
            "debt_ratio": 32.22,
            "inventory_turnover_ratio": 0.42,
            "account_receivable_turnover_ratio": 1.17,
            "reinvestment_rate": 12.07,
            "research_to_sale_ratio": 13.13,
            "price_fair": 258.59,
            "eps_avg_yearly": 9.36,
            "eps_latest_yearly": 4,
            "eps_growth_yearly": 17.63
        },
        "20231": {
            "year_quarter": 20231,
            "year": 2023,
            "quarter": 1,
            "eps": 1,
            "eps_growth_year": -76.58,
            "eps_4q": 9.94,
            "eps_4q_growth_year": -32.17,
            "roe": 2.26,
            "roe_4q": 24.409999999999997,
            "gross_profit": 335791,
            "gross_margin": 30.3,
            "gross_margin_4q_avg": 37.71,
            "net_income": 85779,
            "revenue": 1108111,
            "common_shares": 740675,
            "book_valuer_per_share": 37.17,
            "book_valuer_per_share_4q_avg": 41.77,
            "equity": 3480779,
            "current_ratio": 202.11,
            "debt_ratio": 42.96,
            "inventory_turnover_ratio": 0.5,
            "account_receivable_turnover_ratio": 1.46,
            "reinvestment_rate": 11.25,
            "research_to_sale_ratio": 11.26,
            "price_fair": 279.32,
            "eps_avg_yearly": 9.35,
            "eps_latest_yearly": 4,
            "eps_growth_yearly": 19.87
        }
    },
    "months": {
        "2002-01": {
            "month": "2002-01",
            "price": "29.25",
            "revenue": 80933
        },
        "2002-02": {
            "month": "2002-02",
            "price": "56.19",
            "revenue": 74551
        },
        "2002-03": {
            "month": "2002-03",
            "price": "73.19",
            "revenue": 80684
        },
        "2002-04": {
            "month": "2002-04",
            "price": "75.36",
            "revenue": 70131
        },
        "2002-05": {
            "month": "2002-05",
            "price": "58.16",
            "revenue": 67505
        },
        "2002-06": {
            "month": "2002-06",
            "price": "45.44",
            "revenue": 50916
        },
        "2002-07": {
            "month": "2002-07",
            "price": "39.63",
            "revenue": 71615
        },
        "2002-08": {
            "month": "2002-08",
            "price": "44.36",
            "revenue": 76372
        },
        "2002-09": {
            "month": "2002-09",
            "price": "45.62",
            "revenue": 80944
        },
        "2002-10": {
            "month": "2002-10",
            "price": "42.42",
            "revenue": 103231
        },
        "2002-11": {
            "month": "2002-11",
            "price": "47.27",
            "revenue": 100978
        },
        "2002-12": {
            "month": "2002-12",
            "price": "46.35",
            "revenue": 78056
        },
        "2003-01": {
            "month": "2003-01",
            "price": "39.55",
            "revenue": 103648
        },
        "2003-02": {
            "month": "2003-02",
            "price": "35.44",
            "revenue": 90736
        },
        "2003-03": {
            "month": "2003-03",
            "price": "39.08",
            "revenue": 106293
        },
        "2003-04": {
            "month": "2003-04",
            "price": "39.84",
            "revenue": 96411
        },
        "2003-05": {
            "month": "2003-05",
            "price": "41.09",
            "revenue": 90738
        },
        "2003-06": {
            "month": "2003-06",
            "price": "44.04",
            "revenue": 89365
        },
        "2003-07": {
            "month": "2003-07",
            "price": "45.28",
            "revenue": 111478
        },
        "2003-08": {
            "month": "2003-08",
            "price": "47.91",
            "revenue": 125450
        },
        "2003-09": {
            "month": "2003-09",
            "price": "57.73",
            "revenue": 140467
        },
        "2003-10": {
            "month": "2003-10",
            "price": "68.89",
            "revenue": 159407
        },
        "2003-11": {
            "month": "2003-11",
            "price": "69.40",
            "revenue": 149994
        },
        "2003-12": {
            "month": "2003-12",
            "price": "63.43",
            "revenue": 118103
        },
        "2004-01": {
            "month": "2004-01",
            "price": "64.60",
            "revenue": 120089
        },
        "2004-02": {
            "month": "2004-02",
            "price": "70.85",
            "revenue": 143246
        },
        "2004-03": {
            "month": "2004-03",
            "price": "70.85",
            "revenue": 163629
        },
        "2004-04": {
            "month": "2004-04",
            "price": "67.02",
            "revenue": 137849
        },
        "2004-05": {
            "month": "2004-05",
            "price": "48.36",
            "revenue": 120407
        },
        "2004-06": {
            "month": "2004-06",
            "price": "43.01",
            "revenue": 123569
        },
        "2004-07": {
            "month": "2004-07",
            "price": "38.28",
            "revenue": 150281
        },
        "2004-08": {
            "month": "2004-08",
            "price": "36.38",
            "revenue": 176764
        },
        "2004-09": {
            "month": "2004-09",
            "price": "33.61",
            "revenue": 177623
        },
        "2004-10": {
            "month": "2004-10",
            "price": "29.80",
            "revenue": 180187
        },
        "2004-11": {
            "month": "2004-11",
            "price": "29.32",
            "revenue": 151033
        },
        "2004-12": {
            "month": "2004-12",
            "price": "28.57",
            "revenue": 140071
        },
        "2005-01": {
            "month": "2005-01",
            "price": "26.39",
            "revenue": 147597
        },
        "2005-02": {
            "month": "2005-02",
            "price": "30.65",
            "revenue": 125010
        },
        "2005-03": {
            "month": "2005-03",
            "price": "32.35",
            "revenue": 161056
        },
        "2005-04": {
            "month": "2005-04",
            "price": "29.39",
            "revenue": 141082
        },
        "2005-05": {
            "month": "2005-05",
            "price": "28.27",
            "revenue": 135110
        },
        "2005-06": {
            "month": "2005-06",
            "price": "33.60",
            "revenue": 120370
        },
        "2005-07": {
            "month": "2005-07",
            "price": "36.93",
            "revenue": 150443
        },
        "2005-08": {
            "month": "2005-08",
            "price": "34.76",
            "revenue": 178240
        },
        "2005-09": {
            "month": "2005-09",
            "price": "30.42",
            "revenue": 203114
        },
        "2005-10": {
            "month": "2005-10",
            "price": "30.91",
            "revenue": 186683
        },
        "2005-11": {
            "month": "2005-11",
            "price": "29.79",
            "revenue": 190404
        },
        "2005-12": {
            "month": "2005-12",
            "price": "37.25",
            "revenue": 168772
        },
        "2006-01": {
            "month": "2006-01",
            "price": "39.58",
            "revenue": 166428
        },
        "2006-02": {
            "month": "2006-02",
            "price": "35.41",
            "revenue": 144182
        },
        "2006-03": {
            "month": "2006-03",
            "price": "37.07",
            "revenue": 151751
        },
        "2006-04": {
            "month": "2006-04",
            "price": "38.22",
            "revenue": 121892
        },
        "2006-05": {
            "month": "2006-05",
            "price": "33.14",
            "revenue": 126530
        },
        "2006-06": {
            "month": "2006-06",
            "price": "31.52",
            "revenue": 145312
        },
        "2006-07": {
            "month": "2006-07",
            "price": "31.18",
            "revenue": 165097
        },
        "2006-08": {
            "month": "2006-08",
            "price": "27.80",
            "revenue": 235683
        },
        "2006-09": {
            "month": "2006-09",
            "price": "31.04",
            "revenue": 264480
        },
        "2006-10": {
            "month": "2006-10",
            "price": "34.38",
            "revenue": 281032
        },
        "2006-11": {
            "month": "2006-11",
            "price": "36.55",
            "revenue": 284341
        },
        "2006-12": {
            "month": "2006-12",
            "price": "39.22",
            "revenue": 177911
        },
        "2007-01": {
            "month": "2007-01",
            "price": "48.70",
            "revenue": 222176
        },
        "2007-02": {
            "month": "2007-02",
            "price": "48.19",
            "revenue": 186691
        },
        "2007-03": {
            "month": "2007-03",
            "price": "52.53",
            "revenue": 236774
        },
        "2007-04": {
            "month": "2007-04",
            "price": "52.06",
            "revenue": 254390
        },
        "2007-05": {
            "month": "2007-05",
            "price": "57.47",
            "revenue": 292978
        },
        "2007-06": {
            "month": "2007-06",
            "price": "82.68",
            "revenue": 282271
        },
        "2007-07": {
            "month": "2007-07",
            "price": "117.60",
            "revenue": 340515
        },
        "2007-08": {
            "month": "2007-08",
            "price": "128.02",
            "revenue": 370207
        },
        "2007-09": {
            "month": "2007-09",
            "price": "118.63",
            "revenue": 403632
        },
        "2007-10": {
            "month": "2007-10",
            "price": "95.65",
            "revenue": 341075
        },
        "2007-11": {
            "month": "2007-11",
            "price": "75.15",
            "revenue": 288023
        },
        "2007-12": {
            "month": "2007-12",
            "price": "67.34",
            "revenue": 237166
        },
        "2008-01": {
            "month": "2008-01",
            "price": "66.85",
            "revenue": 264587
        },
        "2008-02": {
            "month": "2008-02",
            "price": "59.06",
            "revenue": 234325
        },
        "2008-03": {
            "month": "2008-03",
            "price": "55.89",
            "revenue": 273048
        },
        "2008-04": {
            "month": "2008-04",
            "price": "56.16",
            "revenue": 307866
        },
        "2008-05": {
            "month": "2008-05",
            "price": "64.93",
            "revenue": 300468
        },
        "2008-06": {
            "month": "2008-06",
            "price": "54.84",
            "revenue": 254859
        },
        "2008-07": {
            "month": "2008-07",
            "price": "46.09",
            "revenue": 332404
        },
        "2008-08": {
            "month": "2008-08",
            "price": "50.96",
            "revenue": 350408
        },
        "2008-09": {
            "month": "2008-09",
            "price": "34.82",
            "revenue": 330505
        },
        "2008-10": {
            "month": "2008-10",
            "price": "23.95",
            "revenue": 229006
        },
        "2008-11": {
            "month": "2008-11",
            "price": "19.40",
            "revenue": 170780
        },
        "2008-12": {
            "month": "2008-12",
            "price": "17.35",
            "revenue": 97387
        },
        "2009-01": {
            "month": "2009-01",
            "price": "19.65",
            "revenue": 90801
        },
        "2009-02": {
            "month": "2009-02",
            "price": "22.24",
            "revenue": 158003
        },
        "2009-03": {
            "month": "2009-03",
            "price": "26.73",
            "revenue": 201789
        },
        "2009-04": {
            "month": "2009-04",
            "price": "28.16",
            "revenue": 241922
        },
        "2009-05": {
            "month": "2009-05",
            "price": "32.34",
            "revenue": 242185
        },
        "2009-06": {
            "month": "2009-06",
            "price": "31.04",
            "revenue": 241238
        },
        "2009-07": {
            "month": "2009-07",
            "price": "35.20",
            "revenue": 260137
        },
        "2009-08": {
            "month": "2009-08",
            "price": "35.69",
            "revenue": 275192
        },
        "2009-09": {
            "month": "2009-09",
            "price": "34.12",
            "revenue": 335322
        },
        "2009-10": {
            "month": "2009-10",
            "price": "33.92",
            "revenue": 299321
        },
        "2009-11": {
            "month": "2009-11",
            "price": "37.62",
            "revenue": 267176
        },
        "2009-12": {
            "month": "2009-12",
            "price": "50.10",
            "revenue": 257786
        },
        "2010-01": {
            "month": "2010-01",
            "price": "45.14",
            "revenue": 275978
        },
        "2010-02": {
            "month": "2010-02",
            "price": "40.76",
            "revenue": 292528
        },
        "2010-03": {
            "month": "2010-03",
            "price": "44.08",
            "revenue": 322842
        },
        "2010-04": {
            "month": "2010-04",
            "price": "43.49",
            "revenue": 330758
        },
        "2010-05": {
            "month": "2010-05",
            "price": "36.38",
            "revenue": 321593
        },
        "2010-06": {
            "month": "2010-06",
            "price": "36.31",
            "revenue": 330729
        },
        "2010-07": {
            "month": "2010-07",
            "price": "37.24",
            "revenue": 321979
        },
        "2010-08": {
            "month": "2010-08",
            "price": "35.89",
            "revenue": 307021
        },
        "2010-09": {
            "month": "2010-09",
            "price": "41.95",
            "revenue": 283306
        },
        "2010-10": {
            "month": "2010-10",
            "price": "37.00",
            "revenue": 292157
        },
        "2010-11": {
            "month": "2010-11",
            "price": "33.15",
            "revenue": 263619
        },
        "2010-12": {
            "month": "2010-12",
            "price": "34.63",
            "revenue": 256731
        },
        "2011-01": {
            "month": "2011-01",
            "price": "34.24",
            "revenue": 256092
        },
        "2011-02": {
            "month": "2011-02",
            "price": "34.03",
            "revenue": 234769
        },
        "2011-03": {
            "month": "2011-03",
            "price": "30.57",
            "revenue": 297988
        },
        "2011-04": {
            "month": "2011-04",
            "price": "29.63",
            "revenue": 323858
        },
        "2011-05": {
            "month": "2011-05",
            "price": "30.54",
            "revenue": 340720
        },
        "2011-06": {
            "month": "2011-06",
            "price": "30.93",
            "revenue": 286510
        },
        "2011-07": {
            "month": "2011-07",
            "price": "25.91",
            "revenue": 303988
        },
        "2011-08": {
            "month": "2011-08",
            "price": "23.03",
            "revenue": 278421
        },
        "2011-09": {
            "month": "2011-09",
            "price": "21.54",
            "revenue": 271101
        },
        "2011-10": {
            "month": "2011-10",
            "price": "21.93",
            "revenue": 283669
        },
        "2011-11": {
            "month": "2011-11",
            "price": "20.42",
            "revenue": 282861
        },
        "2011-12": {
            "month": "2011-12",
            "price": "17.37",
            "revenue": 261672
        },
        "2012-01": {
            "month": "2012-01",
            "price": "17.76",
            "revenue": 238340
        },
        "2012-02": {
            "month": "2012-02",
            "price": "22.83",
            "revenue": 258868
        },
        "2012-03": {
            "month": "2012-03",
            "price": "22.65",
            "revenue": 272024
        },
        "2012-04": {
            "month": "2012-04",
            "price": "20.55",
            "revenue": 294329
        },
        "2012-05": {
            "month": "2012-05",
            "price": "19.60",
            "revenue": 352446
        },
        "2012-06": {
            "month": "2012-06",
            "price": "20.09",
            "revenue": 301861
        },
        "2012-07": {
            "month": "2012-07",
            "price": "20.35",
            "revenue": 314302
        },
        "2012-08": {
            "month": "2012-08",
            "price": "20.39",
            "revenue": 284362
        },
        "2012-09": {
            "month": "2012-09",
            "price": "22.43",
            "revenue": 244584
        },
        "2012-10": {
            "month": "2012-10",
            "price": "19.55",
            "revenue": 218322
        },
        "2012-11": {
            "month": "2012-11",
            "price": "17.48",
            "revenue": 214596
        },
        "2012-12": {
            "month": "2012-12",
            "price": "18.03",
            "revenue": 206931
        },
        "2013-01": {
            "month": "2013-01",
            "price": "18.30",
            "revenue": 275607
        },
        "2013-02": {
            "month": "2013-02",
            "price": "18.63",
            "revenue": 231736
        },
        "2013-03": {
            "month": "2013-03",
            "price": "19.79",
            "revenue": 245716
        },
        "2013-04": {
            "month": "2013-04",
            "price": "19.32",
            "revenue": 261836
        },
        "2013-05": {
            "month": "2013-05",
            "price": "20.20",
            "revenue": 269279
        },
        "2013-06": {
            "month": "2013-06",
            "price": "20.43",
            "revenue": 248988
        },
        "2013-07": {
            "month": "2013-07",
            "price": "19.86",
            "revenue": 243898
        },
        "2013-08": {
            "month": "2013-08",
            "price": "21.48",
            "revenue": 245911
        },
        "2013-09": {
            "month": "2013-09",
            "price": "21.34",
            "revenue": 245614
        },
        "2013-10": {
            "month": "2013-10",
            "price": "20.57",
            "revenue": 247922
        },
        "2013-11": {
            "month": "2013-11",
            "price": "19.69",
            "revenue": 252254
        },
        "2013-12": {
            "month": "2013-12",
            "price": "21.08",
            "revenue": 274835
        },
        "2014-01": {
            "month": "2014-01",
            "price": "23.96",
            "revenue": 311286
        },
        "2014-02": {
            "month": "2014-02",
            "price": "24.97",
            "revenue": 242700
        },
        "2014-03": {
            "month": "2014-03",
            "price": "26.02",
            "revenue": 272722
        },
        "2014-04": {
            "month": "2014-04",
            "price": "27.17",
            "revenue": 295695
        },
        "2014-05": {
            "month": "2014-05",
            "price": "27.19",
            "revenue": 311322
        },
        "2014-06": {
            "month": "2014-06",
            "price": "28.81",
            "revenue": 328108
        },
        "2014-07": {
            "month": "2014-07",
            "price": "29.72",
            "revenue": 334273
        },
        "2014-08": {
            "month": "2014-08",
            "price": "28.63",
            "revenue": 320380
        },
        "2014-09": {
            "month": "2014-09",
            "price": "29.89",
            "revenue": 303471
        },
        "2014-10": {
            "month": "2014-10",
            "price": "29.42",
            "revenue": 276284
        },
        "2014-11": {
            "month": "2014-11",
            "price": "28.80",
            "revenue": 249500
        },
        "2014-12": {
            "month": "2014-12",
            "price": "31.12",
            "revenue": 240269
        },
        "2015-01": {
            "month": "2015-01",
            "price": "32.88",
            "revenue": 273194
        },
        "2015-02": {
            "month": "2015-02",
            "price": "31.96",
            "revenue": 211115
        },
        "2015-03": {
            "month": "2015-03",
            "price": "35.12",
            "revenue": 237589
        },
        "2015-04": {
            "month": "2015-04",
            "price": "35.50",
            "revenue": 212856
        },
        "2015-05": {
            "month": "2015-05",
            "price": "29.03",
            "revenue": 216901
        },
        "2015-06": {
            "month": "2015-06",
            "price": "24.50",
            "revenue": 216418
        },
        "2015-07": {
            "month": "2015-07",
            "price": "22.05",
            "revenue": 224381
        },
        "2015-08": {
            "month": "2015-08",
            "price": "17.70",
            "revenue": 251786
        },
        "2015-09": {
            "month": "2015-09",
            "price": "17.46",
            "revenue": 299673
        },
        "2015-10": {
            "month": "2015-10",
            "price": "19.46",
            "revenue": 310033
        },
        "2015-11": {
            "month": "2015-11",
            "price": "20.82",
            "revenue": 320677
        },
        "2015-12": {
            "month": "2015-12",
            "price": "21.83",
            "revenue": 318863
        },
        "2016-01": {
            "month": "2016-01",
            "price": "20.48",
            "revenue": 344144
        },
        "2016-02": {
            "month": "2016-02",
            "price": "22.07",
            "revenue": 232768
        },
        "2016-03": {
            "month": "2016-03",
            "price": "23.77",
            "revenue": 262223
        },
        "2016-04": {
            "month": "2016-04",
            "price": "24.27",
            "revenue": 253875
        },
        "2016-05": {
            "month": "2016-05",
            "price": "23.21",
            "revenue": 260258
        },
        "2016-06": {
            "month": "2016-06",
            "price": "24.31",
            "revenue": 285496
        },
        "2016-07": {
            "month": "2016-07",
            "price": "27.74",
            "revenue": 290183
        },
        "2016-08": {
            "month": "2016-08",
            "price": "28.18",
            "revenue": 353719
        },
        "2016-09": {
            "month": "2016-09",
            "price": "29.03",
            "revenue": 379681
        },
        "2016-10": {
            "month": "2016-10",
            "price": "29.34",
            "revenue": 351282
        },
        "2016-11": {
            "month": "2016-11",
            "price": "28.03",
            "revenue": 375115
        },
        "2016-12": {
            "month": "2016-12",
            "price": "31.10",
            "revenue": 349110
        },
        "2017-01": {
            "month": "2017-01",
            "price": "30.99",
            "revenue": 341721
        },
        "2017-02": {
            "month": "2017-02",
            "price": "35.40",
            "revenue": 307490
        },
        "2017-03": {
            "month": "2017-03",
            "price": "40.63",
            "revenue": 304483
        },
        "2017-04": {
            "month": "2017-04",
            "price": "38.05",
            "revenue": 302412
        },
        "2017-05": {
            "month": "2017-05",
            "price": "39.38",
            "revenue": 330125
        },
        "2017-06": {
            "month": "2017-06",
            "price": "40.71",
            "revenue": 328515
        },
        "2017-07": {
            "month": "2017-07",
            "price": "42.22",
            "revenue": 366179
        },
        "2017-08": {
            "month": "2017-08",
            "price": "44.94",
            "revenue": 414050
        },
        "2017-09": {
            "month": "2017-09",
            "price": "43.33",
            "revenue": 412421
        },
        "2017-10": {
            "month": "2017-10",
            "price": "46.32",
            "revenue": 388512
        },
        "2017-11": {
            "month": "2017-11",
            "price": "48.06",
            "revenue": 372695
        },
        "2017-12": {
            "month": "2017-12",
            "price": "44.72",
            "revenue": 355329
        },
        "2018-01": {
            "month": "2018-01",
            "price": "47.24",
            "revenue": 422083
        },
        "2018-02": {
            "month": "2018-02",
            "price": "45.00",
            "revenue": 345055
        },
        "2018-03": {
            "month": "2018-03",
            "price": "46.68",
            "revenue": 383532
        },
        "2018-04": {
            "month": "2018-04",
            "price": "46.46",
            "revenue": 358828
        },
        "2018-05": {
            "month": "2018-05",
            "price": "48.04",
            "revenue": 401616
        },
        "2018-06": {
            "month": "2018-06",
            "price": "57.62",
            "revenue": 407061
        },
        "2018-07": {
            "month": "2018-07",
            "price": "57.23",
            "revenue": 440084
        },
        "2018-08": {
            "month": "2018-08",
            "price": "55.44",
            "revenue": 456092
        },
        "2018-09": {
            "month": "2018-09",
            "price": "55.30",
            "revenue": 458806
        },
        "2018-10": {
            "month": "2018-10",
            "price": "57.85",
            "revenue": 402189
        },
        "2018-11": {
            "month": "2018-11",
            "price": "59.80",
            "revenue": 393146
        },
        "2018-12": {
            "month": "2018-12",
            "price": "64.39",
            "revenue": 378443
        },
        "2019-01": {
            "month": "2019-01",
            "price": "61.94",
            "revenue": 405961
        },
        "2019-02": {
            "month": "2019-02",
            "price": "64.12",
            "revenue": 343070
        },
        "2019-03": {
            "month": "2019-03",
            "price": "64.64",
            "revenue": 341994
        },
        "2019-04": {
            "month": "2019-04",
            "price": "64.12",
            "revenue": 337940
        },
        "2019-05": {
            "month": "2019-05",
            "price": "59.55",
            "revenue": 326911
        },
        "2019-06": {
            "month": "2019-06",
            "price": "55.82",
            "revenue": 341747
        },
        "2019-07": {
            "month": "2019-07",
            "price": "60.47",
            "revenue": 369072
        },
        "2019-08": {
            "month": "2019-08",
            "price": "56.84",
            "revenue": 394365
        },
        "2019-09": {
            "month": "2019-09",
            "price": "60.90",
            "revenue": 407350
        },
        "2019-10": {
            "month": "2019-10",
            "price": "66.48",
            "revenue": 420623
        },
        "2019-11": {
            "month": "2019-11",
            "price": "74.61",
            "revenue": 434738
        },
        "2019-12": {
            "month": "2019-12",
            "price": "78.97",
            "revenue": 421936
        },
        "2020-01": {
            "month": "2020-01",
            "price": "76.89",
            "revenue": 414485
        },
        "2020-02": {
            "month": "2020-02",
            "price": "70.49",
            "revenue": 371595
        },
        "2020-03": {
            "month": "2020-03",
            "price": "61.35",
            "revenue": 368664
        },
        "2020-04": {
            "month": "2020-04",
            "price": "63.46",
            "revenue": 423902
        },
        "2020-05": {
            "month": "2020-05",
            "price": "72.90",
            "revenue": 432886
        },
        "2020-06": {
            "month": "2020-06",
            "price": "81.88",
            "revenue": 433207
        },
        "2020-07": {
            "month": "2020-07",
            "price": "86.25",
            "revenue": 479424
        },
        "2020-08": {
            "month": "2020-08",
            "price": "82.24",
            "revenue": 479004
        },
        "2020-09": {
            "month": "2020-09",
            "price": "78.44",
            "revenue": 505782
        },
        "2020-10": {
            "month": "2020-10",
            "price": "80.66",
            "revenue": 498958
        },
        "2020-11": {
            "month": "2020-11",
            "price": "83.30",
            "revenue": 512431
        },
        "2020-12": {
            "month": "2020-12",
            "price": "86.10",
            "revenue": 469536
        },
        "2021-01": {
            "month": "2021-01",
            "price": "84.11",
            "revenue": 550180
        },
        "2021-02": {
            "month": "2021-02",
            "price": "87.81",
            "revenue": 450898
        },
        "2021-03": {
            "month": "2021-03",
            "price": "117.65",
            "revenue": 509835
        },
        "2021-04": {
            "month": "2021-04",
            "price": "145.26",
            "revenue": 535509
        },
        "2021-05": {
            "month": "2021-05",
            "price": "130.60",
            "revenue": 542504
        },
        "2021-06": {
            "month": "2021-06",
            "price": "150.17",
            "revenue": 532048
        },
        "2021-07": {
            "month": "2021-07",
            "price": "175.41",
            "revenue": 549009
        },
        "2021-08": {
            "month": "2021-08",
            "price": "161.64",
            "revenue": 635026
        },
        "2021-09": {
            "month": "2021-09",
            "price": "156.75",
            "revenue": 649483
        },
        "2021-10": {
            "month": "2021-10",
            "price": "166.08",
            "revenue": 593682
        },
        "2021-11": {
            "month": "2021-11",
            "price": "212.89",
            "revenue": 618132
        },
        "2021-12": {
            "month": "2021-12",
            "price": "258.27",
            "revenue": 596010
        },
        "2022-01": {
            "month": "2022-01",
            "price": "242.78",
            "revenue": 666287
        },
        "2022-02": {
            "month": "2022-02",
            "price": "233.50",
            "revenue": 595821
        },
        "2022-03": {
            "month": "2022-03",
            "price": "223.85",
            "revenue": 677477
        },
        "2022-04": {
            "month": "2022-04",
            "price": "217.71",
            "revenue": 690169
        },
        "2022-05": {
            "month": "2022-05",
            "price": "203.79",
            "revenue": 745807
        },
        "2022-06": {
            "month": "2022-06",
            "price": "179.07",
            "revenue": 614830
        },
        "2022-07": {
            "month": "2022-07",
            "price": "136.71",
            "revenue": 532143
        },
        "2022-08": {
            "month": "2022-08",
            "price": "134.00",
            "revenue": 445837
        },
        "2022-09": {
            "month": "2022-09",
            "price": "118.81",
            "revenue": 394736
        },
        "2022-10": {
            "month": "2022-10",
            "price": "108.68",
            "revenue": 387057
        },
        "2022-11": {
            "month": "2022-11",
            "price": "117.75",
            "revenue": 350397
        },
        "2022-12": {
            "month": "2022-12",
            "price": "127.45",
            "revenue": 281045
        },
        "2023-01": {
            "month": "2023-01",
            "price": "125.04",
            "revenue": 331189
        },
        "2023-02": {
            "month": "2023-02",
            "price": "148.97",
            "revenue": 340709
        },
        "2023-03": {
            "month": "2023-03",
            "price": "148.61",
            "revenue": 436213
        },
        "2023-04": {
            "month": "2023-04",
            "price": "166.76",
            "revenue": 433812
        },
        "2023-05": {
            "month": "2023-05",
            "price": "157.48",
            "revenue": 443601
        }
    }
}
