{
    "summary": {
        "stock_name": "亞翔",
        "stock_id": "6139",
        "category": "其他電子",
        "main_business": "工業機電系統整合工程<br>生化無菌室、電子業無塵室及相關機電製程管線之設計及建造",
        "website_url": "http://www.lkeng.com.tw",
        "ceo": "蔣曉麟",
        "pe_ratio": 18,
        "report_year_from": 2001,
        "report_year_to": 2023,
        "age": 23,
        "eps_negative_percentage": 0,
        "eps_growth_avg": {
            "last_all": 3.95,
            "last_2y": 56.74,
            "last_4y": 26.14,
            "last_8y": 20.85,
            "last_12y": 10.06,
            "last_16y": 7.71,
            "last_20y": 4.51,
            "at_2006_last_3y": -9.1,
            "at_2007_last_3y": 2.03,
            "at_2008_last_3y": -18.9,
            "at_2009_last_3y": -30.97,
            "at_2010_last_3y": 0.08,
            "at_2011_last_3y": 4.23,
            "at_2012_last_3y": 12.76,
            "at_2013_last_3y": 19.84,
            "at_2014_last_3y": -14.22,
            "at_2015_last_3y": -24.87,
            "at_2016_last_3y": 4.43,
            "at_2017_last_3y": 8.42,
            "at_2018_last_3y": 14.23,
            "at_2019_last_3y": 17.84,
            "at_2020_last_3y": -14.97,
            "at_2021_last_3y": -14.77,
            "at_2022_last_3y": 13.48,
            "at_2023_last_3y": 34.75,
            "at_2024_last_3y": 34.75,
            "at_2006_last_all": -8.83,
            "at_2007_last_all": -6.81,
            "at_2008_last_all": -13.17,
            "at_2009_last_all": -17.98,
            "at_2010_last_all": -4.87,
            "at_2011_last_all": -2.4,
            "at_2012_last_all": -3.74,
            "at_2013_last_all": -5.37,
            "at_2014_last_all": -7.75,
            "at_2015_last_all": -8.82,
            "at_2016_last_all": -1.56,
            "at_2017_last_all": -1.92,
            "at_2018_last_all": -2.58,
            "at_2019_last_all": -2.89,
            "at_2020_last_all": -4.38,
            "at_2021_last_all": -4.49,
            "at_2022_last_all": 0.48,
            "at_2023_last_all": 3.95,
            "at_2024_last_all": 3.95
        },
        "latest_eps": 9.23,
        "latest_price": 169.5,
        "latest_roe": 19.76,
        "latest_gross_margin": 11.19,
        "latest_equity": 14358247,
        "latest_revenue": 14566270,
        "latest_gross_profit": 1630597,
        "latest_net_income": 1290388,
        "latest_debt_ratio": 73.17,
        "latest_current_ratio": 129.17,
        "latest_account_receivable_turnover_ratio": 2.55,
        "latest_inventory_turnover_ratio": 17.89,
        "latest_reinvestment_rate": -1.03,
        "latest_research_to_sale_ratio": 0.3
    },
    "eps_dividends": {
        "2001": {
            "cash": 2,
            "stock": 8,
            "eps": 10.48
        },
        "2002": {
            "cash": 2,
            "stock": 3,
            "eps": 9.67
        },
        "2003": {
            "cash": 2.5,
            "stock": 2.5,
            "eps": 5.68
        },
        "2004": {
            "cash": 2,
            "stock": 2,
            "eps": 7.52
        },
        "2005": {
            "cash": 4,
            "stock": 1,
            "eps": 7.27
        },
        "2006": {
            "cash": 4.5,
            "stock": 0.5,
            "eps": 5.51
        },
        "2007": {
            "cash": 3.5,
            "stock": 0.5,
            "eps": 5.69
        },
        "2008": {
            "cash": 4,
            "stock": 0,
            "eps": 2.77
        },
        "2009": {
            "cash": 2.5,
            "stock": 0,
            "eps": 1.34
        },
        "2010": {
            "cash": 1,
            "stock": 0,
            "eps": 2.72
        },
        "2011": {
            "cash": 6,
            "stock": 0,
            "eps": 3.26
        },
        "2012": {
            "cash": 0,
            "stock": 0,
            "eps": 2.7
        },
        "2013": {
            "cash": 2,
            "stock": 0,
            "eps": 2.07
        },
        "2014": {
            "cash": 1.5,
            "stock": 0,
            "eps": 1.32
        },
        "2015": {
            "cash": 0.8,
            "stock": 0,
            "eps": 1.02
        },
        "2016": {
            "cash": 1,
            "stock": 0,
            "eps": 2.99
        },
        "2017": {
            "cash": 1.5,
            "stock": 0,
            "eps": 2.77
        },
        "2018": {
            "cash": 1.5,
            "stock": 0,
            "eps": 2.41
        },
        "2019": {
            "cash": 1.5,
            "stock": 0,
            "eps": 2.21
        },
        "2020": {
            "cash": 1.5,
            "stock": 0,
            "eps": 1.52
        },
        "2021": {
            "cash": 1,
            "stock": 0,
            "eps": 1.42
        },
        "2022": {
            "cash": 1.5,
            "stock": 0,
            "eps": 4.44
        },
        "2023": {
            "cash": 3.5,
            "stock": 0,
            "eps": 7.85
        }
    },
    "dividends": {
        "2001-05-31": {
            "cash": 2,
            "stock": 8
        },
        "2002-06-17": {
            "cash": 2,
            "stock": 3
        },
        "2003-03-28": {
            "cash": 2.5,
            "stock": 2.5
        },
        "2004-03-19": {
            "cash": 2,
            "stock": 2
        },
        "2005-03-02": {
            "cash": 4,
            "stock": 1
        },
        "2006-03-13": {
            "cash": 4.5,
            "stock": 0.5
        },
        "2007-03-26": {
            "cash": 3.5,
            "stock": 0.5
        },
        "2008-03-19": {
            "cash": 4,
            "stock": 0
        },
        "2009-04-08": {
            "cash": 2.5,
            "stock": 0
        },
        "2010-06-18": {
            "cash": 1,
            "stock": 0
        },
        "2011-01-01": {
            "cash": 3,
            "stock": 0
        },
        "2011-03-21": {
            "cash": 3,
            "stock": 0
        },
        "2013-03-25": {
            "cash": 2,
            "stock": 0
        },
        "2014-08-15": {
            "cash": 1.5,
            "stock": 0
        },
        "2015-08-31": {
            "cash": 0.8,
            "stock": 0
        },
        "2016-08-31": {
            "cash": 1,
            "stock": 0
        },
        "2017-09-15": {
            "cash": 1.5,
            "stock": 0
        },
        "2018-09-17": {
            "cash": 1.5,
            "stock": 0
        },
        "2019-09-12": {
            "cash": 1.5,
            "stock": 0
        },
        "2020-09-15": {
            "cash": 1.5,
            "stock": 0
        },
        "2021-09-30": {
            "cash": 1,
            "stock": 0
        },
        "2022-09-30": {
            "cash": 1.5,
            "stock": 0
        },
        "2023-09-28": {
            "cash": 3.5,
            "stock": 0
        }
    },
    "prices": {
        "200101": "無",
        "200102": "無",
        "200103": "無",
        "200104": "無",
        "200105": "無",
        "200106": "無",
        "200107": "無",
        "200108": "無",
        "200109": "無",
        "200110": "無",
        "200111": "無",
        "200112": "無",
        "200201": "101.44",
        "200202": "124.17",
        "200203": "113.33",
        "200204": "121.29",
        "200205": "107.30",
        "200206": "104.15",
        "200207": "103.98",
        "200208": "97.77",
        "200209": "79.38",
        "200210": "71.34",
        "200211": "71.50",
        "200212": "71.61",
        "200301": "74.66",
        "200302": "72.12",
        "200303": "67.69",
        "200304": "66.09",
        "200305": "62.07",
        "200306": "65.55",
        "200307": "83.59",
        "200308": "114.40",
        "200309": "100.95",
        "200310": "86.52",
        "200311": "90.05",
        "200312": "97.85",
        "200401": "102.10",
        "200402": "99.88",
        "200403": "95.07",
        "200404": "88.16",
        "200405": "70.74",
        "200406": "69.07",
        "200407": "75.36",
        "200408": "55.20",
        "200409": "62.07",
        "200410": "66.90",
        "200411": "63.23",
        "200412": "62.15",
        "200501": "59.33",
        "200502": "68.58",
        "200503": "78.51",
        "200504": "79.68",
        "200505": "79.34",
        "200506": "80.32",
        "200507": "79.52",
        "200508": "78.25",
        "200509": "68.99",
        "200510": "62.94",
        "200511": "59.25",
        "200512": "62.75",
        "200601": "65.78",
        "200602": "60.48",
        "200603": "58.40",
        "200604": "59.77",
        "200605": "57.55",
        "200606": "50.37",
        "200607": "45.29",
        "200608": "39.10",
        "200609": "38.73",
        "200610": "43.20",
        "200611": "45.17",
        "200612": "52.40",
        "200701": "55.90",
        "200702": "55.31",
        "200703": "52.71",
        "200704": "57.18",
        "200705": "56.49",
        "200706": "57.65",
        "200707": "59.49",
        "200708": "50.03",
        "200709": "45.25",
        "200710": "42.98",
        "200711": "39.90",
        "200712": "37.52",
        "200801": "34.96",
        "200802": "37.22",
        "200803": "39.33",
        "200804": "43.74",
        "200805": "43.99",
        "200806": "41.46",
        "200807": "34.72",
        "200808": "34.43",
        "200809": "31.77",
        "200810": "26.31",
        "200811": "19.19",
        "200812": "16.58",
        "200901": "17.63",
        "200902": "19.66",
        "200903": "22.89",
        "200904": "25.48",
        "200905": "29.14",
        "200906": "29.10",
        "200907": "27.05",
        "200908": "26.50",
        "200909": "27.68",
        "200910": "28.82",
        "200911": "30.72",
        "200912": "38.83",
        "201001": "38.22",
        "201002": "33.81",
        "201003": "35.97",
        "201004": "36.98",
        "201005": "32.65",
        "201006": "30.77",
        "201007": "33.22",
        "201008": "32.63",
        "201009": "30.57",
        "201010": "30.67",
        "201011": "30.10",
        "201012": "30.96",
        "201101": "33.16",
        "201102": "32.42",
        "201103": "33.07",
        "201104": "35.54",
        "201105": "36.72",
        "201106": "37.56",
        "201107": "34.85",
        "201108": "30.36",
        "201109": "26.10",
        "201110": "24.59",
        "201111": "25.73",
        "201112": "26.05",
        "201201": "26.49",
        "201202": "29.20",
        "201203": "33.03",
        "201204": "33.46",
        "201205": "32.85",
        "201206": "31.84",
        "201207": "30.17",
        "201208": "27.90",
        "201209": "28.57",
        "201210": "28.31",
        "201211": "26.09",
        "201212": "26.67",
        "201301": "27.45",
        "201302": "27.82",
        "201303": "28.18",
        "201304": "28.32",
        "201305": "28.91",
        "201306": "28.64",
        "201307": "28.27",
        "201308": "25.85",
        "201309": "27.58",
        "201310": "30.33",
        "201311": "28.79",
        "201312": "27.92",
        "201401": "28.19",
        "201402": "28.05",
        "201403": "27.97",
        "201404": "27.57",
        "201405": "26.44",
        "201406": "26.48",
        "201407": "26.25",
        "201408": "25.81",
        "201409": "25.84",
        "201410": "24.79",
        "201411": "24.70",
        "201412": "24.44",
        "201501": "24.60",
        "201502": "24.23",
        "201503": "23.41",
        "201504": "22.95",
        "201505": "22.11",
        "201506": "21.14",
        "201507": "19.84",
        "201508": "16.98",
        "201509": "16.15",
        "201510": "18.01",
        "201511": "18.07",
        "201512": "17.85",
        "201601": "18.10",
        "201602": "22.54",
        "201603": "34.37",
        "201604": "31.79",
        "201605": "27.22",
        "201606": "25.71",
        "201607": "25.42",
        "201608": "26.28",
        "201609": "27.39",
        "201610": "25.87",
        "201611": "24.86",
        "201612": "30.29",
        "201701": "36.68",
        "201702": "35.91",
        "201703": "37.03",
        "201704": "34.32",
        "201705": "32.79",
        "201706": "33.94",
        "201707": "35.64",
        "201708": "36.41",
        "201709": "34.53",
        "201710": "37.16",
        "201711": "36.47",
        "201712": "33.45",
        "201801": "35.98",
        "201802": "33.93",
        "201803": "35.39",
        "201804": "36.63",
        "201805": "35.93",
        "201806": "34.30",
        "201807": "32.42",
        "201808": "32.14",
        "201809": "31.63",
        "201810": "27.52",
        "201811": "26.13",
        "201812": "26.41",
        "201901": "25.90",
        "201902": "27.40",
        "201903": "28.58",
        "201904": "28.32",
        "201905": "28.06",
        "201906": "27.52",
        "201907": "28.06",
        "201908": "26.29",
        "201909": "25.23",
        "201910": "25.39",
        "201911": "25.38",
        "201912": "29.28",
        "202001": "31.47",
        "202002": "30.33",
        "202003": "24.10",
        "202004": "24.40",
        "202005": "25.76",
        "202006": "27.28",
        "202007": "31.39",
        "202008": "31.68",
        "202009": "27.85",
        "202010": "26.45",
        "202011": "26.95",
        "202012": "28.28",
        "202101": "31.51",
        "202102": "30.23",
        "202103": "31.92",
        "202104": "33.49",
        "202105": "28.63",
        "202106": "29.58",
        "202107": "32.23",
        "202108": "29.96",
        "202109": "29.06",
        "202110": "28.35",
        "202111": "29.13",
        "202112": "28.87",
        "202201": "31.14",
        "202202": "31.37",
        "202203": "31.15",
        "202204": "31.23",
        "202205": "30.38",
        "202206": "31.61",
        "202207": "29.69",
        "202208": "31.91",
        "202209": "30.85",
        "202210": "29.19",
        "202211": "31.64",
        "202212": "37.29",
        "202301": "40.12",
        "202302": "40.68",
        "202303": "46.20",
        "202304": "46.29",
        "202305": "57.48",
        "202306": "60.35",
        "202307": "74.47",
        "202308": "84.74",
        "202309": "94.72",
        "202310": "117.42",
        "202311": "137.50",
        "202312": "152.76"
    },
    "quarters": {
        "20011": {
            "year_quarter": 20011,
            "year": 2001,
            "quarter": 1,
            "eps": 3,
            "eps_growth_year": null,
            "eps_4q": null,
            "eps_4q_growth_year": null,
            "roe": 10.26,
            "roe_4q": 10.26,
            "gross_profit": 124294,
            "gross_margin": 16.09,
            "gross_margin_4q_avg": 16.09,
            "net_income": 84459,
            "net_income_4q": null,
            "revenue": 772580,
            "revenue_4q": null,
            "common_shares": 281350,
            "book_valuer_per_share": 30.75,
            "book_valuer_per_share_4q_avg": 30.75,
            "equity": 865064,
            "current_ratio": 177.81,
            "debt_ratio": 52,
            "inventory_turnover_ratio": 3.49,
            "account_receivable_turnover_ratio": null,
            "reinvestment_rate": null,
            "research_to_sale_ratio": null,
            "price_fair": 0,
            "eps_avg_yearly": 0,
            "eps_latest_yearly": 0,
            "eps_growth_yearly": 0
        },
        "20012": {
            "year_quarter": 20012,
            "year": 2001,
            "quarter": 2,
            "eps": 6.38,
            "eps_growth_year": null,
            "eps_4q": null,
            "eps_4q_growth_year": null,
            "roe": 32.68,
            "roe_4q": 42.94,
            "gross_profit": 363517,
            "gross_margin": 25.85,
            "gross_margin_4q_avg": 20.97,
            "net_income": 325510,
            "net_income_4q": null,
            "revenue": 1406226,
            "revenue_4q": null,
            "common_shares": 281350,
            "book_valuer_per_share": 40.05,
            "book_valuer_per_share_4q_avg": 35.4,
            "equity": 1126823,
            "current_ratio": 218.07,
            "debt_ratio": 41.84,
            "inventory_turnover_ratio": 6.54,
            "account_receivable_turnover_ratio": null,
            "reinvestment_rate": null,
            "research_to_sale_ratio": null,
            "price_fair": 0,
            "eps_avg_yearly": 0,
            "eps_latest_yearly": 0,
            "eps_growth_yearly": 0
        },
        "20013": {
            "year_quarter": 20013,
            "year": 2001,
            "quarter": 3,
            "eps": 0.21,
            "eps_growth_year": null,
            "eps_4q": null,
            "eps_4q_growth_year": null,
            "roe": 0.93,
            "roe_4q": 43.87,
            "gross_profit": 28389,
            "gross_margin": 18.74,
            "gross_margin_4q_avg": 20.23,
            "net_income": 10559,
            "net_income_4q": null,
            "revenue": 151517,
            "revenue_4q": null,
            "common_shares": 510000,
            "book_valuer_per_share": 22.3,
            "book_valuer_per_share_4q_avg": 31.03,
            "equity": 1137382,
            "current_ratio": 238.82,
            "debt_ratio": 38.43,
            "inventory_turnover_ratio": 1.12,
            "account_receivable_turnover_ratio": null,
            "reinvestment_rate": null,
            "research_to_sale_ratio": null,
            "price_fair": 0,
            "eps_avg_yearly": 0,
            "eps_latest_yearly": 0,
            "eps_growth_yearly": 0
        },
        "20014": {
            "year_quarter": 20014,
            "year": 2001,
            "quarter": 4,
            "eps": 0.89,
            "eps_growth_year": null,
            "eps_4q": 9.15,
            "eps_4q_growth_year": null,
            "roe": 3.9,
            "roe_4q": 47.769999999999996,
            "gross_profit": 115822,
            "gross_margin": 22.79,
            "gross_margin_4q_avg": 20.87,
            "net_income": 45311,
            "net_income_4q": null,
            "revenue": 508166,
            "revenue_4q": null,
            "common_shares": 510000,
            "book_valuer_per_share": 23.21,
            "book_valuer_per_share_4q_avg": 29.08,
            "equity": 1183948,
            "current_ratio": 204.44,
            "debt_ratio": 47.46,
            "inventory_turnover_ratio": 2.33,
            "account_receivable_turnover_ratio": null,
            "reinvestment_rate": null,
            "research_to_sale_ratio": null,
            "price_fair": 0,
            "eps_avg_yearly": 0,
            "eps_latest_yearly": 0,
            "eps_growth_yearly": 0
        },
        "20021": {
            "year_quarter": 20021,
            "year": 2002,
            "quarter": 1,
            "eps": 1.66,
            "eps_growth_year": -44.67,
            "eps_4q": 9.16,
            "eps_4q_growth_year": null,
            "roe": 6.89,
            "roe_4q": 44.4,
            "gross_profit": 120741,
            "gross_margin": 40.82,
            "gross_margin_4q_avg": 27.05,
            "net_income": 84446,
            "net_income_4q": null,
            "revenue": 295783,
            "revenue_4q": null,
            "common_shares": 510000,
            "book_valuer_per_share": 24.87,
            "book_valuer_per_share_4q_avg": 27.61,
            "equity": 1268299,
            "current_ratio": 247.97,
            "debt_ratio": 36.67,
            "inventory_turnover_ratio": 1.36,
            "account_receivable_turnover_ratio": null,
            "reinvestment_rate": null,
            "research_to_sale_ratio": null,
            "price_fair": 232.4,
            "eps_avg_yearly": 6.64,
            "eps_latest_yearly": 6.64,
            "eps_growth_yearly": 346.07
        },
        "20022": {
            "year_quarter": 20022,
            "year": 2002,
            "quarter": 2,
            "eps": 4.1,
            "eps_growth_year": -35.74,
            "eps_4q": 6.85,
            "eps_4q_growth_year": null,
            "roe": 15.92,
            "roe_4q": 27.639999999999997,
            "gross_profit": 201781,
            "gross_margin": 23.42,
            "gross_margin_4q_avg": 26.44,
            "net_income": 208975,
            "net_income_4q": null,
            "revenue": 861446,
            "revenue_4q": null,
            "common_shares": 510000,
            "book_valuer_per_share": 26.62,
            "book_valuer_per_share_4q_avg": 24.25,
            "equity": 1357441,
            "current_ratio": 213.55,
            "debt_ratio": 42.02,
            "inventory_turnover_ratio": 8.8,
            "account_receivable_turnover_ratio": null,
            "reinvestment_rate": null,
            "research_to_sale_ratio": null,
            "price_fair": 403.2,
            "eps_avg_yearly": 11.52,
            "eps_latest_yearly": 16.4,
            "eps_growth_yearly": 467.01
        },
        "20023": {
            "year_quarter": 20023,
            "year": 2002,
            "quarter": 3,
            "eps": 0.45,
            "eps_growth_year": 114.29,
            "eps_4q": 5.58,
            "eps_4q_growth_year": null,
            "roe": 2.16,
            "roe_4q": 28.869999999999997,
            "gross_profit": 62653,
            "gross_margin": 28.52,
            "gross_margin_4q_avg": 28.89,
            "net_income": 29722,
            "net_income_4q": null,
            "revenue": 219702,
            "revenue_4q": null,
            "common_shares": 666000,
            "book_valuer_per_share": 20.96,
            "book_valuer_per_share_4q_avg": 23.92,
            "equity": 1395874,
            "current_ratio": 306.19,
            "debt_ratio": 29.69,
            "inventory_turnover_ratio": 1.4,
            "account_receivable_turnover_ratio": null,
            "reinvestment_rate": null,
            "research_to_sale_ratio": null,
            "price_fair": 289.8,
            "eps_avg_yearly": 8.28,
            "eps_latest_yearly": 1.8,
            "eps_growth_yearly": 192.64
        },
        "20024": {
            "year_quarter": 20024,
            "year": 2002,
            "quarter": 4,
            "eps": 3.46,
            "eps_growth_year": 288.76,
            "eps_4q": 8.31,
            "eps_4q_growth_year": -9.13,
            "roe": 15.15,
            "roe_4q": 40.120000000000005,
            "gross_profit": 242409,
            "gross_margin": 15.96,
            "gross_margin_4q_avg": 27.18,
            "net_income": 230318,
            "net_income_4q": null,
            "revenue": 1518461,
            "revenue_4q": null,
            "common_shares": 666000,
            "book_valuer_per_share": 24.45,
            "book_valuer_per_share_4q_avg": 24.23,
            "equity": 1643883,
            "current_ratio": 213.15,
            "debt_ratio": 44.5,
            "inventory_turnover_ratio": 4.54,
            "account_receivable_turnover_ratio": null,
            "reinvestment_rate": null,
            "research_to_sale_ratio": null,
            "price_fair": 338.45,
            "eps_avg_yearly": 9.67,
            "eps_latest_yearly": 13.84,
            "eps_growth_yearly": 813.37
        },
        "20031": {
            "year_quarter": 20031,
            "year": 2003,
            "quarter": 1,
            "eps": 1.09,
            "eps_growth_year": -34.34,
            "eps_4q": 8.14,
            "eps_4q_growth_year": -11.14,
            "roe": 4.34,
            "roe_4q": 37.57,
            "gross_profit": 144240,
            "gross_margin": 11.99,
            "gross_margin_4q_avg": 19.97,
            "net_income": 72544,
            "net_income_4q": null,
            "revenue": 1202662,
            "revenue_4q": null,
            "common_shares": 666000,
            "book_valuer_per_share": 25.5,
            "book_valuer_per_share_4q_avg": 24.38,
            "equity": 1698627,
            "current_ratio": 181.18,
            "debt_ratio": 48.38,
            "inventory_turnover_ratio": 1.92,
            "account_receivable_turnover_ratio": null,
            "reinvestment_rate": null,
            "research_to_sale_ratio": null,
            "price_fair": 301.28,
            "eps_avg_yearly": 8.61,
            "eps_latest_yearly": 4.36,
            "eps_growth_yearly": 595.9
        },
        "20032": {
            "year_quarter": 20032,
            "year": 2003,
            "quarter": 2,
            "eps": 1.72,
            "eps_growth_year": -58.05,
            "eps_4q": 6.36,
            "eps_4q_growth_year": -7.24,
            "roe": 6.91,
            "roe_4q": 28.56,
            "gross_profit": 159202,
            "gross_margin": 26.8,
            "gross_margin_4q_avg": 20.82,
            "net_income": 123371,
            "net_income_4q": null,
            "revenue": 594120,
            "revenue_4q": null,
            "common_shares": 716000,
            "book_valuer_per_share": 26.17,
            "book_valuer_per_share_4q_avg": 24.27,
            "equity": 1873508,
            "current_ratio": 253.85,
            "debt_ratio": 50,
            "inventory_turnover_ratio": 0.81,
            "account_receivable_turnover_ratio": null,
            "reinvestment_rate": null,
            "research_to_sale_ratio": null,
            "price_fair": 291.2,
            "eps_avg_yearly": 8.32,
            "eps_latest_yearly": 6.88,
            "eps_growth_yearly": 535.11
        },
        "20033": {
            "year_quarter": 20033,
            "year": 2003,
            "quarter": 3,
            "eps": 1.04,
            "eps_growth_year": 131.11,
            "eps_4q": 5.81,
            "eps_4q_growth_year": 4.08,
            "roe": 4.15,
            "roe_4q": 30.55,
            "gross_profit": 104455,
            "gross_margin": 25.52,
            "gross_margin_4q_avg": 20.07,
            "net_income": 93009,
            "net_income_4q": null,
            "revenue": 409319,
            "revenue_4q": null,
            "common_shares": 1019466,
            "book_valuer_per_share": 25.54,
            "book_valuer_per_share_4q_avg": 25.42,
            "equity": 2603663,
            "current_ratio": 393.49,
            "debt_ratio": 20.65,
            "inventory_turnover_ratio": 0.89,
            "account_receivable_turnover_ratio": null,
            "reinvestment_rate": null,
            "research_to_sale_ratio": null,
            "price_fair": 270.4,
            "eps_avg_yearly": 7.73,
            "eps_latest_yearly": 4.16,
            "eps_growth_yearly": 436.08
        },
        "20034": {
            "year_quarter": 20034,
            "year": 2003,
            "quarter": 4,
            "eps": 1.83,
            "eps_growth_year": -47.11,
            "eps_4q": 4.95,
            "eps_4q_growth_year": -40.5,
            "roe": 6.3,
            "roe_4q": 21.7,
            "gross_profit": 203770,
            "gross_margin": 29.56,
            "gross_margin_4q_avg": 23.47,
            "net_income": 169632,
            "net_income_4q": null,
            "revenue": 689230,
            "revenue_4q": null,
            "common_shares": 1020408,
            "book_valuer_per_share": 27.3,
            "book_valuer_per_share_4q_avg": 26.13,
            "equity": 2785212,
            "current_ratio": 402.16,
            "debt_ratio": 23.42,
            "inventory_turnover_ratio": 1.74,
            "account_receivable_turnover_ratio": null,
            "reinvestment_rate": null,
            "research_to_sale_ratio": null,
            "price_fair": 268.63,
            "eps_avg_yearly": 7.68,
            "eps_latest_yearly": 7.32,
            "eps_growth_yearly": 419.55
        },
        "20041": {
            "year_quarter": 20041,
            "year": 2004,
            "quarter": 1,
            "eps": 0.32,
            "eps_growth_year": -70.64,
            "eps_4q": 4.07,
            "eps_4q_growth_year": -49.97,
            "roe": 1.18,
            "roe_4q": 18.54,
            "gross_profit": 62809,
            "gross_margin": 11.04,
            "gross_margin_4q_avg": 23.23,
            "net_income": 32929,
            "net_income_4q": null,
            "revenue": 569055,
            "revenue_4q": null,
            "common_shares": 1020408,
            "book_valuer_per_share": 27.47,
            "book_valuer_per_share_4q_avg": 26.62,
            "equity": 2803149,
            "current_ratio": 191.64,
            "debt_ratio": 45.98,
            "inventory_turnover_ratio": 1.57,
            "account_receivable_turnover_ratio": null,
            "reinvestment_rate": null,
            "research_to_sale_ratio": null,
            "price_fair": 243.76,
            "eps_avg_yearly": 6.96,
            "eps_latest_yearly": 1.28,
            "eps_growth_yearly": 336.26
        },
        "20042": {
            "year_quarter": 20042,
            "year": 2004,
            "quarter": 2,
            "eps": 0.68,
            "eps_growth_year": -60.47,
            "eps_4q": 3.59,
            "eps_4q_growth_year": -43.53,
            "roe": 2.53,
            "roe_4q": 14.16,
            "gross_profit": 154440,
            "gross_margin": 13.59,
            "gross_margin_4q_avg": 19.93,
            "net_income": 69080,
            "net_income_4q": null,
            "revenue": 1136667,
            "revenue_4q": null,
            "common_shares": 1227490,
            "book_valuer_per_share": 21.65,
            "book_valuer_per_share_4q_avg": 25.49,
            "equity": 2657850,
            "current_ratio": 205.77,
            "debt_ratio": 59.41,
            "inventory_turnover_ratio": 2.72,
            "account_receivable_turnover_ratio": null,
            "reinvestment_rate": null,
            "research_to_sale_ratio": null,
            "price_fair": 228.9,
            "eps_avg_yearly": 6.54,
            "eps_latest_yearly": 2.72,
            "eps_growth_yearly": 347.63
        },
        "20043": {
            "year_quarter": 20043,
            "year": 2004,
            "quarter": 3,
            "eps": 3.59,
            "eps_growth_year": 245.19,
            "eps_4q": 5.8,
            "eps_4q_growth_year": -0.04,
            "roe": 15.28,
            "roe_4q": 25.29,
            "gross_profit": 626945,
            "gross_margin": 17.72,
            "gross_margin_4q_avg": 17.98,
            "net_income": 440546,
            "net_income_4q": null,
            "revenue": 3537529,
            "revenue_4q": null,
            "common_shares": 1227489,
            "book_valuer_per_share": 25.33,
            "book_valuer_per_share_4q_avg": 25.44,
            "equity": 3109652,
            "current_ratio": 249.41,
            "debt_ratio": 51.83,
            "inventory_turnover_ratio": 4.21,
            "account_receivable_turnover_ratio": null,
            "reinvestment_rate": null,
            "research_to_sale_ratio": null,
            "price_fair": 253.78,
            "eps_avg_yearly": 7.25,
            "eps_latest_yearly": 14.36,
            "eps_growth_yearly": 471.65
        },
        "20044": {
            "year_quarter": 20044,
            "year": 2004,
            "quarter": 4,
            "eps": 2.93,
            "eps_growth_year": 60.11,
            "eps_4q": 7.34,
            "eps_4q_growth_year": 48.42,
            "roe": 11,
            "roe_4q": 29.990000000000002,
            "gross_profit": 544181,
            "gross_margin": 18.46,
            "gross_margin_4q_avg": 15.2,
            "net_income": 360281,
            "net_income_4q": null,
            "revenue": 2947743,
            "revenue_4q": null,
            "common_shares": 1228831,
            "book_valuer_per_share": 27.99,
            "book_valuer_per_share_4q_avg": 25.61,
            "equity": 3439298,
            "current_ratio": 268.23,
            "debt_ratio": 49.73,
            "inventory_turnover_ratio": 2.27,
            "account_receivable_turnover_ratio": null,
            "reinvestment_rate": 7.2,
            "research_to_sale_ratio": null,
            "price_fair": 266.82,
            "eps_avg_yearly": 7.62,
            "eps_latest_yearly": 11.72,
            "eps_growth_yearly": 426.21
        },
        "20051": {
            "year_quarter": 20051,
            "year": 2005,
            "quarter": 1,
            "eps": 2.49,
            "eps_growth_year": 678.12,
            "eps_4q": 9.58,
            "eps_4q_growth_year": 135.24,
            "roe": 8.37,
            "roe_4q": 37.18,
            "gross_profit": 451985,
            "gross_margin": 15.22,
            "gross_margin_4q_avg": 16.25,
            "net_income": 305633,
            "net_income_4q": null,
            "revenue": 2970577,
            "revenue_4q": null,
            "common_shares": 1246722,
            "book_valuer_per_share": 30.98,
            "book_valuer_per_share_4q_avg": 26.49,
            "equity": 3862197,
            "current_ratio": 238.75,
            "debt_ratio": 49.25,
            "inventory_turnover_ratio": 1.51,
            "account_receivable_turnover_ratio": null,
            "reinvestment_rate": 0.16,
            "research_to_sale_ratio": null,
            "price_fair": 273.11,
            "eps_avg_yearly": 7.8,
            "eps_latest_yearly": 9.96,
            "eps_growth_yearly": 388.81
        },
        "20052": {
            "year_quarter": 20052,
            "year": 2005,
            "quarter": 2,
            "eps": 1.17,
            "eps_growth_year": 72.06,
            "eps_4q": 10.08,
            "eps_4q_growth_year": 180.69,
            "roe": 3.89,
            "roe_4q": 38.54,
            "gross_profit": 356026,
            "gross_margin": 17.6,
            "gross_margin_4q_avg": 17.25,
            "net_income": 145368,
            "net_income_4q": null,
            "revenue": 2023000,
            "revenue_4q": null,
            "common_shares": 1265956,
            "book_valuer_per_share": 28.54,
            "book_valuer_per_share_4q_avg": 28.21,
            "equity": 3613062,
            "current_ratio": 222.25,
            "debt_ratio": 51.35,
            "inventory_turnover_ratio": 1.1,
            "account_receivable_turnover_ratio": null,
            "reinvestment_rate": -0.69,
            "research_to_sale_ratio": null,
            "price_fair": 265.3,
            "eps_avg_yearly": 7.58,
            "eps_latest_yearly": 4.68,
            "eps_growth_yearly": 345.89
        },
        "20053": {
            "year_quarter": 20053,
            "year": 2005,
            "quarter": 3,
            "eps": 1.68,
            "eps_growth_year": -53.2,
            "eps_4q": 7.55,
            "eps_4q_growth_year": 30.06,
            "roe": 6.07,
            "roe_4q": 29.33,
            "gross_profit": 340100,
            "gross_margin": 20.6,
            "gross_margin_4q_avg": 17.97,
            "net_income": 232255,
            "net_income_4q": null,
            "revenue": 1650568,
            "revenue_4q": null,
            "common_shares": 1416323,
            "book_valuer_per_share": 28.49,
            "book_valuer_per_share_4q_avg": 29,
            "equity": 4034824,
            "current_ratio": 314.06,
            "debt_ratio": 38.42,
            "inventory_turnover_ratio": 1.32,
            "account_receivable_turnover_ratio": null,
            "reinvestment_rate": -0.59,
            "research_to_sale_ratio": null,
            "price_fair": 263.29,
            "eps_avg_yearly": 7.52,
            "eps_latest_yearly": 6.72,
            "eps_growth_yearly": 334.45
        },
        "20054": {
            "year_quarter": 20054,
            "year": 2005,
            "quarter": 4,
            "eps": 1.93,
            "eps_growth_year": -34.13,
            "eps_4q": 6.84,
            "eps_4q_growth_year": -6.83,
            "roe": 6.43,
            "roe_4q": 24.759999999999998,
            "gross_profit": 183735,
            "gross_margin": 20.14,
            "gross_margin_4q_avg": 18.39,
            "net_income": 268508,
            "net_income_4q": null,
            "revenue": 912115,
            "revenue_4q": null,
            "common_shares": 1416323,
            "book_valuer_per_share": 30.52,
            "book_valuer_per_share_4q_avg": 29.63,
            "equity": 4322339,
            "current_ratio": 324.23,
            "debt_ratio": 37.68,
            "inventory_turnover_ratio": 0.6,
            "account_receivable_turnover_ratio": null,
            "reinvestment_rate": 4.67,
            "research_to_sale_ratio": null,
            "price_fair": 263.73,
            "eps_avg_yearly": 7.54,
            "eps_latest_yearly": 7.72,
            "eps_growth_yearly": 317.27
        },
        "20061": {
            "year_quarter": 20061,
            "year": 2006,
            "quarter": 1,
            "eps": 0.88,
            "eps_growth_year": -64.66,
            "eps_4q": 5.27,
            "eps_4q_growth_year": -45.01,
            "roe": 2.63,
            "roe_4q": 19.02,
            "gross_profit": 193079,
            "gross_margin": 23.22,
            "gross_margin_4q_avg": 20.39,
            "net_income": 129635,
            "net_income_4q": null,
            "revenue": 831495,
            "revenue_4q": null,
            "common_shares": 1621323,
            "book_valuer_per_share": 34.03,
            "book_valuer_per_share_4q_avg": 30.4,
            "equity": 5517470,
            "current_ratio": 325.77,
            "debt_ratio": 27.39,
            "inventory_turnover_ratio": 0.52,
            "account_receivable_turnover_ratio": null,
            "reinvestment_rate": -0.02,
            "research_to_sale_ratio": null,
            "price_fair": 256.9,
            "eps_avg_yearly": 7.34,
            "eps_latest_yearly": 3.52,
            "eps_growth_yearly": 282.04
        },
        "20062": {
            "year_quarter": 20062,
            "year": 2006,
            "quarter": 2,
            "eps": 0.87,
            "eps_growth_year": -25.64,
            "eps_4q": 4.95,
            "eps_4q_growth_year": -50.84,
            "roe": 2.58,
            "roe_4q": 17.71,
            "gross_profit": 159387,
            "gross_margin": 17.84,
            "gross_margin_4q_avg": 20.45,
            "net_income": 134313,
            "net_income_4q": null,
            "revenue": 893285,
            "revenue_4q": null,
            "common_shares": 1621323,
            "book_valuer_per_share": 30.26,
            "book_valuer_per_share_4q_avg": 30.83,
            "equity": 4905789,
            "current_ratio": 239.43,
            "debt_ratio": 36.94,
            "inventory_turnover_ratio": 0.58,
            "account_receivable_turnover_ratio": null,
            "reinvestment_rate": 1.85,
            "research_to_sale_ratio": null,
            "price_fair": 228.64,
            "eps_avg_yearly": 6.53,
            "eps_latest_yearly": 3.48,
            "eps_growth_yearly": 245.01
        },
        "20063": {
            "year_quarter": 20063,
            "year": 2006,
            "quarter": 3,
            "eps": 1.53,
            "eps_growth_year": -8.93,
            "eps_4q": 4.75,
            "eps_4q_growth_year": -37.13,
            "roe": 5.02,
            "roe_4q": 16.66,
            "gross_profit": 268981,
            "gross_margin": 24.07,
            "gross_margin_4q_avg": 21.32,
            "net_income": 253342,
            "net_income_4q": null,
            "revenue": 1117360,
            "revenue_4q": null,
            "common_shares": 1704640,
            "book_valuer_per_share": 30.4,
            "book_valuer_per_share_4q_avg": 31.3,
            "equity": 5181465,
            "current_ratio": 344.8,
            "debt_ratio": 25.2,
            "inventory_turnover_ratio": 0.6,
            "account_receivable_turnover_ratio": null,
            "reinvestment_rate": 1.75,
            "research_to_sale_ratio": null,
            "price_fair": 238.09,
            "eps_avg_yearly": 6.8,
            "eps_latest_yearly": 6.12,
            "eps_growth_yearly": 286.23
        },
        "20064": {
            "year_quarter": 20064,
            "year": 2006,
            "quarter": 4,
            "eps": 2.23,
            "eps_growth_year": 15.54,
            "eps_4q": 5.34,
            "eps_4q_growth_year": -21.96,
            "roe": 6.91,
            "roe_4q": 17.14,
            "gross_profit": 389125,
            "gross_margin": 21.93,
            "gross_margin_4q_avg": 21.77,
            "net_income": 371098,
            "net_income_4q": null,
            "revenue": 1774488,
            "revenue_4q": null,
            "common_shares": 1704640,
            "book_valuer_per_share": 32.58,
            "book_valuer_per_share_4q_avg": 31.82,
            "equity": 5553827,
            "current_ratio": 278.11,
            "debt_ratio": 31.06,
            "inventory_turnover_ratio": 0.83,
            "account_receivable_turnover_ratio": null,
            "reinvestment_rate": 5.91,
            "research_to_sale_ratio": null,
            "price_fair": 227.33,
            "eps_avg_yearly": 6.5,
            "eps_latest_yearly": 8.92,
            "eps_growth_yearly": 130.45
        },
        "20071": {
            "year_quarter": 20071,
            "year": 2007,
            "quarter": 1,
            "eps": 0.51,
            "eps_growth_year": -42.05,
            "eps_4q": 4.96,
            "eps_4q_growth_year": -5.76,
            "roe": 1.55,
            "roe_4q": 16.060000000000002,
            "gross_profit": 86545,
            "gross_margin": 6.48,
            "gross_margin_4q_avg": 17.58,
            "net_income": 86902,
            "net_income_4q": null,
            "revenue": 1335596,
            "revenue_4q": null,
            "common_shares": 1704640,
            "book_valuer_per_share": 33.24,
            "book_valuer_per_share_4q_avg": 31.62,
            "equity": 5665944,
            "current_ratio": 264.04,
            "debt_ratio": 29.87,
            "inventory_turnover_ratio": 0.74,
            "account_receivable_turnover_ratio": null,
            "reinvestment_rate": 1.92,
            "research_to_sale_ratio": null,
            "price_fair": 222.25,
            "eps_avg_yearly": 6.35,
            "eps_latest_yearly": 2.04,
            "eps_growth_yearly": 128.29
        },
        "20072": {
            "year_quarter": 20072,
            "year": 2007,
            "quarter": 2,
            "eps": 1.53,
            "eps_growth_year": 75.86,
            "eps_4q": 5.71,
            "eps_4q_growth_year": 15.29,
            "roe": 4.75,
            "roe_4q": 18.23,
            "gross_profit": 192853,
            "gross_margin": 11.28,
            "gross_margin_4q_avg": 15.94,
            "net_income": 260328,
            "net_income_4q": null,
            "revenue": 1710156,
            "revenue_4q": null,
            "common_shares": 1704640,
            "book_valuer_per_share": 31.08,
            "book_valuer_per_share_4q_avg": 31.83,
            "equity": 5297830,
            "current_ratio": 191.13,
            "debt_ratio": 43.05,
            "inventory_turnover_ratio": 1.09,
            "account_receivable_turnover_ratio": null,
            "reinvestment_rate": 11.65,
            "research_to_sale_ratio": null,
            "price_fair": 220.59,
            "eps_avg_yearly": 6.3,
            "eps_latest_yearly": 6.12,
            "eps_growth_yearly": 163.84
        },
        "20073": {
            "year_quarter": 20073,
            "year": 2007,
            "quarter": 3,
            "eps": 0.72,
            "eps_growth_year": -52.94,
            "eps_4q": 4.7,
            "eps_4q_growth_year": -0.91,
            "roe": 2.32,
            "roe_4q": 15.530000000000001,
            "gross_profit": 176282,
            "gross_margin": 12.55,
            "gross_margin_4q_avg": 13.06,
            "net_income": 129867,
            "net_income_4q": null,
            "revenue": 1404138,
            "revenue_4q": null,
            "common_shares": 1794372,
            "book_valuer_per_share": 32.82,
            "book_valuer_per_share_4q_avg": 32.43,
            "equity": 5888552,
            "current_ratio": 243.06,
            "debt_ratio": 31.99,
            "inventory_turnover_ratio": 0.99,
            "account_receivable_turnover_ratio": null,
            "reinvestment_rate": 11.79,
            "research_to_sale_ratio": null,
            "price_fair": 217.79,
            "eps_avg_yearly": 6.22,
            "eps_latest_yearly": 2.88,
            "eps_growth_yearly": 160.49
        },
        "20074": {
            "year_quarter": 20074,
            "year": 2007,
            "quarter": 4,
            "eps": 2.93,
            "eps_growth_year": 31.39,
            "eps_4q": 5.54,
            "eps_4q_growth_year": 3.73,
            "roe": 8.43,
            "roe_4q": 17.05,
            "gross_profit": 490176,
            "gross_margin": 19.25,
            "gross_margin_4q_avg": 12.39,
            "net_income": 536041,
            "net_income_4q": null,
            "revenue": 2546893,
            "revenue_4q": null,
            "common_shares": 1994372,
            "book_valuer_per_share": 34.24,
            "book_valuer_per_share_4q_avg": 32.85,
            "equity": 6829450,
            "current_ratio": 269.68,
            "debt_ratio": 31.83,
            "inventory_turnover_ratio": 1.26,
            "account_receivable_turnover_ratio": null,
            "reinvestment_rate": 13.23,
            "research_to_sale_ratio": null,
            "price_fair": 227.41,
            "eps_avg_yearly": 6.5,
            "eps_latest_yearly": 11.72,
            "eps_growth_yearly": 218.23
        },
        "20081": {
            "year_quarter": 20081,
            "year": 2008,
            "quarter": 1,
            "eps": 0.73,
            "eps_growth_year": 43.14,
            "eps_4q": 5.39,
            "eps_4q_growth_year": 8.52,
            "roe": 2.09,
            "roe_4q": 17.59,
            "gross_profit": 105380,
            "gross_margin": 7.33,
            "gross_margin_4q_avg": 12.6,
            "net_income": 145238,
            "net_income_4q": null,
            "revenue": 1437755,
            "revenue_4q": null,
            "common_shares": 1994372,
            "book_valuer_per_share": 34.41,
            "book_valuer_per_share_4q_avg": 33.14,
            "equity": 7046865,
            "current_ratio": 332.64,
            "debt_ratio": 25.84,
            "inventory_turnover_ratio": 0.68,
            "account_receivable_turnover_ratio": null,
            "reinvestment_rate": 14.78,
            "research_to_sale_ratio": null,
            "price_fair": 231,
            "eps_avg_yearly": 6.6,
            "eps_latest_yearly": 2.92,
            "eps_growth_yearly": 220.09
        },
        "20082": {
            "year_quarter": 20082,
            "year": 2008,
            "quarter": 2,
            "eps": 0.78,
            "eps_growth_year": -49.02,
            "eps_4q": 4.23,
            "eps_4q_growth_year": -25.89,
            "roe": 2.63,
            "roe_4q": 15.469999999999999,
            "gross_profit": 294947,
            "gross_margin": 19.59,
            "gross_margin_4q_avg": 14.68,
            "net_income": 178297,
            "net_income_4q": null,
            "revenue": 1505726,
            "revenue_4q": null,
            "common_shares": 1994372,
            "book_valuer_per_share": 30.94,
            "book_valuer_per_share_4q_avg": 33.1,
            "equity": 6501191,
            "current_ratio": 255.46,
            "debt_ratio": 35.6,
            "inventory_turnover_ratio": 0.58,
            "account_receivable_turnover_ratio": null,
            "reinvestment_rate": 14.45,
            "research_to_sale_ratio": null,
            "price_fair": 231.88,
            "eps_avg_yearly": 6.63,
            "eps_latest_yearly": 3.12,
            "eps_growth_yearly": 193.68
        },
        "20083": {
            "year_quarter": 20083,
            "year": 2008,
            "quarter": 3,
            "eps": 0.54,
            "eps_growth_year": -25,
            "eps_4q": 5.58,
            "eps_4q_growth_year": 18.56,
            "roe": 1.4,
            "roe_4q": 14.549999999999999,
            "gross_profit": 145651,
            "gross_margin": 5.04,
            "gross_margin_4q_avg": 12.8,
            "net_income": 91444,
            "net_income_4q": null,
            "revenue": 2889289,
            "revenue_4q": null,
            "common_shares": 1994372,
            "book_valuer_per_share": 31.09,
            "book_valuer_per_share_4q_avg": 32.67,
            "equity": 6561392,
            "current_ratio": 248.25,
            "debt_ratio": 36.87,
            "inventory_turnover_ratio": 1.06,
            "account_receivable_turnover_ratio": null,
            "reinvestment_rate": 15.89,
            "research_to_sale_ratio": null,
            "price_fair": 205.19,
            "eps_avg_yearly": 5.86,
            "eps_latest_yearly": 2.16,
            "eps_growth_yearly": 79
        },
        "20084": {
            "year_quarter": 20084,
            "year": 2008,
            "quarter": 4,
            "eps": 0.72,
            "eps_growth_year": -75.43,
            "eps_4q": 1.97,
            "eps_4q_growth_year": -64.37,
            "roe": 3.01,
            "roe_4q": 9.129999999999999,
            "gross_profit": 408003,
            "gross_margin": 10.85,
            "gross_margin_4q_avg": 10.7,
            "net_income": 201013,
            "net_income_4q": null,
            "revenue": 3759964,
            "revenue_4q": null,
            "common_shares": 1924592,
            "book_valuer_per_share": 32.97,
            "book_valuer_per_share_4q_avg": 32.35,
            "equity": 6775869,
            "current_ratio": 221.05,
            "debt_ratio": 41.62,
            "inventory_turnover_ratio": 1.65,
            "account_receivable_turnover_ratio": 1.76,
            "reinvestment_rate": 12.83,
            "research_to_sale_ratio": null,
            "price_fair": 185.85,
            "eps_avg_yearly": 5.31,
            "eps_latest_yearly": 2.88,
            "eps_growth_yearly": 91.93
        },
        "20091": {
            "year_quarter": 20091,
            "year": 2009,
            "quarter": 1,
            "eps": 0.44,
            "eps_growth_year": -39.73,
            "eps_4q": 2.41,
            "eps_4q_growth_year": -55.33,
            "roe": 1.31,
            "roe_4q": 8.350000000000001,
            "gross_profit": 141695,
            "gross_margin": 12.02,
            "gross_margin_4q_avg": 11.88,
            "net_income": 89285,
            "net_income_4q": null,
            "revenue": 1178728,
            "revenue_4q": null,
            "common_shares": 1904882,
            "book_valuer_per_share": 33.67,
            "book_valuer_per_share_4q_avg": 32.17,
            "equity": 6872832,
            "current_ratio": 258.63,
            "debt_ratio": 35.39,
            "inventory_turnover_ratio": 0.95,
            "account_receivable_turnover_ratio": 0.55,
            "reinvestment_rate": 17.49,
            "research_to_sale_ratio": null,
            "price_fair": 167.91,
            "eps_avg_yearly": 4.8,
            "eps_latest_yearly": 1.76,
            "eps_growth_yearly": 85.96
        },
        "20092": {
            "year_quarter": 20092,
            "year": 2009,
            "quarter": 2,
            "eps": 0.09,
            "eps_growth_year": -88.46,
            "eps_4q": 2.22,
            "eps_4q_growth_year": -47.55,
            "roe": 0.21,
            "roe_4q": 5.93,
            "gross_profit": 107321,
            "gross_margin": 9.99,
            "gross_margin_4q_avg": 9.48,
            "net_income": 14145,
            "net_income_4q": null,
            "revenue": 1074013,
            "revenue_4q": null,
            "common_shares": 1882512,
            "book_valuer_per_share": 31.4,
            "book_valuer_per_share_4q_avg": 32.28,
            "equity": 6352361,
            "current_ratio": 259.07,
            "debt_ratio": 35.05,
            "inventory_turnover_ratio": 1.19,
            "account_receivable_turnover_ratio": 0.71,
            "reinvestment_rate": 18.15,
            "research_to_sale_ratio": null,
            "price_fair": 158.46,
            "eps_avg_yearly": 4.53,
            "eps_latest_yearly": 0.36,
            "eps_growth_yearly": 79.33
        },
        "20093": {
            "year_quarter": 20093,
            "year": 2009,
            "quarter": 3,
            "eps": 0.4,
            "eps_growth_year": -25.93,
            "eps_4q": 1.62,
            "eps_4q_growth_year": -71.01,
            "roe": 1.24,
            "roe_4q": 5.77,
            "gross_profit": 193646,
            "gross_margin": 15.5,
            "gross_margin_4q_avg": 12.09,
            "net_income": 78760,
            "net_income_4q": null,
            "revenue": 1249371,
            "revenue_4q": null,
            "common_shares": 1882512,
            "book_valuer_per_share": 31.65,
            "book_valuer_per_share_4q_avg": 32.42,
            "equity": 6392924,
            "current_ratio": 240.15,
            "debt_ratio": 31.97,
            "inventory_turnover_ratio": 1.51,
            "account_receivable_turnover_ratio": 0.48,
            "reinvestment_rate": 18.91,
            "research_to_sale_ratio": null,
            "price_fair": 147.26,
            "eps_avg_yearly": 4.21,
            "eps_latest_yearly": 1.6,
            "eps_growth_yearly": 154.54
        },
        "20094": {
            "year_quarter": 20094,
            "year": 2009,
            "quarter": 4,
            "eps": 0.41,
            "eps_growth_year": -43.06,
            "eps_4q": 1.34,
            "eps_4q_growth_year": -31.84,
            "roe": 1.2,
            "roe_4q": 3.96,
            "gross_profit": 216229,
            "gross_margin": 14.8,
            "gross_margin_4q_avg": 13.08,
            "net_income": 78563,
            "net_income_4q": null,
            "revenue": 1461335,
            "revenue_4q": null,
            "common_shares": 1882512,
            "book_valuer_per_share": 32.03,
            "book_valuer_per_share_4q_avg": 32.19,
            "equity": 6724312,
            "current_ratio": 246.36,
            "debt_ratio": 34.97,
            "inventory_turnover_ratio": 2.85,
            "account_receivable_turnover_ratio": 1.04,
            "reinvestment_rate": 24.93,
            "research_to_sale_ratio": null,
            "price_fair": 133.96,
            "eps_avg_yearly": 3.83,
            "eps_latest_yearly": 1.64,
            "eps_growth_yearly": 151.45
        },
        "20101": {
            "year_quarter": 20101,
            "year": 2010,
            "quarter": 1,
            "eps": null,
            "eps_growth_year": null,
            "eps_4q": null,
            "eps_4q_growth_year": null,
            "roe": null,
            "roe_4q": 2.65,
            "gross_profit": 227074,
            "gross_margin": null,
            "gross_margin_4q_avg": 10.07,
            "net_income": 118841,
            "net_income_4q": null,
            "revenue": 1369877,
            "revenue_4q": null,
            "common_shares": 1882512,
            "book_valuer_per_share": 32.45,
            "book_valuer_per_share_4q_avg": 31.88,
            "equity": 7368567,
            "current_ratio": 274.48,
            "debt_ratio": 31.56,
            "inventory_turnover_ratio": null,
            "account_receivable_turnover_ratio": null,
            "reinvestment_rate": null,
            "research_to_sale_ratio": null,
            "price_fair": 134.68,
            "eps_avg_yearly": 3.85,
            "eps_latest_yearly": 1.64,
            "eps_growth_yearly": 176.05
        },
        "20102": {
            "year_quarter": 20102,
            "year": 2010,
            "quarter": 2,
            "eps": 0.55,
            "eps_growth_year": 513.91,
            "eps_4q": 1.37,
            "eps_4q_growth_year": -38.36,
            "roe": 1.41,
            "roe_4q": 3.8499999999999996,
            "gross_profit": 247161,
            "gross_margin": 10.18,
            "gross_margin_4q_avg": 10.12,
            "net_income": 104013,
            "net_income_4q": null,
            "revenue": 2429017,
            "revenue_4q": null,
            "common_shares": 1882512,
            "book_valuer_per_share": 32.3,
            "book_valuer_per_share_4q_avg": 32.11,
            "equity": 7373147,
            "current_ratio": 234.24,
            "debt_ratio": 37.34,
            "inventory_turnover_ratio": 4.27,
            "account_receivable_turnover_ratio": 1.31,
            "reinvestment_rate": 28.26,
            "research_to_sale_ratio": null,
            "price_fair": 135.6,
            "eps_avg_yearly": 3.87,
            "eps_latest_yearly": 1.64,
            "eps_growth_yearly": 188.95
        },
        "20103": {
            "year_quarter": 20103,
            "year": 2010,
            "quarter": 3,
            "eps": 1.03,
            "eps_growth_year": 158.51,
            "eps_4q": 2,
            "eps_4q_growth_year": 23.71,
            "roe": 2.63,
            "roe_4q": 5.24,
            "gross_profit": 341959,
            "gross_margin": 11.15,
            "gross_margin_4q_avg": 9.03,
            "net_income": 196213,
            "net_income_4q": null,
            "revenue": 3067702,
            "revenue_4q": null,
            "common_shares": 1882512,
            "book_valuer_per_share": 33.27,
            "book_valuer_per_share_4q_avg": 32.51,
            "equity": 7545106,
            "current_ratio": 233.31,
            "debt_ratio": 37.08,
            "inventory_turnover_ratio": 13.21,
            "account_receivable_turnover_ratio": 0.88,
            "reinvestment_rate": 29.26,
            "research_to_sale_ratio": 0.06,
            "price_fair": 130.6,
            "eps_avg_yearly": 3.73,
            "eps_latest_yearly": 4.12,
            "eps_growth_yearly": 192.21
        },
        "20104": {
            "year_quarter": 20104,
            "year": 2010,
            "quarter": 4,
            "eps": 1.14,
            "eps_growth_year": 178,
            "eps_4q": 2.73,
            "eps_4q_growth_year": 102.74,
            "roe": 2.96,
            "roe_4q": 7,
            "gross_profit": 417662,
            "gross_margin": 19.81,
            "gross_margin_4q_avg": 10.29,
            "net_income": 223269,
            "net_income_4q": null,
            "revenue": 2108273,
            "revenue_4q": null,
            "common_shares": 1882512,
            "book_valuer_per_share": 33.53,
            "book_valuer_per_share_4q_avg": 32.89,
            "equity": 7546967,
            "current_ratio": 208.5,
            "debt_ratio": 42.85,
            "inventory_turnover_ratio": 7.3,
            "account_receivable_turnover_ratio": 0.66,
            "reinvestment_rate": 23.7,
            "research_to_sale_ratio": 0.07,
            "price_fair": 119.7,
            "eps_avg_yearly": 3.42,
            "eps_latest_yearly": 4.56,
            "eps_growth_yearly": 182.19
        },
        "20111": {
            "year_quarter": 20111,
            "year": 2011,
            "quarter": 1,
            "eps": 0.66,
            "eps_growth_year": null,
            "eps_4q": 3.39,
            "eps_4q_growth_year": null,
            "roe": 1.72,
            "roe_4q": 8.719999999999999,
            "gross_profit": 284593,
            "gross_margin": 10.01,
            "gross_margin_4q_avg": 12.79,
            "net_income": 131822,
            "net_income_4q": null,
            "revenue": 2842260,
            "revenue_4q": null,
            "common_shares": 1882512,
            "book_valuer_per_share": 34.42,
            "book_valuer_per_share_4q_avg": 33.38,
            "equity": 7737379,
            "current_ratio": 206.09,
            "debt_ratio": 41.41,
            "inventory_turnover_ratio": 11.54,
            "account_receivable_turnover_ratio": 1.09,
            "reinvestment_rate": 38.82,
            "research_to_sale_ratio": 0.05,
            "price_fair": 121.2,
            "eps_avg_yearly": 3.46,
            "eps_latest_yearly": 2.64,
            "eps_growth_yearly": 192.2
        },
        "20112": {
            "year_quarter": 20112,
            "year": 2011,
            "quarter": 2,
            "eps": 0.42,
            "eps_growth_year": -24.67,
            "eps_4q": 3.25,
            "eps_4q_growth_year": 137.51,
            "roe": 1.13,
            "roe_4q": 8.44,
            "gross_profit": 167358,
            "gross_margin": 4.17,
            "gross_margin_4q_avg": 11.29,
            "net_income": 85802,
            "net_income_4q": null,
            "revenue": 4016725,
            "revenue_4q": null,
            "common_shares": 1882512,
            "book_valuer_per_share": 31.66,
            "book_valuer_per_share_4q_avg": 33.22,
            "equity": 7414619,
            "current_ratio": 178.13,
            "debt_ratio": 48.33,
            "inventory_turnover_ratio": 14.78,
            "account_receivable_turnover_ratio": 1.4,
            "reinvestment_rate": 31.91,
            "research_to_sale_ratio": 0.06,
            "price_fair": 110.1,
            "eps_avg_yearly": 3.15,
            "eps_latest_yearly": 1.68,
            "eps_growth_yearly": 124.66
        },
        "20113": {
            "year_quarter": 20113,
            "year": 2011,
            "quarter": 3,
            "eps": 1,
            "eps_growth_year": -3.38,
            "eps_4q": 3.21,
            "eps_4q_growth_year": 60.8,
            "roe": 2.75,
            "roe_4q": 8.559999999999999,
            "gross_profit": 338500,
            "gross_margin": 8.1,
            "gross_margin_4q_avg": 10.52,
            "net_income": 209521,
            "net_income_4q": null,
            "revenue": 4177843,
            "revenue_4q": null,
            "common_shares": 1882512,
            "book_valuer_per_share": 33.4,
            "book_valuer_per_share_4q_avg": 33.25,
            "equity": 7842841,
            "current_ratio": 171.72,
            "debt_ratio": 50,
            "inventory_turnover_ratio": 11.08,
            "account_receivable_turnover_ratio": 1.19,
            "reinvestment_rate": 43.42,
            "research_to_sale_ratio": 0.08,
            "price_fair": 112.9,
            "eps_avg_yearly": 3.23,
            "eps_latest_yearly": 4,
            "eps_growth_yearly": 179.25
        },
        "20114": {
            "year_quarter": 20114,
            "year": 2011,
            "quarter": 4,
            "eps": 1.18,
            "eps_growth_year": 3.12,
            "eps_4q": 3.25,
            "eps_4q_growth_year": 19.22,
            "roe": 3.02,
            "roe_4q": 8.62,
            "gross_profit": 391473,
            "gross_margin": 9.14,
            "gross_margin_4q_avg": 7.86,
            "net_income": 240647,
            "net_income_4q": null,
            "revenue": 4281773,
            "revenue_4q": null,
            "common_shares": 1882512,
            "book_valuer_per_share": 34.56,
            "book_valuer_per_share_4q_avg": 33.51,
            "equity": 8095166,
            "current_ratio": 162.33,
            "debt_ratio": 50.64,
            "inventory_turnover_ratio": 14.23,
            "account_receivable_turnover_ratio": 1.16,
            "reinvestment_rate": 46.82,
            "research_to_sale_ratio": 0.06,
            "price_fair": 95.4,
            "eps_avg_yearly": 2.73,
            "eps_latest_yearly": 4.72,
            "eps_growth_yearly": 96.69
        },
        "20121": {
            "year_quarter": 20121,
            "year": 2012,
            "quarter": 1,
            "eps": 0.63,
            "eps_growth_year": -4.55,
            "eps_4q": 3.22,
            "eps_4q_growth_year": -4.93,
            "roe": 1.69,
            "roe_4q": 8.59,
            "gross_profit": 268961,
            "gross_margin": 9.18,
            "gross_margin_4q_avg": 7.65,
            "net_income": 137498,
            "net_income_4q": null,
            "revenue": 2931397,
            "revenue_4q": null,
            "common_shares": 1882512,
            "book_valuer_per_share": 34.94,
            "book_valuer_per_share_4q_avg": 33.64,
            "equity": 8158302,
            "current_ratio": 179.14,
            "debt_ratio": 46.77,
            "inventory_turnover_ratio": 12.88,
            "account_receivable_turnover_ratio": 0.78,
            "reinvestment_rate": 20.54,
            "research_to_sale_ratio": 0.04,
            "price_fair": 94.4,
            "eps_avg_yearly": 2.7,
            "eps_latest_yearly": 2.52,
            "eps_growth_yearly": 104.83
        },
        "20122": {
            "year_quarter": 20122,
            "year": 2012,
            "quarter": 2,
            "eps": 0.75,
            "eps_growth_year": 79.48,
            "eps_4q": 3.55,
            "eps_4q_growth_year": 9.24,
            "roe": 2.06,
            "roe_4q": 9.52,
            "gross_profit": 351352,
            "gross_margin": 8.79,
            "gross_margin_4q_avg": 8.8,
            "net_income": 165151,
            "net_income_4q": null,
            "revenue": 3997717,
            "revenue_4q": null,
            "common_shares": 1882512,
            "book_valuer_per_share": 32.86,
            "book_valuer_per_share_4q_avg": 33.94,
            "equity": 7910129,
            "current_ratio": 171.36,
            "debt_ratio": 50.06,
            "inventory_turnover_ratio": 10.54,
            "account_receivable_turnover_ratio": 1.44,
            "reinvestment_rate": 50.04,
            "research_to_sale_ratio": 0.03,
            "price_fair": 94.1,
            "eps_avg_yearly": 2.69,
            "eps_latest_yearly": 3,
            "eps_growth_yearly": 108.31
        },
        "20123": {
            "year_quarter": 20123,
            "year": 2012,
            "quarter": 3,
            "eps": 0.35,
            "eps_growth_year": -64.57,
            "eps_4q": 2.9,
            "eps_4q_growth_year": -9.64,
            "roe": 0.92,
            "roe_4q": 7.6899999999999995,
            "gross_profit": 242116,
            "gross_margin": 8.86,
            "gross_margin_4q_avg": 8.99,
            "net_income": 73807,
            "net_income_4q": null,
            "revenue": 2731388,
            "revenue_4q": null,
            "common_shares": 1882512,
            "book_valuer_per_share": 33.11,
            "book_valuer_per_share_4q_avg": 33.87,
            "equity": 8057186,
            "current_ratio": 162.9,
            "debt_ratio": 49.93,
            "inventory_turnover_ratio": 5.52,
            "account_receivable_turnover_ratio": 1.1,
            "reinvestment_rate": 50.26,
            "research_to_sale_ratio": 0,
            "price_fair": 92.2,
            "eps_avg_yearly": 2.63,
            "eps_latest_yearly": 1.4,
            "eps_growth_yearly": 101.86
        },
        "20124": {
            "year_quarter": 20124,
            "year": 2012,
            "quarter": 4,
            "eps": 0.97,
            "eps_growth_year": -17.23,
            "eps_4q": 2.7,
            "eps_4q_growth_year": -16.86,
            "roe": 2.26,
            "roe_4q": 6.93,
            "gross_profit": 412256,
            "gross_margin": 11.97,
            "gross_margin_4q_avg": 9.7,
            "net_income": 184678,
            "net_income_4q": null,
            "revenue": 3443081,
            "revenue_4q": null,
            "common_shares": 1882512,
            "book_valuer_per_share": 33.96,
            "book_valuer_per_share_4q_avg": 33.72,
            "equity": 8256278,
            "current_ratio": 156.33,
            "debt_ratio": 50.44,
            "inventory_turnover_ratio": 8.05,
            "account_receivable_turnover_ratio": 1.27,
            "reinvestment_rate": 83.43,
            "research_to_sale_ratio": 1.71,
            "price_fair": 94.7,
            "eps_avg_yearly": 2.71,
            "eps_latest_yearly": 3.88,
            "eps_growth_yearly": 142.95
        },
        "20131": {
            "year_quarter": 20131,
            "year": 2013,
            "quarter": 1,
            "eps": 0.5,
            "eps_growth_year": -20.63,
            "eps_4q": 2.58,
            "eps_4q_growth_year": -19.96,
            "roe": 1,
            "roe_4q": 6.24,
            "gross_profit": 236883,
            "gross_margin": 9.66,
            "gross_margin_4q_avg": 9.82,
            "net_income": 83368,
            "net_income_4q": null,
            "revenue": 2453397,
            "revenue_4q": null,
            "common_shares": 1882512,
            "book_valuer_per_share": 34.7,
            "book_valuer_per_share_4q_avg": 33.66,
            "equity": 8445702,
            "current_ratio": 143.69,
            "debt_ratio": 53.14,
            "inventory_turnover_ratio": 7.98,
            "account_receivable_turnover_ratio": 0.99,
            "reinvestment_rate": 44.09,
            "research_to_sale_ratio": 0.56,
            "price_fair": 95.3,
            "eps_avg_yearly": 2.72,
            "eps_latest_yearly": 2,
            "eps_growth_yearly": 140.22
        },
        "20132": {
            "year_quarter": 20132,
            "year": 2013,
            "quarter": 2,
            "eps": 0.58,
            "eps_growth_year": -22.36,
            "eps_4q": 2.41,
            "eps_4q_growth_year": -32.16,
            "roe": 1.42,
            "roe_4q": 5.6,
            "gross_profit": 284527,
            "gross_margin": 8.62,
            "gross_margin_4q_avg": 9.78,
            "net_income": 118390,
            "net_income_4q": null,
            "revenue": 3300803,
            "revenue_4q": null,
            "common_shares": 1882512,
            "book_valuer_per_share": 33.52,
            "book_valuer_per_share_4q_avg": 33.82,
            "equity": 8225424,
            "current_ratio": 147.19,
            "debt_ratio": 54,
            "inventory_turnover_ratio": 10.52,
            "account_receivable_turnover_ratio": 1.24,
            "reinvestment_rate": 40.62,
            "research_to_sale_ratio": 0.27,
            "price_fair": 100.2,
            "eps_avg_yearly": 2.86,
            "eps_latest_yearly": 2.32,
            "eps_growth_yearly": 167.52
        },
        "20133": {
            "year_quarter": 20133,
            "year": 2013,
            "quarter": 3,
            "eps": 0.09,
            "eps_growth_year": -74.57,
            "eps_4q": 2.15,
            "eps_4q_growth_year": -26.06,
            "roe": 0.33,
            "roe_4q": 5.01,
            "gross_profit": 188537,
            "gross_margin": 7.33,
            "gross_margin_4q_avg": 9.4,
            "net_income": 26967,
            "net_income_4q": null,
            "revenue": 2573483,
            "revenue_4q": null,
            "common_shares": 1882512,
            "book_valuer_per_share": 33.44,
            "book_valuer_per_share_4q_avg": 33.91,
            "equity": 8228263,
            "current_ratio": 145.55,
            "debt_ratio": 53.39,
            "inventory_turnover_ratio": 9.61,
            "account_receivable_turnover_ratio": 0.89,
            "reinvestment_rate": 43.42,
            "research_to_sale_ratio": 0.18,
            "price_fair": 97.1,
            "eps_avg_yearly": 2.77,
            "eps_latest_yearly": 0.36,
            "eps_growth_yearly": 44.97
        },
        "20134": {
            "year_quarter": 20134,
            "year": 2013,
            "quarter": 4,
            "eps": 0.9,
            "eps_growth_year": -7.04,
            "eps_4q": 2.08,
            "eps_4q_growth_year": -23.05,
            "roe": 2.66,
            "roe_4q": 5.41,
            "gross_profit": 524532,
            "gross_margin": 13.32,
            "gross_margin_4q_avg": 9.73,
            "net_income": 226699,
            "net_income_4q": null,
            "revenue": 3938365,
            "revenue_4q": null,
            "common_shares": 1882512,
            "book_valuer_per_share": 35.99,
            "book_valuer_per_share_4q_avg": 34.41,
            "equity": 8816507,
            "current_ratio": 145.57,
            "debt_ratio": 51.53,
            "inventory_turnover_ratio": 20.31,
            "account_receivable_turnover_ratio": 1.3,
            "reinvestment_rate": 45.02,
            "research_to_sale_ratio": 0.36,
            "price_fair": 102,
            "eps_avg_yearly": 2.91,
            "eps_latest_yearly": 3.6,
            "eps_growth_yearly": 301.4
        },
        "20141": {
            "year_quarter": 20141,
            "year": 2014,
            "quarter": 1,
            "eps": 0.19,
            "eps_growth_year": -62,
            "eps_4q": 1.77,
            "eps_4q_growth_year": -31.3,
            "roe": 0.25,
            "roe_4q": 4.66,
            "gross_profit": 180616,
            "gross_margin": 6.96,
            "gross_margin_4q_avg": 9.06,
            "net_income": 21939,
            "net_income_4q": null,
            "revenue": 2596441,
            "revenue_4q": null,
            "common_shares": 1882512,
            "book_valuer_per_share": 35.95,
            "book_valuer_per_share_4q_avg": 34.73,
            "equity": 8814785,
            "current_ratio": 146.75,
            "debt_ratio": 51.57,
            "inventory_turnover_ratio": 17.65,
            "account_receivable_turnover_ratio": 0.8,
            "reinvestment_rate": 58.84,
            "research_to_sale_ratio": 0.38,
            "price_fair": 96.97,
            "eps_avg_yearly": 2.77,
            "eps_latest_yearly": 0.76,
            "eps_growth_yearly": 260.27
        },
        "20142": {
            "year_quarter": 20142,
            "year": 2014,
            "quarter": 2,
            "eps": 0.55,
            "eps_growth_year": -5.17,
            "eps_4q": 1.74,
            "eps_4q_growth_year": -27.69,
            "roe": 1.54,
            "roe_4q": 4.78,
            "gross_profit": 301203,
            "gross_margin": 8.45,
            "gross_margin_4q_avg": 9.02,
            "net_income": 135101,
            "net_income_4q": null,
            "revenue": 3564826,
            "revenue_4q": null,
            "common_shares": 1882512,
            "book_valuer_per_share": 35.37,
            "book_valuer_per_share_4q_avg": 35.19,
            "equity": 8687617,
            "current_ratio": 146.88,
            "debt_ratio": 54.58,
            "inventory_turnover_ratio": 18.59,
            "account_receivable_turnover_ratio": 0.99,
            "reinvestment_rate": 52.3,
            "research_to_sale_ratio": 0.3,
            "price_fair": 95.73,
            "eps_avg_yearly": 2.74,
            "eps_latest_yearly": 2.2,
            "eps_growth_yearly": 291.37
        },
        "20143": {
            "year_quarter": 20143,
            "year": 2014,
            "quarter": 3,
            "eps": 0.12,
            "eps_growth_year": 33.33,
            "eps_4q": 1.77,
            "eps_4q_growth_year": -17.74,
            "roe": 0.27,
            "roe_4q": 4.720000000000001,
            "gross_profit": 154265,
            "gross_margin": 4.6,
            "gross_margin_4q_avg": 8.33,
            "net_income": 23709,
            "net_income_4q": null,
            "revenue": 3355039,
            "revenue_4q": null,
            "common_shares": 1882512,
            "book_valuer_per_share": 35.82,
            "book_valuer_per_share_4q_avg": 35.78,
            "equity": 8846736,
            "current_ratio": 148.67,
            "debt_ratio": 54.31,
            "inventory_turnover_ratio": 14.96,
            "account_receivable_turnover_ratio": 0.9,
            "reinvestment_rate": 56.35,
            "research_to_sale_ratio": 0.28,
            "price_fair": 87.76,
            "eps_avg_yearly": 2.51,
            "eps_latest_yearly": 0.48,
            "eps_growth_yearly": 250
        },
        "20144": {
            "year_quarter": 20144,
            "year": 2014,
            "quarter": 4,
            "eps": 0.46,
            "eps_growth_year": -49.63,
            "eps_4q": 1.32,
            "eps_4q_growth_year": -36.61,
            "roe": 1.23,
            "roe_4q": 3.29,
            "gross_profit": 323219,
            "gross_margin": 6.49,
            "gross_margin_4q_avg": 6.63,
            "net_income": 111092,
            "net_income_4q": null,
            "revenue": 4983393,
            "revenue_4q": null,
            "common_shares": 1882512,
            "book_valuer_per_share": 36.9,
            "book_valuer_per_share_4q_avg": 36.01,
            "equity": 9199513,
            "current_ratio": 148.23,
            "debt_ratio": 54.62,
            "inventory_turnover_ratio": 14.32,
            "account_receivable_turnover_ratio": 1.23,
            "reinvestment_rate": 67.4,
            "research_to_sale_ratio": 0.38,
            "price_fair": 81.81,
            "eps_avg_yearly": 2.34,
            "eps_latest_yearly": 1.84,
            "eps_growth_yearly": 318.17
        },
        "20151": {
            "year_quarter": 20151,
            "year": 2015,
            "quarter": 1,
            "eps": 0.05,
            "eps_growth_year": -73.68,
            "eps_4q": 1.17,
            "eps_4q_growth_year": -33.69,
            "roe": 0.03,
            "roe_4q": 3.0700000000000003,
            "gross_profit": 170996,
            "gross_margin": 6.46,
            "gross_margin_4q_avg": 6.5,
            "net_income": 2627,
            "net_income_4q": null,
            "revenue": 2646983,
            "revenue_4q": null,
            "common_shares": 1882512,
            "book_valuer_per_share": 36.35,
            "book_valuer_per_share_4q_avg": 36.11,
            "equity": 9071075,
            "current_ratio": 159.67,
            "debt_ratio": 53.54,
            "inventory_turnover_ratio": 5.23,
            "account_receivable_turnover_ratio": 0.63,
            "reinvestment_rate": 50.13,
            "research_to_sale_ratio": 0.38,
            "price_fair": 76.48,
            "eps_avg_yearly": 2.19,
            "eps_latest_yearly": 0.2,
            "eps_growth_yearly": 306.41
        },
        "20152": {
            "year_quarter": 20152,
            "year": 2015,
            "quarter": 2,
            "eps": 0.16,
            "eps_growth_year": -70.91,
            "eps_4q": 0.79,
            "eps_4q_growth_year": -54.65,
            "roe": 0.41,
            "roe_4q": 1.94,
            "gross_profit": 178640,
            "gross_margin": 4.44,
            "gross_margin_4q_avg": 5.5,
            "net_income": 36951,
            "net_income_4q": null,
            "revenue": 4025560,
            "revenue_4q": null,
            "common_shares": 1882512,
            "book_valuer_per_share": 35.1,
            "book_valuer_per_share_4q_avg": 36.04,
            "equity": 8792010,
            "current_ratio": 152.78,
            "debt_ratio": 55.88,
            "inventory_turnover_ratio": 7.42,
            "account_receivable_turnover_ratio": 1.06,
            "reinvestment_rate": 40.9,
            "research_to_sale_ratio": 0.33,
            "price_fair": 74.2,
            "eps_avg_yearly": 2.12,
            "eps_latest_yearly": 0.64,
            "eps_growth_yearly": 370.5
        },
        "20153": {
            "year_quarter": 20153,
            "year": 2015,
            "quarter": 3,
            "eps": 0.79,
            "eps_growth_year": 558.33,
            "eps_4q": 1.46,
            "eps_4q_growth_year": -17.63,
            "roe": 2.1,
            "roe_4q": 3.77,
            "gross_profit": 465353,
            "gross_margin": 9.93,
            "gross_margin_4q_avg": 6.83,
            "net_income": 190097,
            "net_income_4q": null,
            "revenue": 4686690,
            "revenue_4q": null,
            "common_shares": 1882512,
            "book_valuer_per_share": 36.75,
            "book_valuer_per_share_4q_avg": 36.28,
            "equity": 9277344,
            "current_ratio": 159.18,
            "debt_ratio": 57.98,
            "inventory_turnover_ratio": 8.36,
            "account_receivable_turnover_ratio": 1.2,
            "reinvestment_rate": 23.9,
            "research_to_sale_ratio": 0.19,
            "price_fair": 72.36,
            "eps_avg_yearly": 2.07,
            "eps_latest_yearly": 3.16,
            "eps_growth_yearly": 434.42
        },
        "20154": {
            "year_quarter": 20154,
            "year": 2015,
            "quarter": 4,
            "eps": 0.02,
            "eps_growth_year": -95.84,
            "eps_4q": 1.02,
            "eps_4q_growth_year": -22.7,
            "roe": 0.54,
            "roe_4q": 3.08,
            "gross_profit": 172374,
            "gross_margin": 2.81,
            "gross_margin_4q_avg": 5.91,
            "net_income": 49963,
            "net_income_4q": null,
            "revenue": 6136124,
            "revenue_4q": null,
            "common_shares": 1882512,
            "book_valuer_per_share": 36.13,
            "book_valuer_per_share_4q_avg": 36.08,
            "equity": 9219905,
            "current_ratio": 154.24,
            "debt_ratio": 60.01,
            "inventory_turnover_ratio": 6.83,
            "account_receivable_turnover_ratio": 1.52,
            "reinvestment_rate": 15.74,
            "research_to_sale_ratio": 0.23,
            "price_fair": 62.21,
            "eps_avg_yearly": 1.78,
            "eps_latest_yearly": 0.08,
            "eps_growth_yearly": 405.55
        },
        "20161": {
            "year_quarter": 20161,
            "year": 2016,
            "quarter": 1,
            "eps": 0.87,
            "eps_growth_year": 1640,
            "eps_4q": 1.64,
            "eps_4q_growth_year": 40.02,
            "roe": 2.81,
            "roe_4q": 5.86,
            "gross_profit": 645129,
            "gross_margin": 7.17,
            "gross_margin_4q_avg": 6.09,
            "net_income": 268664,
            "net_income_4q": null,
            "revenue": 9003022,
            "revenue_4q": null,
            "common_shares": 1882512,
            "book_valuer_per_share": 39.22,
            "book_valuer_per_share_4q_avg": 36.8,
            "equity": 9925380,
            "current_ratio": 153.36,
            "debt_ratio": 59.91,
            "inventory_turnover_ratio": 8.81,
            "account_receivable_turnover_ratio": 1.73,
            "reinvestment_rate": 52.57,
            "research_to_sale_ratio": 0.22,
            "price_fair": 64.31,
            "eps_avg_yearly": 1.84,
            "eps_latest_yearly": 3.48,
            "eps_growth_yearly": 1479.7
        },
        "20162": {
            "year_quarter": 20162,
            "year": 2016,
            "quarter": 2,
            "eps": 0.82,
            "eps_growth_year": 412.5,
            "eps_4q": 2.3,
            "eps_4q_growth_year": 191,
            "roe": 3.03,
            "roe_4q": 8.48,
            "gross_profit": 704231,
            "gross_margin": 13.15,
            "gross_margin_4q_avg": 8.27,
            "net_income": 298898,
            "net_income_4q": null,
            "revenue": 5354089,
            "revenue_4q": null,
            "common_shares": 2112879,
            "book_valuer_per_share": 34.37,
            "book_valuer_per_share_4q_avg": 36.62,
            "equity": 9820743,
            "current_ratio": 157.57,
            "debt_ratio": 58.29,
            "inventory_turnover_ratio": 6.24,
            "account_receivable_turnover_ratio": 0.99,
            "reinvestment_rate": 1.64,
            "research_to_sale_ratio": 0.35,
            "price_fair": 64.93,
            "eps_avg_yearly": 1.86,
            "eps_latest_yearly": 3.28,
            "eps_growth_yearly": 1473.5
        },
        "20163": {
            "year_quarter": 20163,
            "year": 2016,
            "quarter": 3,
            "eps": 0.43,
            "eps_growth_year": -45.57,
            "eps_4q": 2.02,
            "eps_4q_growth_year": 38.58,
            "roe": 1.08,
            "roe_4q": 7.46,
            "gross_profit": 356281,
            "gross_margin": 9.01,
            "gross_margin_4q_avg": 8.04,
            "net_income": 106156,
            "net_income_4q": null,
            "revenue": 3955177,
            "revenue_4q": null,
            "common_shares": 2127931,
            "book_valuer_per_share": 34.21,
            "book_valuer_per_share_4q_avg": 35.98,
            "equity": 9820011,
            "current_ratio": 151.61,
            "debt_ratio": 57.42,
            "inventory_turnover_ratio": 4.15,
            "account_receivable_turnover_ratio": 0.94,
            "reinvestment_rate": -2.16,
            "research_to_sale_ratio": 0.41,
            "price_fair": 65.63,
            "eps_avg_yearly": 1.88,
            "eps_latest_yearly": 1.72,
            "eps_growth_yearly": 1474.95
        },
        "20164": {
            "year_quarter": 20164,
            "year": 2016,
            "quarter": 4,
            "eps": 0.87,
            "eps_growth_year": 4493.28,
            "eps_4q": 2.86,
            "eps_4q_growth_year": 181.14,
            "roe": 1.65,
            "roe_4q": 8.57,
            "gross_profit": 319906,
            "gross_margin": 6.2,
            "gross_margin_4q_avg": 8.88,
            "net_income": 171265,
            "net_income_4q": null,
            "revenue": 5161095,
            "revenue_4q": null,
            "common_shares": 2144117,
            "book_valuer_per_share": 34.23,
            "book_valuer_per_share_4q_avg": 35.51,
            "equity": 10890932,
            "current_ratio": 162.41,
            "debt_ratio": 54.64,
            "inventory_turnover_ratio": 5.42,
            "account_receivable_turnover_ratio": 1.39,
            "reinvestment_rate": -53.87,
            "research_to_sale_ratio": 0.37,
            "price_fair": 64.75,
            "eps_avg_yearly": 1.85,
            "eps_latest_yearly": 3.48,
            "eps_growth_yearly": 1456.24
        },
        "20171": {
            "year_quarter": 20171,
            "year": 2017,
            "quarter": 1,
            "eps": 0.68,
            "eps_growth_year": -21.84,
            "eps_4q": 2.76,
            "eps_4q_growth_year": 67.97,
            "roe": 1.88,
            "roe_4q": 7.639999999999999,
            "gross_profit": 499195,
            "gross_margin": 9.4,
            "gross_margin_4q_avg": 9.44,
            "net_income": 203671,
            "net_income_4q": null,
            "revenue": 5307770,
            "revenue_4q": null,
            "common_shares": 2150936,
            "book_valuer_per_share": 33.94,
            "book_valuer_per_share_4q_avg": 34.19,
            "equity": 10773017,
            "current_ratio": 158.92,
            "debt_ratio": 56.17,
            "inventory_turnover_ratio": 5.49,
            "account_receivable_turnover_ratio": 1.47,
            "reinvestment_rate": -4.32,
            "research_to_sale_ratio": 0.29,
            "price_fair": 66.33,
            "eps_avg_yearly": 1.9,
            "eps_latest_yearly": 2.72,
            "eps_growth_yearly": 1462.9
        },
        "20172": {
            "year_quarter": 20172,
            "year": 2017,
            "quarter": 2,
            "eps": 1,
            "eps_growth_year": 21.95,
            "eps_4q": 2.96,
            "eps_4q_growth_year": 28.72,
            "roe": 2.61,
            "roe_4q": 7.220000000000001,
            "gross_profit": 476932,
            "gross_margin": 8.18,
            "gross_margin_4q_avg": 8.2,
            "net_income": 281027,
            "net_income_4q": null,
            "revenue": 5833978,
            "revenue_4q": null,
            "common_shares": 2166375,
            "book_valuer_per_share": 32.84,
            "book_valuer_per_share_4q_avg": 33.81,
            "equity": 10751848,
            "current_ratio": 164.94,
            "debt_ratio": 58.07,
            "inventory_turnover_ratio": 8.43,
            "account_receivable_turnover_ratio": 1.36,
            "reinvestment_rate": -18.98,
            "research_to_sale_ratio": 0.3,
            "price_fair": 70,
            "eps_avg_yearly": 2,
            "eps_latest_yearly": 4,
            "eps_growth_yearly": 1470.66
        },
        "20173": {
            "year_quarter": 20173,
            "year": 2017,
            "quarter": 3,
            "eps": 0.19,
            "eps_growth_year": -55.81,
            "eps_4q": 2.63,
            "eps_4q_growth_year": 30.36,
            "roe": 0.65,
            "roe_4q": 6.789999999999999,
            "gross_profit": 235738,
            "gross_margin": 5.02,
            "gross_margin_4q_avg": 7.2,
            "net_income": 71620,
            "net_income_4q": null,
            "revenue": 4691936,
            "revenue_4q": null,
            "common_shares": 2255409,
            "book_valuer_per_share": 32.67,
            "book_valuer_per_share_4q_avg": 33.42,
            "equity": 11119105,
            "current_ratio": 173.96,
            "debt_ratio": 56.01,
            "inventory_turnover_ratio": 11,
            "account_receivable_turnover_ratio": 0.99,
            "reinvestment_rate": -22.04,
            "research_to_sale_ratio": 0.31,
            "price_fair": 70.88,
            "eps_avg_yearly": 2.03,
            "eps_latest_yearly": 0.76,
            "eps_growth_yearly": 1471.53
        },
        "20174": {
            "year_quarter": 20174,
            "year": 2017,
            "quarter": 4,
            "eps": 0.9,
            "eps_growth_year": 3.45,
            "eps_4q": 2.7,
            "eps_4q_growth_year": -5.75,
            "roe": 2.28,
            "roe_4q": 7.419999999999999,
            "gross_profit": 534151,
            "gross_margin": 9.98,
            "gross_margin_4q_avg": 8.15,
            "net_income": 256212,
            "net_income_4q": null,
            "revenue": 5353098,
            "revenue_4q": null,
            "common_shares": 2255409,
            "book_valuer_per_share": 33.65,
            "book_valuer_per_share_4q_avg": 33.28,
            "equity": 11397874,
            "current_ratio": 171.16,
            "debt_ratio": 57.88,
            "inventory_turnover_ratio": 12.04,
            "account_receivable_turnover_ratio": 1.09,
            "reinvestment_rate": -47.63,
            "research_to_sale_ratio": 0.53,
            "price_fair": 70.88,
            "eps_avg_yearly": 2.03,
            "eps_latest_yearly": 3.6,
            "eps_growth_yearly": 1339.95
        },
        "20181": {
            "year_quarter": 20181,
            "year": 2018,
            "quarter": 1,
            "eps": 0.48,
            "eps_growth_year": -29.41,
            "eps_4q": 2.53,
            "eps_4q_growth_year": -8.42,
            "roe": 1.45,
            "roe_4q": 6.99,
            "gross_profit": 406022,
            "gross_margin": 6.76,
            "gross_margin_4q_avg": 7.49,
            "net_income": 167196,
            "net_income_4q": null,
            "revenue": 6007594,
            "revenue_4q": null,
            "common_shares": 2255409,
            "book_valuer_per_share": 34.13,
            "book_valuer_per_share_4q_avg": 33.32,
            "equity": 11613939,
            "current_ratio": 173.77,
            "debt_ratio": 57.2,
            "inventory_turnover_ratio": 13.35,
            "account_receivable_turnover_ratio": 1.41,
            "reinvestment_rate": -57.02,
            "research_to_sale_ratio": 0.39,
            "price_fair": 73.41,
            "eps_avg_yearly": 2.1,
            "eps_latest_yearly": 1.92,
            "eps_growth_yearly": 1348.01
        },
        "20182": {
            "year_quarter": 20182,
            "year": 2018,
            "quarter": 2,
            "eps": 0.71,
            "eps_growth_year": -29,
            "eps_4q": 2.28,
            "eps_4q_growth_year": -23,
            "roe": 2.48,
            "roe_4q": 6.859999999999999,
            "gross_profit": 584681,
            "gross_margin": 8.65,
            "gross_margin_4q_avg": 7.6,
            "net_income": 285136,
            "net_income_4q": null,
            "revenue": 6763094,
            "revenue_4q": null,
            "common_shares": 2255409,
            "book_valuer_per_share": 33.28,
            "book_valuer_per_share_4q_avg": 33.43,
            "equity": 11415554,
            "current_ratio": 166.81,
            "debt_ratio": 59.11,
            "inventory_turnover_ratio": 14.22,
            "account_receivable_turnover_ratio": 2.1,
            "reinvestment_rate": -64.4,
            "research_to_sale_ratio": 0.36,
            "price_fair": 74.81,
            "eps_avg_yearly": 2.14,
            "eps_latest_yearly": 2.84,
            "eps_growth_yearly": 1312.62
        },
        "20183": {
            "year_quarter": 20183,
            "year": 2018,
            "quarter": 3,
            "eps": 0.53,
            "eps_growth_year": 178.95,
            "eps_4q": 2.62,
            "eps_4q_growth_year": -0.53,
            "roe": 1.73,
            "roe_4q": 7.9399999999999995,
            "gross_profit": 413260,
            "gross_margin": 8.29,
            "gross_margin_4q_avg": 8.42,
            "net_income": 197636,
            "net_income_4q": null,
            "revenue": 4986893,
            "revenue_4q": null,
            "common_shares": 2255409,
            "book_valuer_per_share": 33.33,
            "book_valuer_per_share_4q_avg": 33.6,
            "equity": 11393747,
            "current_ratio": 174.05,
            "debt_ratio": 57.58,
            "inventory_turnover_ratio": 10.49,
            "account_receivable_turnover_ratio": 1.63,
            "reinvestment_rate": -62.63,
            "research_to_sale_ratio": 0.45,
            "price_fair": 78.4,
            "eps_avg_yearly": 2.24,
            "eps_latest_yearly": 2.12,
            "eps_growth_yearly": 1325.83
        },
        "20184": {
            "year_quarter": 20184,
            "year": 2018,
            "quarter": 4,
            "eps": 0.69,
            "eps_growth_year": -23.04,
            "eps_4q": 2.41,
            "eps_4q_growth_year": -10.81,
            "roe": 1.58,
            "roe_4q": 7.24,
            "gross_profit": 437169,
            "gross_margin": 9.76,
            "gross_margin_4q_avg": 8.37,
            "net_income": 182032,
            "net_income_4q": null,
            "revenue": 4477495,
            "revenue_4q": null,
            "common_shares": 2255409,
            "book_valuer_per_share": 34.15,
            "book_valuer_per_share_4q_avg": 33.72,
            "equity": 11627201,
            "current_ratio": 173.44,
            "debt_ratio": 56.93,
            "inventory_turnover_ratio": 9.03,
            "account_receivable_turnover_ratio": 1.4,
            "reinvestment_rate": -65.21,
            "research_to_sale_ratio": 0.76,
            "price_fair": 80.41,
            "eps_avg_yearly": 2.3,
            "eps_latest_yearly": 2.76,
            "eps_growth_yearly": 1262.54
        },
        "20191": {
            "year_quarter": 20191,
            "year": 2019,
            "quarter": 1,
            "eps": 0.22,
            "eps_growth_year": -54.17,
            "eps_4q": 2.15,
            "eps_4q_growth_year": -14.83,
            "roe": 1.12,
            "roe_4q": 6.91,
            "gross_profit": 342936,
            "gross_margin": 7.31,
            "gross_margin_4q_avg": 8.5,
            "net_income": 131418,
            "net_income_4q": null,
            "revenue": 4690605,
            "revenue_4q": null,
            "common_shares": 2255409,
            "book_valuer_per_share": 34.77,
            "book_valuer_per_share_4q_avg": 33.88,
            "equity": 11929424,
            "current_ratio": 173.44,
            "debt_ratio": 55.68,
            "inventory_turnover_ratio": 8.86,
            "account_receivable_turnover_ratio": 1.32,
            "reinvestment_rate": -56.57,
            "research_to_sale_ratio": 0.37,
            "price_fair": 81.9,
            "eps_avg_yearly": 2.34,
            "eps_latest_yearly": 0.88,
            "eps_growth_yearly": 1267.79
        },
        "20192": {
            "year_quarter": 20192,
            "year": 2019,
            "quarter": 2,
            "eps": 0.16,
            "eps_growth_year": -77.46,
            "eps_4q": 1.61,
            "eps_4q_growth_year": -29.35,
            "roe": 0.48,
            "roe_4q": 4.91,
            "gross_profit": 302099,
            "gross_margin": 8.43,
            "gross_margin_4q_avg": 8.45,
            "net_income": 56222,
            "net_income_4q": null,
            "revenue": 3581807,
            "revenue_4q": null,
            "common_shares": 2255409,
            "book_valuer_per_share": 33.23,
            "book_valuer_per_share_4q_avg": 33.87,
            "equity": 11438954,
            "current_ratio": 167.02,
            "debt_ratio": 57.99,
            "inventory_turnover_ratio": 5.92,
            "account_receivable_turnover_ratio": 0.94,
            "reinvestment_rate": -55.5,
            "research_to_sale_ratio": 0.57,
            "price_fair": 81.9,
            "eps_avg_yearly": 2.34,
            "eps_latest_yearly": 0.64,
            "eps_growth_yearly": 1205.98
        },
        "20193": {
            "year_quarter": 20193,
            "year": 2019,
            "quarter": 3,
            "eps": 1.57,
            "eps_growth_year": 196.23,
            "eps_4q": 2.65,
            "eps_4q_growth_year": 1.15,
            "roe": 3.49,
            "roe_4q": 6.67,
            "gross_profit": 146434,
            "gross_margin": 4.8,
            "gross_margin_4q_avg": 7.58,
            "net_income": 402177,
            "net_income_4q": null,
            "revenue": 3052067,
            "revenue_4q": null,
            "common_shares": 2255409,
            "book_valuer_per_share": 34.21,
            "book_valuer_per_share_4q_avg": 34.09,
            "equity": 11584991,
            "current_ratio": 169.72,
            "debt_ratio": 58.37,
            "inventory_turnover_ratio": 4.28,
            "account_receivable_turnover_ratio": 0.68,
            "reinvestment_rate": -51.15,
            "research_to_sale_ratio": 0.64,
            "price_fair": 88.73,
            "eps_avg_yearly": 2.54,
            "eps_latest_yearly": 6.28,
            "eps_growth_yearly": 1327.85
        },
        "20194": {
            "year_quarter": 20194,
            "year": 2019,
            "quarter": 4,
            "eps": 0.26,
            "eps_growth_year": -62.46,
            "eps_4q": 2.21,
            "eps_4q_growth_year": -8.12,
            "roe": 0.8,
            "roe_4q": 5.89,
            "gross_profit": 300938,
            "gross_margin": 5.71,
            "gross_margin_4q_avg": 6.56,
            "net_income": 92180,
            "net_income_4q": null,
            "revenue": 5267378,
            "revenue_4q": null,
            "common_shares": 2255409,
            "book_valuer_per_share": 34.24,
            "book_valuer_per_share_4q_avg": 34.11,
            "equity": 11601046,
            "current_ratio": 164.5,
            "debt_ratio": 58.62,
            "inventory_turnover_ratio": 5.95,
            "account_receivable_turnover_ratio": 1.11,
            "reinvestment_rate": -39.57,
            "research_to_sale_ratio": 0.66,
            "price_fair": 90.83,
            "eps_avg_yearly": 2.6,
            "eps_latest_yearly": 1.04,
            "eps_growth_yearly": 1331.36
        },
        "20201": {
            "year_quarter": 20201,
            "year": 2020,
            "quarter": 1,
            "eps": -0.17,
            "eps_growth_year": -177.27,
            "eps_4q": 1.81,
            "eps_4q_growth_year": -15.74,
            "roe": -0.52,
            "roe_4q": 4.25,
            "gross_profit": 130891,
            "gross_margin": 4.6,
            "gross_margin_4q_avg": 5.89,
            "net_income": -59424,
            "net_income_4q": null,
            "revenue": 2843551,
            "revenue_4q": null,
            "common_shares": 2255409,
            "book_valuer_per_share": 33.56,
            "book_valuer_per_share_4q_avg": 33.81,
            "equity": 11380105,
            "current_ratio": 167.95,
            "debt_ratio": 57.98,
            "inventory_turnover_ratio": 3.06,
            "account_receivable_turnover_ratio": 0.67,
            "reinvestment_rate": -56.15,
            "research_to_sale_ratio": 0.72,
            "price_fair": 88.76,
            "eps_avg_yearly": 2.54,
            "eps_latest_yearly": 1.04,
            "eps_growth_yearly": 286.78
        },
        "20202": {
            "year_quarter": 20202,
            "year": 2020,
            "quarter": 2,
            "eps": 0.9,
            "eps_growth_year": 462.5,
            "eps_4q": 2.55,
            "eps_4q_growth_year": 58.69,
            "roe": 1.66,
            "roe_4q": 5.43,
            "gross_profit": 217760,
            "gross_margin": 6.49,
            "gross_margin_4q_avg": 5.4,
            "net_income": 186149,
            "net_income_4q": null,
            "revenue": 3357492,
            "revenue_4q": null,
            "common_shares": 2255409,
            "book_valuer_per_share": 32.83,
            "book_valuer_per_share_4q_avg": 33.71,
            "equity": 11045076,
            "current_ratio": 157.96,
            "debt_ratio": 60.7,
            "inventory_turnover_ratio": 3.52,
            "account_receivable_turnover_ratio": 0.85,
            "reinvestment_rate": -50.76,
            "research_to_sale_ratio": 0.82,
            "price_fair": 86.9,
            "eps_avg_yearly": 2.48,
            "eps_latest_yearly": 1.04,
            "eps_growth_yearly": 308.91
        },
        "20203": {
            "year_quarter": 20203,
            "year": 2020,
            "quarter": 3,
            "eps": 0.48,
            "eps_growth_year": -69.43,
            "eps_4q": 1.47,
            "eps_4q_growth_year": -44.37,
            "roe": 0.69,
            "roe_4q": 2.63,
            "gross_profit": 236199,
            "gross_margin": 7.42,
            "gross_margin_4q_avg": 6.06,
            "net_income": 76948,
            "net_income_4q": null,
            "revenue": 3183107,
            "revenue_4q": null,
            "common_shares": 2255409,
            "book_valuer_per_share": 33.39,
            "book_valuer_per_share_4q_avg": 33.51,
            "equity": 11186731,
            "current_ratio": 156.15,
            "debt_ratio": 61.98,
            "inventory_turnover_ratio": 3.05,
            "account_receivable_turnover_ratio": 0.87,
            "reinvestment_rate": -47.05,
            "research_to_sale_ratio": 0.58,
            "price_fair": 87.4,
            "eps_avg_yearly": 2.5,
            "eps_latest_yearly": 1.92,
            "eps_growth_yearly": 309.16
        },
        "20204": {
            "year_quarter": 20204,
            "year": 2020,
            "quarter": 4,
            "eps": 0.31,
            "eps_growth_year": 18.67,
            "eps_4q": 1.52,
            "eps_4q_growth_year": -31.29,
            "roe": 0.06,
            "roe_4q": 1.8900000000000001,
            "gross_profit": 220683,
            "gross_margin": 4.87,
            "gross_margin_4q_avg": 5.85,
            "net_income": 6254,
            "net_income_4q": null,
            "revenue": 4532412,
            "revenue_4q": null,
            "common_shares": 2255409,
            "book_valuer_per_share": 33.7,
            "book_valuer_per_share_4q_avg": 33.37,
            "equity": 11236501,
            "current_ratio": 161.94,
            "debt_ratio": 60.24,
            "inventory_turnover_ratio": 5.05,
            "account_receivable_turnover_ratio": 1.4,
            "reinvestment_rate": -44,
            "research_to_sale_ratio": 0.38,
            "price_fair": 81.8,
            "eps_avg_yearly": 2.34,
            "eps_latest_yearly": 1.24,
            "eps_growth_yearly": 269.81
        },
        "20211": {
            "year_quarter": 20211,
            "year": 2021,
            "quarter": 1,
            "eps": 0.16,
            "eps_growth_year": null,
            "eps_4q": 1.85,
            "eps_4q_growth_year": 2.12,
            "roe": 0.01,
            "roe_4q": 2.42,
            "gross_profit": 214571,
            "gross_margin": 5.12,
            "gross_margin_4q_avg": 5.98,
            "net_income": 1529,
            "net_income_4q": null,
            "revenue": 4188831,
            "revenue_4q": null,
            "common_shares": 2255409,
            "book_valuer_per_share": 33.99,
            "book_valuer_per_share_4q_avg": 33.48,
            "equity": 11285898,
            "current_ratio": 162.17,
            "debt_ratio": 59.17,
            "inventory_turnover_ratio": 6.08,
            "account_receivable_turnover_ratio": 1.5,
            "reinvestment_rate": -41.7,
            "research_to_sale_ratio": 0.81,
            "price_fair": 76.6,
            "eps_avg_yearly": 2.19,
            "eps_latest_yearly": 0.64,
            "eps_growth_yearly": 262.22
        },
        "20212": {
            "year_quarter": 20212,
            "year": 2021,
            "quarter": 2,
            "eps": 0.34,
            "eps_growth_year": -62.22,
            "eps_4q": 1.29,
            "eps_4q_growth_year": -49.54,
            "roe": 0.87,
            "roe_4q": 1.63,
            "gross_profit": 409961,
            "gross_margin": 6.92,
            "gross_margin_4q_avg": 6.08,
            "net_income": 98473,
            "net_income_4q": null,
            "revenue": 5924276,
            "revenue_4q": null,
            "common_shares": 2255409,
            "book_valuer_per_share": 34.1,
            "book_valuer_per_share_4q_avg": 33.8,
            "equity": 11252464,
            "current_ratio": 158.59,
            "debt_ratio": 59.72,
            "inventory_turnover_ratio": 8.03,
            "account_receivable_turnover_ratio": 2.38,
            "reinvestment_rate": -29.91,
            "research_to_sale_ratio": 0.56,
            "price_fair": 70,
            "eps_avg_yearly": 2,
            "eps_latest_yearly": 1.36,
            "eps_growth_yearly": 280.92
        },
        "20213": {
            "year_quarter": 20213,
            "year": 2021,
            "quarter": 3,
            "eps": 0.16,
            "eps_growth_year": -66.67,
            "eps_4q": 0.97,
            "eps_4q_growth_year": -34.14,
            "roe": 0.26,
            "roe_4q": 1.2,
            "gross_profit": 271915,
            "gross_margin": 5.29,
            "gross_margin_4q_avg": 5.55,
            "net_income": 28672,
            "net_income_4q": null,
            "revenue": 5135963,
            "revenue_4q": null,
            "common_shares": 2255409,
            "book_valuer_per_share": 33.24,
            "book_valuer_per_share_4q_avg": 33.76,
            "equity": 11049601,
            "current_ratio": 152.24,
            "debt_ratio": 61.94,
            "inventory_turnover_ratio": 7.09,
            "account_receivable_turnover_ratio": 1.93,
            "reinvestment_rate": -28.52,
            "research_to_sale_ratio": 0.46,
            "price_fair": 69.7,
            "eps_avg_yearly": 1.99,
            "eps_latest_yearly": 0.64,
            "eps_growth_yearly": 288.94
        },
        "20214": {
            "year_quarter": 20214,
            "year": 2021,
            "quarter": 4,
            "eps": 0.76,
            "eps_growth_year": 147.59,
            "eps_4q": 1.43,
            "eps_4q_growth_year": -6.26,
            "roe": 1.74,
            "roe_4q": 2.88,
            "gross_profit": 507555,
            "gross_margin": 5.97,
            "gross_margin_4q_avg": 5.83,
            "net_income": 195435,
            "net_income_4q": null,
            "revenue": 8503759,
            "revenue_4q": null,
            "common_shares": 2255409,
            "book_valuer_per_share": 34.56,
            "book_valuer_per_share_4q_avg": 33.97,
            "equity": 11392505,
            "current_ratio": 146.66,
            "debt_ratio": 64.66,
            "inventory_turnover_ratio": 13.06,
            "account_receivable_turnover_ratio": 1.88,
            "reinvestment_rate": -24.96,
            "research_to_sale_ratio": 0.32,
            "price_fair": 68.3,
            "eps_avg_yearly": 1.95,
            "eps_latest_yearly": 3.04,
            "eps_growth_yearly": 289.31
        },
        "20221": {
            "year_quarter": 20221,
            "year": 2022,
            "quarter": 1,
            "eps": 1.09,
            "eps_growth_year": 581.25,
            "eps_4q": 2.36,
            "eps_4q_growth_year": 27.25,
            "roe": 2.15,
            "roe_4q": 5.02,
            "gross_profit": 588517,
            "gross_margin": 7.82,
            "gross_margin_4q_avg": 6.5,
            "net_income": 250846,
            "net_income_4q": null,
            "revenue": 7529118,
            "revenue_4q": null,
            "common_shares": 2255409,
            "book_valuer_per_share": 36.25,
            "book_valuer_per_share_4q_avg": 34.54,
            "equity": 11890723,
            "current_ratio": 155.31,
            "debt_ratio": 60.64,
            "inventory_turnover_ratio": 10.41,
            "account_receivable_turnover_ratio": 1.58,
            "reinvestment_rate": -8.95,
            "research_to_sale_ratio": 0.48,
            "price_fair": 74.4,
            "eps_avg_yearly": 2.13,
            "eps_latest_yearly": 4.36,
            "eps_growth_yearly": 315.05
        },
        "20222": {
            "year_quarter": 20222,
            "year": 2022,
            "quarter": 2,
            "eps": 0.78,
            "eps_growth_year": 129.41,
            "eps_4q": 2.8,
            "eps_4q_growth_year": 117.02,
            "roe": 2.07,
            "roe_4q": 6.22,
            "gross_profit": 557639,
            "gross_margin": 7.33,
            "gross_margin_4q_avg": 6.6,
            "net_income": 247663,
            "net_income_4q": null,
            "revenue": 7609686,
            "revenue_4q": null,
            "common_shares": 2255409,
            "book_valuer_per_share": 35.85,
            "book_valuer_per_share_4q_avg": 34.98,
            "equity": 11998600,
            "current_ratio": 152.9,
            "debt_ratio": 61.95,
            "inventory_turnover_ratio": 9.37,
            "account_receivable_turnover_ratio": 2.14,
            "reinvestment_rate": -5.67,
            "research_to_sale_ratio": 0.44,
            "price_fair": 75.1,
            "eps_avg_yearly": 2.15,
            "eps_latest_yearly": 3.12,
            "eps_growth_yearly": 293.24
        },
        "20223": {
            "year_quarter": 20223,
            "year": 2022,
            "quarter": 3,
            "eps": 1.18,
            "eps_growth_year": 637.5,
            "eps_4q": 3.81,
            "eps_4q_growth_year": 293.04,
            "roe": 2.96,
            "roe_4q": 8.92,
            "gross_profit": 731963,
            "gross_margin": 7.6,
            "gross_margin_4q_avg": 7.18,
            "net_income": 362101,
            "net_income_4q": null,
            "revenue": 9631538,
            "revenue_4q": null,
            "common_shares": 2255409,
            "book_valuer_per_share": 37.28,
            "book_valuer_per_share_4q_avg": 35.99,
            "equity": 12467470,
            "current_ratio": 136.38,
            "debt_ratio": 68.52,
            "inventory_turnover_ratio": 11.34,
            "account_receivable_turnover_ratio": 2.75,
            "reinvestment_rate": -2.35,
            "research_to_sale_ratio": 0.37,
            "price_fair": 81.6,
            "eps_avg_yearly": 2.33,
            "eps_latest_yearly": 4.72,
            "eps_growth_yearly": 315.13
        },
        "20224": {
            "year_quarter": 20224,
            "year": 2022,
            "quarter": 4,
            "eps": 1.39,
            "eps_growth_year": 81.15,
            "eps_4q": 4.43,
            "eps_4q_growth_year": 210.87,
            "roe": 3.35,
            "roe_4q": 10.530000000000001,
            "gross_profit": 858782,
            "gross_margin": 7.83,
            "gross_margin_4q_avg": 7.65,
            "net_income": 423413,
            "net_income_4q": null,
            "revenue": 10968544,
            "revenue_4q": null,
            "common_shares": 2255409,
            "book_valuer_per_share": 38.55,
            "book_valuer_per_share_4q_avg": 36.98,
            "equity": 12812317,
            "current_ratio": 128.19,
            "debt_ratio": 73.86,
            "inventory_turnover_ratio": 13.6,
            "account_receivable_turnover_ratio": 2.32,
            "reinvestment_rate": -1.56,
            "research_to_sale_ratio": 0.3,
            "price_fair": 88.6,
            "eps_avg_yearly": 2.53,
            "eps_latest_yearly": 5.56,
            "eps_growth_yearly": 311.59
        },
        "20231": {
            "year_quarter": 20231,
            "year": 2023,
            "quarter": 1,
            "eps": 1.42,
            "eps_growth_year": 30.28,
            "eps_4q": 4.75,
            "eps_4q_growth_year": 101.68,
            "roe": 2.86,
            "roe_4q": 11.24,
            "gross_profit": 733841,
            "gross_margin": 8.91,
            "gross_margin_4q_avg": 7.92,
            "net_income": 372811,
            "net_income_4q": null,
            "revenue": 8235784,
            "revenue_4q": null,
            "common_shares": 2255409,
            "book_valuer_per_share": 40.07,
            "book_valuer_per_share_4q_avg": 37.94,
            "equity": 13219432,
            "current_ratio": 127.82,
            "debt_ratio": 74.26,
            "inventory_turnover_ratio": 10.58,
            "account_receivable_turnover_ratio": 1.37,
            "reinvestment_rate": -2.85,
            "research_to_sale_ratio": 0.47,
            "price_fair": 100.6,
            "eps_avg_yearly": 2.87,
            "eps_latest_yearly": 5.68,
            "eps_growth_yearly": 331.67
        },
        "20232": {
            "year_quarter": 20232,
            "year": 2023,
            "quarter": 2,
            "eps": 2.07,
            "eps_growth_year": 165.38,
            "eps_4q": 6.05,
            "eps_4q_growth_year": 116.31,
            "roe": 4.35,
            "roe_4q": 13.52,
            "gross_profit": 977713,
            "gross_margin": 9.76,
            "gross_margin_4q_avg": 8.53,
            "net_income": 564251,
            "net_income_4q": null,
            "revenue": 10016108,
            "revenue_4q": null,
            "common_shares": 2255409,
            "book_valuer_per_share": 38.46,
            "book_valuer_per_share_4q_avg": 38.59,
            "equity": 12742810,
            "current_ratio": 125.41,
            "debt_ratio": 75.79,
            "inventory_turnover_ratio": 12.27,
            "account_receivable_turnover_ratio": 1.9,
            "reinvestment_rate": -1.31,
            "research_to_sale_ratio": 0.36,
            "price_fair": 119.7,
            "eps_avg_yearly": 3.42,
            "eps_latest_yearly": 8.28,
            "eps_growth_yearly": 352.54
        },
        "20233": {
            "year_quarter": 20233,
            "year": 2023,
            "quarter": 3,
            "eps": 4.36,
            "eps_growth_year": 269.49,
            "eps_4q": 9.23,
            "eps_4q_growth_year": 142.31,
            "roe": 9.52,
            "roe_4q": 20.080000000000002,
            "gross_profit": 1630597,
            "gross_margin": 11.19,
            "gross_margin_4q_avg": 9.42,
            "net_income": 1290388,
            "net_income_4q": null,
            "revenue": 14566270,
            "revenue_4q": null,
            "common_shares": 2255409,
            "book_valuer_per_share": 43.82,
            "book_valuer_per_share_4q_avg": 40.23,
            "equity": 14358247,
            "current_ratio": 129.17,
            "debt_ratio": 73.17,
            "inventory_turnover_ratio": 17.89,
            "account_receivable_turnover_ratio": 2.55,
            "reinvestment_rate": -1.03,
            "research_to_sale_ratio": 0.3,
            "price_fair": 147.6,
            "eps_avg_yearly": 4.22,
            "eps_latest_yearly": 17.44,
            "eps_growth_yearly": 132.36
        }
    },
    "months": {
        "2002-01": {
            "month": "2002-01",
            "price": "101.44",
            "revenue": 112570
        },
        "2002-02": {
            "month": "2002-02",
            "price": "124.17",
            "revenue": 78037
        },
        "2002-03": {
            "month": "2002-03",
            "price": "113.33",
            "revenue": 105177
        },
        "2002-04": {
            "month": "2002-04",
            "price": "121.29",
            "revenue": 6474
        },
        "2002-05": {
            "month": "2002-05",
            "price": "107.30",
            "revenue": 364524
        },
        "2002-06": {
            "month": "2002-06",
            "price": "104.15",
            "revenue": 490449
        },
        "2002-07": {
            "month": "2002-07",
            "price": "103.98",
            "revenue": 78849
        },
        "2002-08": {
            "month": "2002-08",
            "price": "97.77",
            "revenue": 67119
        },
        "2002-09": {
            "month": "2002-09",
            "price": "79.38",
            "revenue": 70878
        },
        "2002-10": {
            "month": "2002-10",
            "price": "71.34",
            "revenue": 415904
        },
        "2002-11": {
            "month": "2002-11",
            "price": "71.50",
            "revenue": 235029
        },
        "2002-12": {
            "month": "2002-12",
            "price": "71.61",
            "revenue": 871630
        },
        "2003-01": {
            "month": "2003-01",
            "price": "74.66",
            "revenue": 354867
        },
        "2003-02": {
            "month": "2003-02",
            "price": "72.12",
            "revenue": 548045
        },
        "2003-03": {
            "month": "2003-03",
            "price": "67.69",
            "revenue": 299751
        },
        "2003-04": {
            "month": "2003-04",
            "price": "66.09",
            "revenue": 256116
        },
        "2003-05": {
            "month": "2003-05",
            "price": "62.07",
            "revenue": 147022
        },
        "2003-06": {
            "month": "2003-06",
            "price": "65.55",
            "revenue": 190983
        },
        "2003-07": {
            "month": "2003-07",
            "price": "83.59",
            "revenue": 171214
        },
        "2003-08": {
            "month": "2003-08",
            "price": "114.40",
            "revenue": 123360
        },
        "2003-09": {
            "month": "2003-09",
            "price": "100.95",
            "revenue": 114745
        },
        "2003-10": {
            "month": "2003-10",
            "price": "86.52",
            "revenue": 244130
        },
        "2003-11": {
            "month": "2003-11",
            "price": "90.05",
            "revenue": 115882
        },
        "2003-12": {
            "month": "2003-12",
            "price": "97.85",
            "revenue": 329167
        },
        "2004-01": {
            "month": "2004-01",
            "price": "102.10",
            "revenue": 115357
        },
        "2004-02": {
            "month": "2004-02",
            "price": "99.88",
            "revenue": 103686
        },
        "2004-03": {
            "month": "2004-03",
            "price": "95.07",
            "revenue": 349978
        },
        "2004-04": {
            "month": "2004-04",
            "price": "88.16",
            "revenue": 287704
        },
        "2004-05": {
            "month": "2004-05",
            "price": "70.74",
            "revenue": 313448
        },
        "2004-06": {
            "month": "2004-06",
            "price": "69.07",
            "revenue": 535548
        },
        "2004-07": {
            "month": "2004-07",
            "price": "75.36",
            "revenue": 677152
        },
        "2004-08": {
            "month": "2004-08",
            "price": "55.20",
            "revenue": 1031552
        },
        "2004-09": {
            "month": "2004-09",
            "price": "62.07",
            "revenue": 1828825
        },
        "2004-10": {
            "month": "2004-10",
            "price": "66.90",
            "revenue": 779009
        },
        "2004-11": {
            "month": "2004-11",
            "price": "63.23",
            "revenue": 997495
        },
        "2004-12": {
            "month": "2004-12",
            "price": "62.15",
            "revenue": 1171241
        },
        "2005-01": {
            "month": "2005-01",
            "price": "59.33",
            "revenue": 1003550
        },
        "2005-02": {
            "month": "2005-02",
            "price": "68.58",
            "revenue": 913344
        },
        "2005-03": {
            "month": "2005-03",
            "price": "78.51",
            "revenue": 1053683
        },
        "2005-04": {
            "month": "2005-04",
            "price": "79.68",
            "revenue": 765162
        },
        "2005-05": {
            "month": "2005-05",
            "price": "79.34",
            "revenue": 622404
        },
        "2005-06": {
            "month": "2005-06",
            "price": "80.32",
            "revenue": 635434
        },
        "2005-07": {
            "month": "2005-07",
            "price": "79.52",
            "revenue": 768301
        },
        "2005-08": {
            "month": "2005-08",
            "price": "78.25",
            "revenue": 454591
        },
        "2005-09": {
            "month": "2005-09",
            "price": "68.99",
            "revenue": 428159
        },
        "2005-10": {
            "month": "2005-10",
            "price": "62.94",
            "revenue": 271483
        },
        "2005-11": {
            "month": "2005-11",
            "price": "59.25",
            "revenue": 307693
        },
        "2005-12": {
            "month": "2005-12",
            "price": "62.75",
            "revenue": 332940
        },
        "2006-01": {
            "month": "2006-01",
            "price": "65.78",
            "revenue": 316257
        },
        "2006-02": {
            "month": "2006-02",
            "price": "60.48",
            "revenue": 230469
        },
        "2006-03": {
            "month": "2006-03",
            "price": "58.40",
            "revenue": 284769
        },
        "2006-04": {
            "month": "2006-04",
            "price": "59.77",
            "revenue": 263787
        },
        "2006-05": {
            "month": "2006-05",
            "price": "57.55",
            "revenue": 286958
        },
        "2006-06": {
            "month": "2006-06",
            "price": "50.37",
            "revenue": 459200
        },
        "2006-07": {
            "month": "2006-07",
            "price": "45.29",
            "revenue": 585778
        },
        "2006-08": {
            "month": "2006-08",
            "price": "39.10",
            "revenue": 399763
        },
        "2006-09": {
            "month": "2006-09",
            "price": "38.73",
            "revenue": 472383
        },
        "2006-10": {
            "month": "2006-10",
            "price": "43.20",
            "revenue": 536421
        },
        "2006-11": {
            "month": "2006-11",
            "price": "45.17",
            "revenue": 592886
        },
        "2006-12": {
            "month": "2006-12",
            "price": "52.40",
            "revenue": 917967
        },
        "2007-01": {
            "month": "2007-01",
            "price": "55.90",
            "revenue": 570512
        },
        "2007-02": {
            "month": "2007-02",
            "price": "55.31",
            "revenue": 396422
        },
        "2007-03": {
            "month": "2007-03",
            "price": "52.71",
            "revenue": 665910
        },
        "2007-04": {
            "month": "2007-04",
            "price": "57.18",
            "revenue": 715918
        },
        "2007-05": {
            "month": "2007-05",
            "price": "56.49",
            "revenue": 910498
        },
        "2007-06": {
            "month": "2007-06",
            "price": "57.65",
            "revenue": 1053843
        },
        "2007-07": {
            "month": "2007-07",
            "price": "59.49",
            "revenue": 667576
        },
        "2007-08": {
            "month": "2007-08",
            "price": "50.03",
            "revenue": 517414
        },
        "2007-09": {
            "month": "2007-09",
            "price": "45.25",
            "revenue": 369593
        },
        "2007-10": {
            "month": "2007-10",
            "price": "42.98",
            "revenue": 1264961
        },
        "2007-11": {
            "month": "2007-11",
            "price": "39.90",
            "revenue": 1256142
        },
        "2007-12": {
            "month": "2007-12",
            "price": "37.52",
            "revenue": 1402671
        },
        "2008-01": {
            "month": "2008-01",
            "price": "34.96",
            "revenue": 608047
        },
        "2008-02": {
            "month": "2008-02",
            "price": "37.22",
            "revenue": 397513
        },
        "2008-03": {
            "month": "2008-03",
            "price": "39.33",
            "revenue": 435701
        },
        "2008-04": {
            "month": "2008-04",
            "price": "43.74",
            "revenue": 310728
        },
        "2008-05": {
            "month": "2008-05",
            "price": "43.99",
            "revenue": 498346
        },
        "2008-06": {
            "month": "2008-06",
            "price": "41.46",
            "revenue": 709742
        },
        "2008-07": {
            "month": "2008-07",
            "price": "34.72",
            "revenue": 504530
        },
        "2008-08": {
            "month": "2008-08",
            "price": "34.43",
            "revenue": 851267
        },
        "2008-09": {
            "month": "2008-09",
            "price": "31.77",
            "revenue": 1379496
        },
        "2008-10": {
            "month": "2008-10",
            "price": "26.31",
            "revenue": 1092219
        },
        "2008-11": {
            "month": "2008-11",
            "price": "19.19",
            "revenue": 1178110
        },
        "2008-12": {
            "month": "2008-12",
            "price": "16.58",
            "revenue": 1271961
        },
        "2009-01": {
            "month": "2009-01",
            "price": "17.63",
            "revenue": 444621
        },
        "2009-02": {
            "month": "2009-02",
            "price": "19.66",
            "revenue": 350242
        },
        "2009-03": {
            "month": "2009-03",
            "price": "22.89",
            "revenue": 385850
        },
        "2009-04": {
            "month": "2009-04",
            "price": "25.48",
            "revenue": 381864
        },
        "2009-05": {
            "month": "2009-05",
            "price": "29.14",
            "revenue": 344956
        },
        "2009-06": {
            "month": "2009-06",
            "price": "29.10",
            "revenue": 391099
        },
        "2009-07": {
            "month": "2009-07",
            "price": "27.05",
            "revenue": 358794
        },
        "2009-08": {
            "month": "2009-08",
            "price": "26.50",
            "revenue": 407981
        },
        "2009-09": {
            "month": "2009-09",
            "price": "27.68",
            "revenue": 487665
        },
        "2009-10": {
            "month": "2009-10",
            "price": "28.82",
            "revenue": 394550
        },
        "2009-11": {
            "month": "2009-11",
            "price": "30.72",
            "revenue": 516872
        },
        "2009-12": {
            "month": "2009-12",
            "price": "38.83",
            "revenue": 559058
        },
        "2010-01": {
            "month": "2010-01",
            "price": "38.22",
            "revenue": 627124
        },
        "2010-02": {
            "month": "2010-02",
            "price": "33.81",
            "revenue": 232183
        },
        "2010-03": {
            "month": "2010-03",
            "price": "35.97",
            "revenue": 512053
        },
        "2010-04": {
            "month": "2010-04",
            "price": "36.98",
            "revenue": 497765
        },
        "2010-05": {
            "month": "2010-05",
            "price": "32.65",
            "revenue": 762756
        },
        "2010-06": {
            "month": "2010-06",
            "price": "30.77",
            "revenue": 1123866
        },
        "2010-07": {
            "month": "2010-07",
            "price": "33.22",
            "revenue": 995870
        },
        "2010-08": {
            "month": "2010-08",
            "price": "32.63",
            "revenue": 1004589
        },
        "2010-09": {
            "month": "2010-09",
            "price": "30.57",
            "revenue": 1057699
        },
        "2010-10": {
            "month": "2010-10",
            "price": "30.67",
            "revenue": 218996
        },
        "2010-11": {
            "month": "2010-11",
            "price": "30.10",
            "revenue": 711872
        },
        "2010-12": {
            "month": "2010-12",
            "price": "30.96",
            "revenue": 913517
        },
        "2011-01": {
            "month": "2011-01",
            "price": "33.16",
            "revenue": 881873
        },
        "2011-02": {
            "month": "2011-02",
            "price": "32.42",
            "revenue": 865901
        },
        "2011-03": {
            "month": "2011-03",
            "price": "33.07",
            "revenue": 1090241
        },
        "2011-04": {
            "month": "2011-04",
            "price": "35.54",
            "revenue": 1203793
        },
        "2011-05": {
            "month": "2011-05",
            "price": "36.72",
            "revenue": 1385422
        },
        "2011-06": {
            "month": "2011-06",
            "price": "37.56",
            "revenue": 1435492
        },
        "2011-07": {
            "month": "2011-07",
            "price": "34.85",
            "revenue": 1383888
        },
        "2011-08": {
            "month": "2011-08",
            "price": "30.36",
            "revenue": 1322703
        },
        "2011-09": {
            "month": "2011-09",
            "price": "26.10",
            "revenue": 1434922
        },
        "2011-10": {
            "month": "2011-10",
            "price": "24.59",
            "revenue": 1561274
        },
        "2011-11": {
            "month": "2011-11",
            "price": "25.73",
            "revenue": 1297706
        },
        "2011-12": {
            "month": "2011-12",
            "price": "26.05",
            "revenue": 1440109
        },
        "2012-01": {
            "month": "2012-01",
            "price": "26.49",
            "revenue": 905794
        },
        "2012-02": {
            "month": "2012-02",
            "price": "29.20",
            "revenue": 903975
        },
        "2012-03": {
            "month": "2012-03",
            "price": "33.03",
            "revenue": 1146917
        },
        "2012-04": {
            "month": "2012-04",
            "price": "33.46",
            "revenue": 1136584
        },
        "2012-05": {
            "month": "2012-05",
            "price": "32.85",
            "revenue": 1086629
        },
        "2012-06": {
            "month": "2012-06",
            "price": "31.84",
            "revenue": 1789740
        },
        "2012-07": {
            "month": "2012-07",
            "price": "30.17",
            "revenue": 951801
        },
        "2012-08": {
            "month": "2012-08",
            "price": "27.90",
            "revenue": 871341
        },
        "2012-09": {
            "month": "2012-09",
            "price": "28.57",
            "revenue": 849004
        },
        "2012-10": {
            "month": "2012-10",
            "price": "28.31",
            "revenue": 851266
        },
        "2012-11": {
            "month": "2012-11",
            "price": "26.09",
            "revenue": 1218754
        },
        "2012-12": {
            "month": "2012-12",
            "price": "26.67",
            "revenue": 1185688
        },
        "2013-01": {
            "month": "2013-01",
            "price": "27.45",
            "revenue": 810301
        },
        "2013-02": {
            "month": "2013-02",
            "price": "27.82",
            "revenue": 792360
        },
        "2013-03": {
            "month": "2013-03",
            "price": "28.18",
            "revenue": 852186
        },
        "2013-04": {
            "month": "2013-04",
            "price": "28.32",
            "revenue": 1317847
        },
        "2013-05": {
            "month": "2013-05",
            "price": "28.91",
            "revenue": 1099296
        },
        "2013-06": {
            "month": "2013-06",
            "price": "28.64",
            "revenue": 864864
        },
        "2013-07": {
            "month": "2013-07",
            "price": "28.27",
            "revenue": 723636
        },
        "2013-08": {
            "month": "2013-08",
            "price": "25.85",
            "revenue": 854906
        },
        "2013-09": {
            "month": "2013-09",
            "price": "27.58",
            "revenue": 1010864
        },
        "2013-10": {
            "month": "2013-10",
            "price": "30.33",
            "revenue": 1318292
        },
        "2013-11": {
            "month": "2013-11",
            "price": "28.79",
            "revenue": 1578494
        },
        "2013-12": {
            "month": "2013-12",
            "price": "27.92",
            "revenue": 1041934
        },
        "2014-01": {
            "month": "2014-01",
            "price": "28.19",
            "revenue": 1154642
        },
        "2014-02": {
            "month": "2014-02",
            "price": "28.05",
            "revenue": 622272
        },
        "2014-03": {
            "month": "2014-03",
            "price": "27.97",
            "revenue": 831999
        },
        "2014-04": {
            "month": "2014-04",
            "price": "27.57",
            "revenue": 1202104
        },
        "2014-05": {
            "month": "2014-05",
            "price": "26.44",
            "revenue": 1120504
        },
        "2014-06": {
            "month": "2014-06",
            "price": "26.48",
            "revenue": 1247042
        },
        "2014-07": {
            "month": "2014-07",
            "price": "26.25",
            "revenue": 904213
        },
        "2014-08": {
            "month": "2014-08",
            "price": "25.81",
            "revenue": 1078780
        },
        "2014-09": {
            "month": "2014-09",
            "price": "25.84",
            "revenue": 1369476
        },
        "2014-10": {
            "month": "2014-10",
            "price": "24.79",
            "revenue": 1729435
        },
        "2014-11": {
            "month": "2014-11",
            "price": "24.70",
            "revenue": 1655810
        },
        "2014-12": {
            "month": "2014-12",
            "price": "24.44",
            "revenue": 1629409
        },
        "2015-01": {
            "month": "2015-01",
            "price": "24.60",
            "revenue": 969038
        },
        "2015-02": {
            "month": "2015-02",
            "price": "24.23",
            "revenue": 843415
        },
        "2015-03": {
            "month": "2015-03",
            "price": "23.41",
            "revenue": 828985
        },
        "2015-04": {
            "month": "2015-04",
            "price": "22.95",
            "revenue": 1157687
        },
        "2015-05": {
            "month": "2015-05",
            "price": "22.11",
            "revenue": 1415913
        },
        "2015-06": {
            "month": "2015-06",
            "price": "21.14",
            "revenue": 1472791
        },
        "2015-07": {
            "month": "2015-07",
            "price": "19.84",
            "revenue": 1385626
        },
        "2015-08": {
            "month": "2015-08",
            "price": "16.98",
            "revenue": 1358988
        },
        "2015-09": {
            "month": "2015-09",
            "price": "16.15",
            "revenue": 1940060
        },
        "2015-10": {
            "month": "2015-10",
            "price": "18.01",
            "revenue": 1360097
        },
        "2015-11": {
            "month": "2015-11",
            "price": "18.07",
            "revenue": 1710445
        },
        "2015-12": {
            "month": "2015-12",
            "price": "17.85",
            "revenue": 3025512
        },
        "2016-01": {
            "month": "2016-01",
            "price": "18.10",
            "revenue": 3004590
        },
        "2016-02": {
            "month": "2016-02",
            "price": "22.54",
            "revenue": 3401774
        },
        "2016-03": {
            "month": "2016-03",
            "price": "34.37",
            "revenue": 2590584
        },
        "2016-04": {
            "month": "2016-04",
            "price": "31.79",
            "revenue": 2029845
        },
        "2016-05": {
            "month": "2016-05",
            "price": "27.22",
            "revenue": 1868628
        },
        "2016-06": {
            "month": "2016-06",
            "price": "25.71",
            "revenue": 1451052
        },
        "2016-07": {
            "month": "2016-07",
            "price": "25.42",
            "revenue": 1332303
        },
        "2016-08": {
            "month": "2016-08",
            "price": "26.28",
            "revenue": 1515263
        },
        "2016-09": {
            "month": "2016-09",
            "price": "27.39",
            "revenue": 1145940
        },
        "2016-10": {
            "month": "2016-10",
            "price": "25.87",
            "revenue": 1434503
        },
        "2016-11": {
            "month": "2016-11",
            "price": "24.86",
            "revenue": 1528000
        },
        "2016-12": {
            "month": "2016-12",
            "price": "30.29",
            "revenue": 2109544
        },
        "2017-01": {
            "month": "2017-01",
            "price": "36.68",
            "revenue": 1779535
        },
        "2017-02": {
            "month": "2017-02",
            "price": "35.91",
            "revenue": 1804278
        },
        "2017-03": {
            "month": "2017-03",
            "price": "37.03",
            "revenue": 1725170
        },
        "2017-04": {
            "month": "2017-04",
            "price": "34.32",
            "revenue": 1536769
        },
        "2017-05": {
            "month": "2017-05",
            "price": "32.79",
            "revenue": 2039902
        },
        "2017-06": {
            "month": "2017-06",
            "price": "33.94",
            "revenue": 2231994
        },
        "2017-07": {
            "month": "2017-07",
            "price": "35.64",
            "revenue": 1676358
        },
        "2017-08": {
            "month": "2017-08",
            "price": "36.41",
            "revenue": 1613641
        },
        "2017-09": {
            "month": "2017-09",
            "price": "34.53",
            "revenue": 1409455
        },
        "2017-10": {
            "month": "2017-10",
            "price": "37.16",
            "revenue": 1430895
        },
        "2017-11": {
            "month": "2017-11",
            "price": "36.47",
            "revenue": 2010082
        },
        "2017-12": {
            "month": "2017-12",
            "price": "33.45",
            "revenue": 2137077
        },
        "2018-01": {
            "month": "2018-01",
            "price": "35.98",
            "revenue": 2245983
        },
        "2018-02": {
            "month": "2018-02",
            "price": "33.93",
            "revenue": 1494743
        },
        "2018-03": {
            "month": "2018-03",
            "price": "35.39",
            "revenue": 2263885
        },
        "2018-04": {
            "month": "2018-04",
            "price": "36.63",
            "revenue": 2088750
        },
        "2018-05": {
            "month": "2018-05",
            "price": "35.93",
            "revenue": 2583050
        },
        "2018-06": {
            "month": "2018-06",
            "price": "34.30",
            "revenue": 2098404
        },
        "2018-07": {
            "month": "2018-07",
            "price": "32.42",
            "revenue": 1387445
        },
        "2018-08": {
            "month": "2018-08",
            "price": "32.14",
            "revenue": 1609179
        },
        "2018-09": {
            "month": "2018-09",
            "price": "31.63",
            "revenue": 1988935
        },
        "2018-10": {
            "month": "2018-10",
            "price": "27.52",
            "revenue": 1721966
        },
        "2018-11": {
            "month": "2018-11",
            "price": "26.13",
            "revenue": 1468056
        },
        "2018-12": {
            "month": "2018-12",
            "price": "26.41",
            "revenue": 1357612
        },
        "2019-01": {
            "month": "2019-01",
            "price": "25.90",
            "revenue": 2721488
        },
        "2019-02": {
            "month": "2019-02",
            "price": "27.40",
            "revenue": 875077
        },
        "2019-03": {
            "month": "2019-03",
            "price": "28.58",
            "revenue": 1085511
        },
        "2019-04": {
            "month": "2019-04",
            "price": "28.32",
            "revenue": 1383882
        },
        "2019-05": {
            "month": "2019-05",
            "price": "28.06",
            "revenue": 990036
        },
        "2019-06": {
            "month": "2019-06",
            "price": "27.52",
            "revenue": 1265080
        },
        "2019-07": {
            "month": "2019-07",
            "price": "28.06",
            "revenue": 865651
        },
        "2019-08": {
            "month": "2019-08",
            "price": "26.29",
            "revenue": 940440
        },
        "2019-09": {
            "month": "2019-09",
            "price": "25.23",
            "revenue": 1263254
        },
        "2019-10": {
            "month": "2019-10",
            "price": "25.39",
            "revenue": 1606633
        },
        "2019-11": {
            "month": "2019-11",
            "price": "25.38",
            "revenue": 1588487
        },
        "2019-12": {
            "month": "2019-12",
            "price": "29.28",
            "revenue": 2062793
        },
        "2020-01": {
            "month": "2020-01",
            "price": "31.47",
            "revenue": 935538
        },
        "2020-02": {
            "month": "2020-02",
            "price": "30.33",
            "revenue": 724024
        },
        "2020-03": {
            "month": "2020-03",
            "price": "24.10",
            "revenue": 1156467
        },
        "2020-04": {
            "month": "2020-04",
            "price": "24.40",
            "revenue": 1207913
        },
        "2020-05": {
            "month": "2020-05",
            "price": "25.76",
            "revenue": 1269986
        },
        "2020-06": {
            "month": "2020-06",
            "price": "27.28",
            "revenue": 950466
        },
        "2020-07": {
            "month": "2020-07",
            "price": "31.39",
            "revenue": 969759
        },
        "2020-08": {
            "month": "2020-08",
            "price": "31.68",
            "revenue": 1014538
        },
        "2020-09": {
            "month": "2020-09",
            "price": "27.85",
            "revenue": 1193918
        },
        "2020-10": {
            "month": "2020-10",
            "price": "26.45",
            "revenue": 1236491
        },
        "2020-11": {
            "month": "2020-11",
            "price": "26.95",
            "revenue": 1637156
        },
        "2020-12": {
            "month": "2020-12",
            "price": "28.28",
            "revenue": 1659848
        },
        "2021-01": {
            "month": "2021-01",
            "price": "31.51",
            "revenue": 1483731
        },
        "2021-02": {
            "month": "2021-02",
            "price": "30.23",
            "revenue": 1275071
        },
        "2021-03": {
            "month": "2021-03",
            "price": "31.92",
            "revenue": 1446890
        },
        "2021-04": {
            "month": "2021-04",
            "price": "33.49",
            "revenue": 1764865
        },
        "2021-05": {
            "month": "2021-05",
            "price": "28.63",
            "revenue": 1721341
        },
        "2021-06": {
            "month": "2021-06",
            "price": "29.58",
            "revenue": 2434785
        },
        "2021-07": {
            "month": "2021-07",
            "price": "32.23",
            "revenue": 1793458
        },
        "2021-08": {
            "month": "2021-08",
            "price": "29.96",
            "revenue": 1671909
        },
        "2021-09": {
            "month": "2021-09",
            "price": "29.06",
            "revenue": 1714857
        },
        "2021-10": {
            "month": "2021-10",
            "price": "28.35",
            "revenue": 1859682
        },
        "2021-11": {
            "month": "2021-11",
            "price": "29.13",
            "revenue": 2896216
        },
        "2021-12": {
            "month": "2021-12",
            "price": "28.87",
            "revenue": 3757098
        },
        "2022-01": {
            "month": "2022-01",
            "price": "31.14",
            "revenue": 2886294
        },
        "2022-02": {
            "month": "2022-02",
            "price": "31.37",
            "revenue": 1879240
        },
        "2022-03": {
            "month": "2022-03",
            "price": "31.15",
            "revenue": 2642606
        },
        "2022-04": {
            "month": "2022-04",
            "price": "31.23",
            "revenue": 2520482
        },
        "2022-05": {
            "month": "2022-05",
            "price": "30.38",
            "revenue": 2364699
        },
        "2022-06": {
            "month": "2022-06",
            "price": "31.61",
            "revenue": 2829136
        },
        "2022-07": {
            "month": "2022-07",
            "price": "29.69",
            "revenue": 3067204
        },
        "2022-08": {
            "month": "2022-08",
            "price": "31.91",
            "revenue": 3350685
        },
        "2022-09": {
            "month": "2022-09",
            "price": "30.85",
            "revenue": 3180060
        },
        "2022-10": {
            "month": "2022-10",
            "price": "29.19",
            "revenue": 3369774
        },
        "2022-11": {
            "month": "2022-11",
            "price": "31.64",
            "revenue": 3526293
        },
        "2022-12": {
            "month": "2022-12",
            "price": "37.29",
            "revenue": 4047910
        },
        "2023-01": {
            "month": "2023-01",
            "price": "40.12",
            "revenue": 2345006
        },
        "2023-02": {
            "month": "2023-02",
            "price": "40.68",
            "revenue": 2988504
        },
        "2023-03": {
            "month": "2023-03",
            "price": "46.20",
            "revenue": 2887604
        },
        "2023-04": {
            "month": "2023-04",
            "price": "46.29",
            "revenue": 3176428
        },
        "2023-05": {
            "month": "2023-05",
            "price": "57.48",
            "revenue": 2766220
        },
        "2023-06": {
            "month": "2023-06",
            "price": "60.35",
            "revenue": 4046896
        },
        "2023-07": {
            "month": "2023-07",
            "price": "74.47",
            "revenue": 4000024
        },
        "2023-08": {
            "month": "2023-08",
            "price": "84.74",
            "revenue": 4139571
        },
        "2023-09": {
            "month": "2023-09",
            "price": "94.72",
            "revenue": 6468010
        },
        "2023-10": {
            "month": "2023-10",
            "price": "117.42",
            "revenue": 6769058
        },
        "2023-11": {
            "month": "2023-11",
            "price": "137.50",
            "revenue": 8997676
        },
        "2023-12": {
            "month": "2023-12",
            "price": "152.76",
            "revenue": 8314643
        }
    }
}
