{
    "summary": {
        "stock_name": "訊達",
        "stock_id": "6140",
        "category": "資訊服務",
        "main_business": "電腦網路系統的諮詢、設計、整合、銷售、建置、服務<br>六大項目，提供一貫化全方位e化解決方案(e-solution)<br>專業服務",
        "website_url": "http://www.dimension.com.tw",
        "ceo": "蘇文宗",
        "pe_ratio": 20,
        "report_year_from": 2001,
        "report_year_to": 2023,
        "age": 22,
        "eps_negative_percentage": 30,
        "eps_growth_avg": {
            "last_all": -13.23,
            "last_2y": 42.48,
            "last_4y": 17.16,
            "last_8y": 17.16,
            "last_12y": -4.36,
            "last_16y": -10.1,
            "last_20y": -13.23,
            "at_2006_last_3y": 40.01,
            "at_2007_last_3y": 26.24,
            "at_2008_last_3y": 28.42,
            "at_2009_last_3y": -21.58,
            "at_2010_last_3y": -61.21,
            "at_2011_last_3y": -30.03,
            "at_2012_last_3y": -40.23,
            "at_2013_last_3y": -40.23,
            "at_2014_last_3y": -40.23,
            "at_2015_last_3y": -99.57,
            "at_2016_last_3y": -100,
            "at_2017_last_3y": null,
            "at_2018_last_3y": -75,
            "at_2019_last_3y": -20.83,
            "at_2020_last_3y": 19.44,
            "at_2021_last_3y": 1.3,
            "at_2022_last_3y": 40.2,
            "at_2023_last_3y": 40.2,
            "at_2006_last_all": 5.01,
            "at_2007_last_all": 0.99,
            "at_2008_last_all": -10.6,
            "at_2009_last_all": -23.37,
            "at_2010_last_all": -23.37,
            "at_2011_last_all": -10.64,
            "at_2012_last_all": -20.47,
            "at_2013_last_all": -28.43,
            "at_2014_last_all": -28.43,
            "at_2015_last_all": -28.43,
            "at_2016_last_all": -28.43,
            "at_2017_last_all": -28.43,
            "at_2018_last_all": -32.66,
            "at_2019_last_all": -27.16,
            "at_2020_last_all": -17.38,
            "at_2021_last_all": -19.93,
            "at_2022_last_all": -13.23,
            "at_2023_last_all": -13.23
        },
        "latest_eps": 1.07,
        "latest_price": 21,
        "latest_roe": 8.64,
        "latest_gross_margin": 11.31,
        "latest_equity": 544449,
        "latest_revenue": 408183,
        "latest_gross_profit": 46161,
        "latest_net_income": -3686,
        "latest_debt_ratio": 66.17,
        "latest_current_ratio": 135.1,
        "latest_account_receivable_turnover_ratio": 0.67,
        "latest_inventory_turnover_ratio": 1.97,
        "latest_reinvestment_rate": -2.13,
        "latest_research_to_sale_ratio": null
    },
    "eps_dividends": {
        "2000": {
            "cash": 0.2,
            "stock": 1,
            "eps": 0
        },
        "2001": {
            "cash": 0.2,
            "stock": 1,
            "eps": 1.26
        },
        "2002": {
            "cash": 0,
            "stock": 1,
            "eps": -0.25
        },
        "2003": {
            "cash": 0,
            "stock": 0,
            "eps": 0.44
        },
        "2004": {
            "cash": 0.15,
            "stock": 0.15,
            "eps": 0.1
        },
        "2005": {
            "cash": 0,
            "stock": 0,
            "eps": 0.74
        },
        "2006": {
            "cash": 0.3,
            "stock": 0,
            "eps": 1.46
        },
        "2007": {
            "cash": 0.75,
            "stock": 0,
            "eps": 1.24
        },
        "2008": {
            "cash": 0.86,
            "stock": 0,
            "eps": 0.39
        },
        "2009": {
            "cash": 0.13,
            "stock": 0.52,
            "eps": -0.29
        },
        "2010": {
            "cash": 0,
            "stock": 0,
            "eps": 0.65
        },
        "2011": {
            "cash": 0.1,
            "stock": 0.4,
            "eps": 1.16
        },
        "2012": {
            "cash": 0.15,
            "stock": 0.35,
            "eps": 0.01
        },
        "2013": {
            "cash": 0,
            "stock": 0,
            "eps": -0.14
        },
        "2014": {
            "cash": 0,
            "stock": 0,
            "eps": -0.13
        },
        "2015": {
            "cash": 0,
            "stock": 0,
            "eps": -0.46
        },
        "2016": {
            "cash": 0,
            "stock": 0,
            "eps": -0.71
        },
        "2017": {
            "cash": 0,
            "stock": 0,
            "eps": 0.24
        },
        "2018": {
            "cash": 0,
            "stock": 0,
            "eps": 0.06
        },
        "2019": {
            "cash": 0,
            "stock": 0,
            "eps": 0.08
        },
        "2020": {
            "cash": 0,
            "stock": 0,
            "eps": 1.43
        },
        "2021": {
            "cash": 0,
            "stock": 0,
            "eps": 0.67
        },
        "2022": {
            "cash": 0,
            "stock": 1,
            "eps": 1.21
        },
        "2023": {
            "cash": 0,
            "stock": 1,
            "eps": -0.09
        }
    },
    "dividends": {
        "2000-05-18": {
            "cash": 0.2,
            "stock": 1
        },
        "2001-05-24": {
            "cash": 0.2,
            "stock": 1
        },
        "2002-06-24": {
            "cash": 0,
            "stock": 1
        },
        "2004-03-25": {
            "cash": 0.15,
            "stock": 0.15
        },
        "2006-04-10": {
            "cash": 0.3,
            "stock": 0
        },
        "2007-04-26": {
            "cash": 0.75,
            "stock": 0
        },
        "2008-03-26": {
            "cash": 0.86,
            "stock": 0
        },
        "2009-03-12": {
            "cash": 0.13,
            "stock": 0.52
        },
        "2011-03-23": {
            "cash": 0.1,
            "stock": 0.4
        },
        "2012-06-27": {
            "cash": 0.15,
            "stock": 0.35
        },
        "2022-05-06": {
            "cash": 0,
            "stock": 1
        },
        "2023-05-09": {
            "cash": 0,
            "stock": 1
        }
    },
    "prices": {
        "200101": "無",
        "200102": "無",
        "200103": "無",
        "200104": "無",
        "200105": "無",
        "200106": "無",
        "200107": "無",
        "200108": "無",
        "200109": "無",
        "200110": "無",
        "200111": "無",
        "200112": "無",
        "200201": "無",
        "200202": "25.07",
        "200203": "24.57",
        "200204": "23.36",
        "200205": "18.71",
        "200206": "16.57",
        "200207": "14.29",
        "200208": "14.20",
        "200209": "13.81",
        "200210": "12.49",
        "200211": "11.35",
        "200212": "10.31",
        "200301": "10.38",
        "200302": "10.35",
        "200303": "9.99",
        "200304": "10.26",
        "200305": "9.38",
        "200306": "10.66",
        "200307": "10.38",
        "200308": "10.52",
        "200309": "9.85",
        "200310": "9.74",
        "200311": "10.47",
        "200312": "10.74",
        "200401": "10.66",
        "200402": "11.98",
        "200403": "12.98",
        "200404": "12.62",
        "200405": "11.62",
        "200406": "10.67",
        "200407": "10.25",
        "200408": "10.06",
        "200409": "9.56",
        "200410": "8.23",
        "200411": "7.19",
        "200412": "7.14",
        "200501": "7.47",
        "200502": "7.18",
        "200503": "7.16",
        "200504": "6.33",
        "200505": "5.79",
        "200506": "6.40",
        "200507": "7.19",
        "200508": "7.14",
        "200509": "6.86",
        "200510": "6.44",
        "200511": "6.32",
        "200512": "6.52",
        "200601": "7.28",
        "200602": "8.09",
        "200603": "7.69",
        "200604": "7.22",
        "200605": "6.74",
        "200606": "6.20",
        "200607": "5.16",
        "200608": "5.17",
        "200609": "6.12",
        "200610": "6.84",
        "200611": "8.69",
        "200612": "12.22",
        "200701": "13.65",
        "200702": "12.78",
        "200703": "13.93",
        "200704": "14.26",
        "200705": "13.45",
        "200706": "15.43",
        "200707": "16.80",
        "200708": "14.48",
        "200709": "14.31",
        "200710": "13.45",
        "200711": "13.05",
        "200712": "12.14",
        "200801": "9.96",
        "200802": "9.17",
        "200803": "11.74",
        "200804": "12.52",
        "200805": "12.15",
        "200806": "10.95",
        "200807": "9.98",
        "200808": "9.92",
        "200809": "8.46",
        "200810": "5.97",
        "200811": "6.42",
        "200812": "6.47",
        "200901": "6.25",
        "200902": "6.18",
        "200903": "7.15",
        "200904": "7.68",
        "200905": "7.67",
        "200906": "8.00",
        "200907": "8.47",
        "200908": "8.22",
        "200909": "9.08",
        "200910": "10.41",
        "200911": "10.51",
        "200912": "13.21",
        "201001": "14.87",
        "201002": "13.58",
        "201003": "14.55",
        "201004": "20.07",
        "201005": "17.26",
        "201006": "17.60",
        "201007": "20.00",
        "201008": "18.51",
        "201009": "17.91",
        "201010": "17.36",
        "201011": "16.32",
        "201012": "15.27",
        "201101": "14.76",
        "201102": "13.90",
        "201103": "12.90",
        "201104": "12.36",
        "201105": "12.43",
        "201106": "12.80",
        "201107": "12.49",
        "201108": "12.08",
        "201109": "12.69",
        "201110": "12.30",
        "201111": "12.51",
        "201112": "10.37",
        "201201": "10.55",
        "201202": "13.30",
        "201203": "13.36",
        "201204": "12.20",
        "201205": "11.30",
        "201206": "10.61",
        "201207": "10.52",
        "201208": "10.24",
        "201209": "10.73",
        "201210": "10.31",
        "201211": "10.10",
        "201212": "10.17",
        "201301": "10.34",
        "201302": "10.37",
        "201303": "12.11",
        "201304": "13.65",
        "201305": "12.78",
        "201306": "12.42",
        "201307": "11.52",
        "201308": "11.91",
        "201309": "11.57",
        "201310": "11.54",
        "201311": "11.46",
        "201312": "11.34",
        "201401": "12.68",
        "201402": "13.01",
        "201403": "12.99",
        "201404": "12.75",
        "201405": "11.97",
        "201406": "12.10",
        "201407": "12.51",
        "201408": "14.04",
        "201409": "14.03",
        "201410": "13.59",
        "201411": "11.86",
        "201412": "12.36",
        "201501": "12.25",
        "201502": "12.49",
        "201503": "13.06",
        "201504": "12.95",
        "201505": "12.17",
        "201506": "10.95",
        "201507": "11.50",
        "201508": "10.72",
        "201509": "10.83",
        "201510": "11.26",
        "201511": "10.93",
        "201512": "10.64",
        "201601": "10.81",
        "201602": "10.64",
        "201603": "12.81",
        "201604": "13.71",
        "201605": "12.39",
        "201606": "11.11",
        "201607": "11.63",
        "201608": "11.39",
        "201609": "11.05",
        "201610": "10.90",
        "201611": "10.69",
        "201612": "10.71",
        "201701": "10.59",
        "201702": "10.86",
        "201703": "10.65",
        "201704": "10.66",
        "201705": "10.70",
        "201706": "10.61",
        "201707": "10.62",
        "201708": "10.54",
        "201709": "11.21",
        "201710": "13.27",
        "201711": "12.59",
        "201712": "11.57",
        "201801": "11.89",
        "201802": "11.05",
        "201803": "11.75",
        "201804": "12.10",
        "201805": "11.58",
        "201806": "11.45",
        "201807": "10.91",
        "201808": "10.37",
        "201809": "10.20",
        "201810": "9.94",
        "201811": "10.00",
        "201812": "10.72",
        "201901": "10.96",
        "201902": "10.65",
        "201903": "11.00",
        "201904": "12.10",
        "201905": "11.26",
        "201906": "11.11",
        "201907": "11.93",
        "201908": "11.68",
        "201909": "11.10",
        "201910": "10.97",
        "201911": "10.96",
        "201912": "10.80",
        "202001": "11.23",
        "202002": "10.43",
        "202003": "9.68",
        "202004": "9.69",
        "202005": "10.35",
        "202006": "13.84",
        "202007": "16.89",
        "202008": "21.63",
        "202009": "26.12",
        "202010": "22.99",
        "202011": "21.81",
        "202012": "21.73",
        "202101": "20.01",
        "202102": "19.94",
        "202103": "19.79",
        "202104": "19.13",
        "202105": "14.68",
        "202106": "14.26",
        "202107": "14.41",
        "202108": "14.92",
        "202109": "15.26",
        "202110": "15.33",
        "202111": "19.75",
        "202112": "19.89",
        "202201": "17.72",
        "202202": "16.88",
        "202203": "16.87",
        "202204": "17.13",
        "202205": "16.39",
        "202206": "17.35",
        "202207": "16.70",
        "202208": "17.78",
        "202209": "18.62",
        "202210": "16.16",
        "202211": "17.05",
        "202212": "17.13",
        "202301": "16.44",
        "202302": "17.32",
        "202303": "19.93",
        "202304": "22.06",
        "202305": "21.11",
        "202306": "20.87"
    },
    "quarters": {
        "20011": {
            "year_quarter": 20011,
            "year": 2001,
            "quarter": 1,
            "eps": 0.72,
            "eps_growth_year": null,
            "eps_4q": null,
            "eps_4q_growth_year": null,
            "roe": 5.28,
            "roe_4q": 5.28,
            "gross_profit": 67633,
            "gross_margin": 20.97,
            "gross_margin_4q_avg": 20.97,
            "net_income": 18088,
            "revenue": 322595,
            "common_shares": 250000,
            "book_valuer_per_share": 14.07,
            "book_valuer_per_share_4q_avg": 14.07,
            "equity": 351698,
            "current_ratio": 208.31,
            "debt_ratio": 46.67,
            "inventory_turnover_ratio": 1.88,
            "account_receivable_turnover_ratio": null,
            "reinvestment_rate": null,
            "research_to_sale_ratio": null,
            "price_fair": 0,
            "eps_avg_yearly": 0,
            "eps_latest_yearly": 0,
            "eps_growth_yearly": 0
        },
        "20012": {
            "year_quarter": 20012,
            "year": 2001,
            "quarter": 2,
            "eps": 0.35,
            "eps_growth_year": null,
            "eps_4q": null,
            "eps_4q_growth_year": null,
            "roe": 2.44,
            "roe_4q": 7.720000000000001,
            "gross_profit": 56334,
            "gross_margin": 17.76,
            "gross_margin_4q_avg": 19.37,
            "net_income": 8583,
            "revenue": 317238,
            "common_shares": 250000,
            "book_valuer_per_share": 14.09,
            "book_valuer_per_share_4q_avg": 14.08,
            "equity": 352262,
            "current_ratio": 208.22,
            "debt_ratio": 46.63,
            "inventory_turnover_ratio": 2.06,
            "account_receivable_turnover_ratio": null,
            "reinvestment_rate": null,
            "research_to_sale_ratio": null,
            "price_fair": 0,
            "eps_avg_yearly": 0,
            "eps_latest_yearly": 0,
            "eps_growth_yearly": 0
        },
        "20013": {
            "year_quarter": 20013,
            "year": 2001,
            "quarter": 3,
            "eps": 0.12,
            "eps_growth_year": null,
            "eps_4q": null,
            "eps_4q_growth_year": null,
            "roe": 1.05,
            "roe_4q": 8.77,
            "gross_profit": 45405,
            "gross_margin": 14.27,
            "gross_margin_4q_avg": 17.67,
            "net_income": 3730,
            "revenue": 318235,
            "common_shares": 300882,
            "book_valuer_per_share": 11.83,
            "book_valuer_per_share_4q_avg": 13.33,
            "equity": 355992,
            "current_ratio": 228.06,
            "debt_ratio": 42.3,
            "inventory_turnover_ratio": 2.46,
            "account_receivable_turnover_ratio": null,
            "reinvestment_rate": null,
            "research_to_sale_ratio": null,
            "price_fair": 0,
            "eps_avg_yearly": 0,
            "eps_latest_yearly": 0,
            "eps_growth_yearly": 0
        },
        "20014": {
            "year_quarter": 20014,
            "year": 2001,
            "quarter": 4,
            "eps": 0.07,
            "eps_growth_year": null,
            "eps_4q": 1.13,
            "eps_4q_growth_year": null,
            "roe": 0.56,
            "roe_4q": 9.33,
            "gross_profit": 58446,
            "gross_margin": 14.4,
            "gross_margin_4q_avg": 16.85,
            "net_income": 2013,
            "revenue": 405761,
            "common_shares": 300882,
            "book_valuer_per_share": 11.9,
            "book_valuer_per_share_4q_avg": 12.97,
            "equity": 358138,
            "current_ratio": 238.12,
            "debt_ratio": 41.05,
            "inventory_turnover_ratio": 3.61,
            "account_receivable_turnover_ratio": null,
            "reinvestment_rate": null,
            "research_to_sale_ratio": null,
            "price_fair": 0,
            "eps_avg_yearly": 0,
            "eps_latest_yearly": 0,
            "eps_growth_yearly": 0
        },
        "20021": {
            "year_quarter": 20021,
            "year": 2002,
            "quarter": 1,
            "eps": 0.2,
            "eps_growth_year": -72.22,
            "eps_4q": 0.67,
            "eps_4q_growth_year": null,
            "roe": 1.7,
            "roe_4q": 5.75,
            "gross_profit": 50975,
            "gross_margin": 15.49,
            "gross_margin_4q_avg": 15.48,
            "net_income": 6139,
            "revenue": 329066,
            "common_shares": 300882,
            "book_valuer_per_share": 12.11,
            "book_valuer_per_share_4q_avg": 12.48,
            "equity": 364277,
            "current_ratio": 209.79,
            "debt_ratio": 46.22,
            "inventory_turnover_ratio": 3,
            "account_receivable_turnover_ratio": null,
            "reinvestment_rate": null,
            "research_to_sale_ratio": null,
            "price_fair": 28,
            "eps_avg_yearly": 0.8,
            "eps_latest_yearly": 0.8,
            "eps_growth_yearly": 742.86
        },
        "20022": {
            "year_quarter": 20022,
            "year": 2002,
            "quarter": 2,
            "eps": -0.08,
            "eps_growth_year": -122.86,
            "eps_4q": 0.3,
            "eps_4q_growth_year": null,
            "roe": -0.76,
            "roe_4q": 2.55,
            "gross_profit": 49695,
            "gross_margin": 14.7,
            "gross_margin_4q_avg": 14.72,
            "net_income": -2767,
            "revenue": 338120,
            "common_shares": 300882,
            "book_valuer_per_share": 11.93,
            "book_valuer_per_share_4q_avg": 11.94,
            "equity": 359077,
            "current_ratio": 178.61,
            "debt_ratio": 53.13,
            "inventory_turnover_ratio": 2.68,
            "account_receivable_turnover_ratio": null,
            "reinvestment_rate": null,
            "research_to_sale_ratio": null,
            "price_fair": 28,
            "eps_avg_yearly": 0.8,
            "eps_latest_yearly": 0.8,
            "eps_growth_yearly": 742.86
        },
        "20023": {
            "year_quarter": 20023,
            "year": 2002,
            "quarter": 3,
            "eps": 0.13,
            "eps_growth_year": 8.33,
            "eps_4q": 0.3,
            "eps_4q_growth_year": null,
            "roe": 1.17,
            "roe_4q": 2.67,
            "gross_profit": 72141,
            "gross_margin": 13.09,
            "gross_margin_4q_avg": 14.42,
            "net_income": 4222,
            "revenue": 551030,
            "common_shares": 333820,
            "book_valuer_per_share": 10.91,
            "book_valuer_per_share_4q_avg": 11.71,
            "equity": 364183,
            "current_ratio": 158.87,
            "debt_ratio": 59.59,
            "inventory_turnover_ratio": 3.74,
            "account_receivable_turnover_ratio": null,
            "reinvestment_rate": null,
            "research_to_sale_ratio": null,
            "price_fair": 28,
            "eps_avg_yearly": 0.8,
            "eps_latest_yearly": 0.8,
            "eps_growth_yearly": 742.86
        },
        "20024": {
            "year_quarter": 20024,
            "year": 2002,
            "quarter": 4,
            "eps": -0.5,
            "eps_growth_year": -814.29,
            "eps_4q": -0.27,
            "eps_4q_growth_year": -123.95,
            "roe": -4.69,
            "roe_4q": -2.58,
            "gross_profit": 62498,
            "gross_margin": 16.03,
            "gross_margin_4q_avg": 14.83,
            "net_income": -16685,
            "revenue": 389914,
            "common_shares": 333820,
            "book_valuer_per_share": 10.4,
            "book_valuer_per_share_4q_avg": 11.34,
            "equity": 347272,
            "current_ratio": 168.24,
            "debt_ratio": 56.09,
            "inventory_turnover_ratio": 2.7,
            "account_receivable_turnover_ratio": null,
            "reinvestment_rate": null,
            "research_to_sale_ratio": null,
            "price_fair": 28,
            "eps_avg_yearly": 0.8,
            "eps_latest_yearly": 0.8,
            "eps_growth_yearly": 742.86
        },
        "20031": {
            "year_quarter": 20031,
            "year": 2003,
            "quarter": 1,
            "eps": -0.47,
            "eps_growth_year": -335,
            "eps_4q": -0.92,
            "eps_4q_growth_year": -238.56,
            "roe": -4.65,
            "roe_4q": -8.93,
            "gross_profit": 38811,
            "gross_margin": 13.74,
            "gross_margin_4q_avg": 14.39,
            "net_income": -15774,
            "revenue": 282544,
            "common_shares": 333820,
            "book_valuer_per_share": 9.93,
            "book_valuer_per_share_4q_avg": 10.79,
            "equity": 331493,
            "current_ratio": 184.98,
            "debt_ratio": 50.1,
            "inventory_turnover_ratio": 2.12,
            "account_receivable_turnover_ratio": null,
            "reinvestment_rate": null,
            "research_to_sale_ratio": null,
            "price_fair": 28,
            "eps_avg_yearly": 0.8,
            "eps_latest_yearly": 0.8,
            "eps_growth_yearly": 742.86
        },
        "20032": {
            "year_quarter": 20032,
            "year": 2003,
            "quarter": 2,
            "eps": 0.34,
            "eps_growth_year": null,
            "eps_4q": -0.51,
            "eps_4q_growth_year": -267.43,
            "roe": 3.36,
            "roe_4q": -4.8100000000000005,
            "gross_profit": 62780,
            "gross_margin": 15.71,
            "gross_margin_4q_avg": 14.64,
            "net_income": 11332,
            "revenue": 399696,
            "common_shares": 333820,
            "book_valuer_per_share": 10.27,
            "book_valuer_per_share_4q_avg": 10.38,
            "equity": 342824,
            "current_ratio": 167.94,
            "debt_ratio": 55.84,
            "inventory_turnover_ratio": 2.53,
            "account_receivable_turnover_ratio": null,
            "reinvestment_rate": null,
            "research_to_sale_ratio": null,
            "price_fair": 28,
            "eps_avg_yearly": 0.8,
            "eps_latest_yearly": 0.8,
            "eps_growth_yearly": 742.86
        },
        "20033": {
            "year_quarter": 20033,
            "year": 2003,
            "quarter": 3,
            "eps": 0.3,
            "eps_growth_year": 130.77,
            "eps_4q": -0.33,
            "eps_4q_growth_year": -212.12,
            "roe": 2.88,
            "roe_4q": -3.1000000000000005,
            "gross_profit": 51139,
            "gross_margin": 9.04,
            "gross_margin_4q_avg": 13.63,
            "net_income": 10034,
            "revenue": 565894,
            "common_shares": 333820,
            "book_valuer_per_share": 10.57,
            "book_valuer_per_share_4q_avg": 10.29,
            "equity": 352858,
            "current_ratio": 157.02,
            "debt_ratio": 60.05,
            "inventory_turnover_ratio": 3.55,
            "account_receivable_turnover_ratio": null,
            "reinvestment_rate": null,
            "research_to_sale_ratio": null,
            "price_fair": 35,
            "eps_avg_yearly": 1,
            "eps_latest_yearly": 1.2,
            "eps_growth_yearly": 347.9
        },
        "20034": {
            "year_quarter": 20034,
            "year": 2003,
            "quarter": 4,
            "eps": 0.27,
            "eps_growth_year": null,
            "eps_4q": 0.44,
            "eps_4q_growth_year": null,
            "roe": 2.5,
            "roe_4q": 4.09,
            "gross_profit": 60363,
            "gross_margin": 12.06,
            "gross_margin_4q_avg": 12.64,
            "net_income": 8949,
            "revenue": 500538,
            "common_shares": 333820,
            "book_valuer_per_share": 10.83,
            "book_valuer_per_share_4q_avg": 10.4,
            "equity": 361629,
            "current_ratio": 160.97,
            "debt_ratio": 60.12,
            "inventory_turnover_ratio": 2.96,
            "account_receivable_turnover_ratio": null,
            "reinvestment_rate": null,
            "research_to_sale_ratio": null,
            "price_fair": 35.93,
            "eps_avg_yearly": 1.03,
            "eps_latest_yearly": 1.08,
            "eps_growth_yearly": 218.6
        },
        "20041": {
            "year_quarter": 20041,
            "year": 2004,
            "quarter": 1,
            "eps": -0.19,
            "eps_growth_year": null,
            "eps_4q": 0.74,
            "eps_4q_growth_year": null,
            "roe": -1.73,
            "roe_4q": 7.01,
            "gross_profit": 46759,
            "gross_margin": 11.33,
            "gross_margin_4q_avg": 12.04,
            "net_income": -6188,
            "revenue": 412797,
            "common_shares": 333820,
            "book_valuer_per_share": 10.65,
            "book_valuer_per_share_4q_avg": 10.58,
            "equity": 355440,
            "current_ratio": 160.11,
            "debt_ratio": 58.58,
            "inventory_turnover_ratio": 2.67,
            "account_receivable_turnover_ratio": null,
            "reinvestment_rate": null,
            "research_to_sale_ratio": null,
            "price_fair": 35.93,
            "eps_avg_yearly": 1.03,
            "eps_latest_yearly": 1.08,
            "eps_growth_yearly": 218.6
        },
        "20042": {
            "year_quarter": 20042,
            "year": 2004,
            "quarter": 2,
            "eps": 0.12,
            "eps_growth_year": -64.71,
            "eps_4q": 0.49,
            "eps_4q_growth_year": null,
            "roe": 1.18,
            "roe_4q": 4.83,
            "gross_profit": 63890,
            "gross_margin": 16.44,
            "gross_margin_4q_avg": 12.22,
            "net_income": 4168,
            "revenue": 388580,
            "common_shares": 333820,
            "book_valuer_per_share": 10.53,
            "book_valuer_per_share_4q_avg": 10.65,
            "equity": 351509,
            "current_ratio": 154.75,
            "debt_ratio": 60.17,
            "inventory_turnover_ratio": 2.52,
            "account_receivable_turnover_ratio": null,
            "reinvestment_rate": null,
            "research_to_sale_ratio": null,
            "price_fair": 35.93,
            "eps_avg_yearly": 1.03,
            "eps_latest_yearly": 1.08,
            "eps_growth_yearly": 218.6
        },
        "20043": {
            "year_quarter": 20043,
            "year": 2004,
            "quarter": 3,
            "eps": 0.02,
            "eps_growth_year": -93.33,
            "eps_4q": 0.2,
            "eps_4q_growth_year": null,
            "roe": 0.22,
            "roe_4q": 2.17,
            "gross_profit": 60453,
            "gross_margin": 12.63,
            "gross_margin_4q_avg": 13.12,
            "net_income": 780,
            "revenue": 478633,
            "common_shares": 338828,
            "book_valuer_per_share": 10.42,
            "book_valuer_per_share_4q_avg": 10.61,
            "equity": 352942,
            "current_ratio": 145.73,
            "debt_ratio": 61.61,
            "inventory_turnover_ratio": 3.05,
            "account_receivable_turnover_ratio": null,
            "reinvestment_rate": null,
            "research_to_sale_ratio": null,
            "price_fair": 27.65,
            "eps_avg_yearly": 0.79,
            "eps_latest_yearly": 0.08,
            "eps_growth_yearly": 80.62
        },
        "20044": {
            "year_quarter": 20044,
            "year": 2004,
            "quarter": 4,
            "eps": 0.15,
            "eps_growth_year": -44.44,
            "eps_4q": 0.11,
            "eps_4q_growth_year": -74,
            "roe": 1.46,
            "roe_4q": 1.13,
            "gross_profit": 86231,
            "gross_margin": 11.69,
            "gross_margin_4q_avg": 13.02,
            "net_income": 5175,
            "revenue": 737904,
            "common_shares": 338828,
            "book_valuer_per_share": 10.5,
            "book_valuer_per_share_4q_avg": 10.53,
            "equity": 355842,
            "current_ratio": 138.89,
            "debt_ratio": 68.01,
            "inventory_turnover_ratio": 5.1,
            "account_receivable_turnover_ratio": null,
            "reinvestment_rate": -12.41,
            "research_to_sale_ratio": null,
            "price_fair": 26.32,
            "eps_avg_yearly": 0.75,
            "eps_latest_yearly": 0.6,
            "eps_growth_yearly": 584.49
        },
        "20051": {
            "year_quarter": 20051,
            "year": 2005,
            "quarter": 1,
            "eps": -0.26,
            "eps_growth_year": null,
            "eps_4q": 0.04,
            "eps_4q_growth_year": -94.44,
            "roe": -2.49,
            "roe_4q": 0.36999999999999966,
            "gross_profit": 49895,
            "gross_margin": 12.52,
            "gross_margin_4q_avg": 13.32,
            "net_income": -8738,
            "revenue": 398451,
            "common_shares": 338828,
            "book_valuer_per_share": 10.24,
            "book_valuer_per_share_4q_avg": 10.42,
            "equity": 347103,
            "current_ratio": 150.61,
            "debt_ratio": 59.4,
            "inventory_turnover_ratio": 2.8,
            "account_receivable_turnover_ratio": null,
            "reinvestment_rate": -51.83,
            "research_to_sale_ratio": null,
            "price_fair": 26.32,
            "eps_avg_yearly": 0.75,
            "eps_latest_yearly": 0.6,
            "eps_growth_yearly": 584.49
        },
        "20052": {
            "year_quarter": 20052,
            "year": 2005,
            "quarter": 2,
            "eps": 0.4,
            "eps_growth_year": 233.33,
            "eps_4q": 0.32,
            "eps_4q_growth_year": -34.89,
            "roe": 3.84,
            "roe_4q": 3.03,
            "gross_profit": 66430,
            "gross_margin": 12.5,
            "gross_margin_4q_avg": 12.34,
            "net_income": 13576,
            "revenue": 531419,
            "common_shares": 338828,
            "book_valuer_per_share": 10.64,
            "book_valuer_per_share_4q_avg": 10.45,
            "equity": 360632,
            "current_ratio": 160.51,
            "debt_ratio": 57.44,
            "inventory_turnover_ratio": 4.37,
            "account_receivable_turnover_ratio": null,
            "reinvestment_rate": -43.25,
            "research_to_sale_ratio": null,
            "price_fair": 26.32,
            "eps_avg_yearly": 0.75,
            "eps_latest_yearly": 0.6,
            "eps_growth_yearly": 584.49
        },
        "20053": {
            "year_quarter": 20053,
            "year": 2005,
            "quarter": 3,
            "eps": 0.14,
            "eps_growth_year": 600,
            "eps_4q": 0.44,
            "eps_4q_growth_year": 120.82,
            "roe": 1.3,
            "roe_4q": 4.109999999999999,
            "gross_profit": 57610,
            "gross_margin": 11.53,
            "gross_margin_4q_avg": 12.06,
            "net_income": 4728,
            "revenue": 499563,
            "common_shares": 338828,
            "book_valuer_per_share": 10.78,
            "book_valuer_per_share_4q_avg": 10.54,
            "equity": 365408,
            "current_ratio": 159.98,
            "debt_ratio": 56.75,
            "inventory_turnover_ratio": 5.69,
            "account_receivable_turnover_ratio": null,
            "reinvestment_rate": -51.28,
            "research_to_sale_ratio": null,
            "price_fair": 25.2,
            "eps_avg_yearly": 0.72,
            "eps_latest_yearly": 0.56,
            "eps_growth_yearly": 443.74
        },
        "20054": {
            "year_quarter": 20054,
            "year": 2005,
            "quarter": 4,
            "eps": 0.46,
            "eps_growth_year": 206.67,
            "eps_4q": 0.74,
            "eps_4q_growth_year": 549.74,
            "roe": 4.21,
            "roe_4q": 6.859999999999999,
            "gross_profit": 69958,
            "gross_margin": 10.54,
            "gross_margin_4q_avg": 11.77,
            "net_income": 15655,
            "revenue": 664053,
            "common_shares": 338828,
            "book_valuer_per_share": 11.15,
            "book_valuer_per_share_4q_avg": 10.7,
            "equity": 377784,
            "current_ratio": 140.38,
            "debt_ratio": 66.37,
            "inventory_turnover_ratio": 7.58,
            "account_receivable_turnover_ratio": null,
            "reinvestment_rate": -4.36,
            "research_to_sale_ratio": null,
            "price_fair": 30.8,
            "eps_avg_yearly": 0.88,
            "eps_latest_yearly": 1.84,
            "eps_growth_yearly": 510.96
        },
        "20061": {
            "year_quarter": 20061,
            "year": 2006,
            "quarter": 1,
            "eps": -0.48,
            "eps_growth_year": null,
            "eps_4q": 0.51,
            "eps_4q_growth_year": 1146.61,
            "roe": -4.42,
            "roe_4q": 4.93,
            "gross_profit": 40135,
            "gross_margin": 10.96,
            "gross_margin_4q_avg": 11.38,
            "net_income": -16403,
            "revenue": 366081,
            "common_shares": 338828,
            "book_valuer_per_share": 10.77,
            "book_valuer_per_share_4q_avg": 10.84,
            "equity": 365013,
            "current_ratio": 165.01,
            "debt_ratio": 49.54,
            "inventory_turnover_ratio": 4.14,
            "account_receivable_turnover_ratio": null,
            "reinvestment_rate": -72.47,
            "research_to_sale_ratio": null,
            "price_fair": 31.27,
            "eps_avg_yearly": 0.89,
            "eps_latest_yearly": 1.84,
            "eps_growth_yearly": 472.32
        },
        "20062": {
            "year_quarter": 20062,
            "year": 2006,
            "quarter": 2,
            "eps": 0.5,
            "eps_growth_year": 25,
            "eps_4q": 0.62,
            "eps_4q_growth_year": 94.27,
            "roe": 4.6,
            "roe_4q": 5.6899999999999995,
            "gross_profit": 59539,
            "gross_margin": 11.71,
            "gross_margin_4q_avg": 11.19,
            "net_income": 16894,
            "revenue": 508454,
            "common_shares": 338828,
            "book_valuer_per_share": 10.92,
            "book_valuer_per_share_4q_avg": 10.91,
            "equity": 370022,
            "current_ratio": 153.75,
            "debt_ratio": 53.68,
            "inventory_turnover_ratio": 5.51,
            "account_receivable_turnover_ratio": null,
            "reinvestment_rate": -19.55,
            "research_to_sale_ratio": null,
            "price_fair": 31.27,
            "eps_avg_yearly": 0.89,
            "eps_latest_yearly": 1.84,
            "eps_growth_yearly": 472.32
        },
        "20063": {
            "year_quarter": 20063,
            "year": 2006,
            "quarter": 3,
            "eps": 0.6,
            "eps_growth_year": 328.57,
            "eps_4q": 1.07,
            "eps_4q_growth_year": 146.04,
            "roe": 5.36,
            "roe_4q": 9.75,
            "gross_profit": 88744,
            "gross_margin": 14.19,
            "gross_margin_4q_avg": 11.85,
            "net_income": 20441,
            "revenue": 625476,
            "common_shares": 338828,
            "book_valuer_per_share": 11.59,
            "book_valuer_per_share_4q_avg": 11.11,
            "equity": 392763,
            "current_ratio": 150.63,
            "debt_ratio": 56.18,
            "inventory_turnover_ratio": 6.44,
            "account_receivable_turnover_ratio": null,
            "reinvestment_rate": -12.94,
            "research_to_sale_ratio": null,
            "price_fair": 38.8,
            "eps_avg_yearly": 1.11,
            "eps_latest_yearly": 2.4,
            "eps_growth_yearly": 416.27
        },
        "20064": {
            "year_quarter": 20064,
            "year": 2006,
            "quarter": 4,
            "eps": 0.84,
            "eps_growth_year": 82.61,
            "eps_4q": 1.46,
            "eps_4q_growth_year": 96.42,
            "roe": 7.02,
            "roe_4q": 12.559999999999997,
            "gross_profit": 65492,
            "gross_margin": 11.3,
            "gross_margin_4q_avg": 12.04,
            "net_income": 28560,
            "revenue": 579502,
            "common_shares": 338828,
            "book_valuer_per_share": 12.43,
            "book_valuer_per_share_4q_avg": 11.43,
            "equity": 421308,
            "current_ratio": 155.36,
            "debt_ratio": 60.19,
            "inventory_turnover_ratio": 5.54,
            "account_receivable_turnover_ratio": null,
            "reinvestment_rate": 1.43,
            "research_to_sale_ratio": null,
            "price_fair": 48.65,
            "eps_avg_yearly": 1.39,
            "eps_latest_yearly": 3.36,
            "eps_growth_yearly": 384.24
        },
        "20071": {
            "year_quarter": 20071,
            "year": 2007,
            "quarter": 1,
            "eps": -0.01,
            "eps_growth_year": null,
            "eps_4q": 1.82,
            "eps_4q_growth_year": 254.35,
            "roe": -0.09,
            "roe_4q": 16.89,
            "gross_profit": 41448,
            "gross_margin": 11.62,
            "gross_margin_4q_avg": 12.21,
            "net_income": -360,
            "revenue": 356636,
            "common_shares": 338828,
            "book_valuer_per_share": 12.48,
            "book_valuer_per_share_4q_avg": 11.86,
            "equity": 422935,
            "current_ratio": 256.24,
            "debt_ratio": 31.36,
            "inventory_turnover_ratio": 3,
            "account_receivable_turnover_ratio": null,
            "reinvestment_rate": -6.15,
            "research_to_sale_ratio": null,
            "price_fair": 48.65,
            "eps_avg_yearly": 1.39,
            "eps_latest_yearly": 3.36,
            "eps_growth_yearly": 384.24
        },
        "20072": {
            "year_quarter": 20072,
            "year": 2007,
            "quarter": 2,
            "eps": 0.43,
            "eps_growth_year": -14,
            "eps_4q": 1.86,
            "eps_4q_growth_year": 201.76,
            "roe": 3.51,
            "roe_4q": 15.8,
            "gross_profit": 56470,
            "gross_margin": 12.97,
            "gross_margin_4q_avg": 12.52,
            "net_income": 14583,
            "revenue": 435272,
            "common_shares": 338828,
            "book_valuer_per_share": 12.06,
            "book_valuer_per_share_4q_avg": 12.14,
            "equity": 408498,
            "current_ratio": 238.12,
            "debt_ratio": 38.45,
            "inventory_turnover_ratio": 3.73,
            "account_receivable_turnover_ratio": null,
            "reinvestment_rate": -8.03,
            "research_to_sale_ratio": null,
            "price_fair": 48.65,
            "eps_avg_yearly": 1.39,
            "eps_latest_yearly": 3.36,
            "eps_growth_yearly": 384.24
        },
        "20073": {
            "year_quarter": 20073,
            "year": 2007,
            "quarter": 3,
            "eps": 0.44,
            "eps_growth_year": -26.67,
            "eps_4q": 1.72,
            "eps_4q_growth_year": 59.73,
            "roe": 3.55,
            "roe_4q": 13.989999999999998,
            "gross_profit": 66834,
            "gross_margin": 12.31,
            "gross_margin_4q_avg": 12.05,
            "net_income": 14760,
            "revenue": 542815,
            "common_shares": 338828,
            "book_valuer_per_share": 12.46,
            "book_valuer_per_share_4q_avg": 12.36,
            "equity": 422127,
            "current_ratio": 202.3,
            "debt_ratio": 46.07,
            "inventory_turnover_ratio": 4.27,
            "account_receivable_turnover_ratio": null,
            "reinvestment_rate": -6.43,
            "research_to_sale_ratio": null,
            "price_fair": 51.1,
            "eps_avg_yearly": 1.46,
            "eps_latest_yearly": 1.76,
            "eps_growth_yearly": 391.28
        },
        "20074": {
            "year_quarter": 20074,
            "year": 2007,
            "quarter": 4,
            "eps": 0.38,
            "eps_growth_year": -54.76,
            "eps_4q": 1.24,
            "eps_4q_growth_year": -14.84,
            "roe": 2.98,
            "roe_4q": 9.95,
            "gross_profit": 76747,
            "gross_margin": 13.71,
            "gross_margin_4q_avg": 12.65,
            "net_income": 12813,
            "revenue": 559723,
            "common_shares": 338828,
            "book_valuer_per_share": 12.94,
            "book_valuer_per_share_4q_avg": 12.49,
            "equity": 438376,
            "current_ratio": 195.57,
            "debt_ratio": 52.51,
            "inventory_turnover_ratio": 4.36,
            "account_receivable_turnover_ratio": null,
            "reinvestment_rate": -2.44,
            "research_to_sale_ratio": null,
            "price_fair": 53.03,
            "eps_avg_yearly": 1.52,
            "eps_latest_yearly": 1.52,
            "eps_growth_yearly": 389.46
        },
        "20081": {
            "year_quarter": 20081,
            "year": 2008,
            "quarter": 1,
            "eps": -0.22,
            "eps_growth_year": null,
            "eps_4q": 1.01,
            "eps_4q_growth_year": -44.7,
            "roe": -1.74,
            "roe_4q": 8.3,
            "gross_profit": 58142,
            "gross_margin": 11.62,
            "gross_margin_4q_avg": 12.65,
            "net_income": -7560,
            "revenue": 500330,
            "common_shares": 338828,
            "book_valuer_per_share": 12.64,
            "book_valuer_per_share_4q_avg": 12.53,
            "equity": 428296,
            "current_ratio": 206.5,
            "debt_ratio": 50.08,
            "inventory_turnover_ratio": 4.31,
            "account_receivable_turnover_ratio": null,
            "reinvestment_rate": 0.18,
            "research_to_sale_ratio": null,
            "price_fair": 53.03,
            "eps_avg_yearly": 1.52,
            "eps_latest_yearly": 1.52,
            "eps_growth_yearly": 389.46
        },
        "20082": {
            "year_quarter": 20082,
            "year": 2008,
            "quarter": 2,
            "eps": 0.51,
            "eps_growth_year": 18.6,
            "eps_4q": 1.1,
            "eps_4q_growth_year": -41.07,
            "roe": 4.12,
            "roe_4q": 8.91,
            "gross_profit": 77071,
            "gross_margin": 11.68,
            "gross_margin_4q_avg": 12.33,
            "net_income": 17343,
            "revenue": 659801,
            "common_shares": 338828,
            "book_valuer_per_share": 12.2,
            "book_valuer_per_share_4q_avg": 12.56,
            "equity": 413363,
            "current_ratio": 168.84,
            "debt_ratio": 60.15,
            "inventory_turnover_ratio": 4.35,
            "account_receivable_turnover_ratio": null,
            "reinvestment_rate": -5.13,
            "research_to_sale_ratio": null,
            "price_fair": 53.03,
            "eps_avg_yearly": 1.52,
            "eps_latest_yearly": 1.52,
            "eps_growth_yearly": 389.46
        },
        "20083": {
            "year_quarter": 20083,
            "year": 2008,
            "quarter": 3,
            "eps": 0.13,
            "eps_growth_year": -70.45,
            "eps_4q": 0.79,
            "eps_4q_growth_year": -54.16,
            "roe": 1.07,
            "roe_4q": 6.43,
            "gross_profit": 56363,
            "gross_margin": 10.22,
            "gross_margin_4q_avg": 11.81,
            "net_income": 4476,
            "revenue": 551495,
            "common_shares": 338828,
            "book_valuer_per_share": 12.51,
            "book_valuer_per_share_4q_avg": 12.57,
            "equity": 423827,
            "current_ratio": 188.01,
            "debt_ratio": 54.5,
            "inventory_turnover_ratio": 3.41,
            "account_receivable_turnover_ratio": null,
            "reinvestment_rate": -4.12,
            "research_to_sale_ratio": null,
            "price_fair": 54.95,
            "eps_avg_yearly": 1.57,
            "eps_latest_yearly": 0.52,
            "eps_growth_yearly": 393.88
        },
        "20084": {
            "year_quarter": 20084,
            "year": 2008,
            "quarter": 4,
            "eps": -0.03,
            "eps_growth_year": -107.89,
            "eps_4q": 0.39,
            "eps_4q_growth_year": -68.54,
            "roe": -0.22,
            "roe_4q": 3.2300000000000004,
            "gross_profit": 63129,
            "gross_margin": 12.67,
            "gross_margin_4q_avg": 11.55,
            "net_income": -937,
            "revenue": 498158,
            "common_shares": 338828,
            "book_valuer_per_share": 12.56,
            "book_valuer_per_share_4q_avg": 12.48,
            "equity": 425608,
            "current_ratio": 191.41,
            "debt_ratio": 53.33,
            "inventory_turnover_ratio": 3.24,
            "account_receivable_turnover_ratio": 2.02,
            "reinvestment_rate": -3.48,
            "research_to_sale_ratio": null,
            "price_fair": 59.8,
            "eps_avg_yearly": 1.71,
            "eps_latest_yearly": 0.52,
            "eps_growth_yearly": 78.71
        },
        "20091": {
            "year_quarter": 20091,
            "year": 2009,
            "quarter": 1,
            "eps": -0.37,
            "eps_growth_year": null,
            "eps_4q": 0.25,
            "eps_4q_growth_year": -75.65,
            "roe": -2.99,
            "roe_4q": 1.9799999999999995,
            "gross_profit": 31685,
            "gross_margin": 10.25,
            "gross_margin_4q_avg": 11.21,
            "net_income": -12576,
            "revenue": 309045,
            "common_shares": 338828,
            "book_valuer_per_share": 12.29,
            "book_valuer_per_share_4q_avg": 12.39,
            "equity": 416581,
            "current_ratio": 265.23,
            "debt_ratio": 39.62,
            "inventory_turnover_ratio": 2.39,
            "account_receivable_turnover_ratio": 0.83,
            "reinvestment_rate": 1.29,
            "research_to_sale_ratio": null,
            "price_fair": 59.8,
            "eps_avg_yearly": 1.71,
            "eps_latest_yearly": 0.52,
            "eps_growth_yearly": 78.71
        },
        "20092": {
            "year_quarter": 20092,
            "year": 2009,
            "quarter": 2,
            "eps": -0.31,
            "eps_growth_year": -160.78,
            "eps_4q": -0.6,
            "eps_4q_growth_year": -154.33,
            "roe": -2.75,
            "roe_4q": -4.89,
            "gross_profit": 35151,
            "gross_margin": 10.88,
            "gross_margin_4q_avg": 11.01,
            "net_income": -11186,
            "revenue": 323102,
            "common_shares": 338828,
            "book_valuer_per_share": 11.72,
            "book_valuer_per_share_4q_avg": 12.27,
            "equity": 396941,
            "current_ratio": 246,
            "debt_ratio": 42.25,
            "inventory_turnover_ratio": 2.85,
            "account_receivable_turnover_ratio": 1.12,
            "reinvestment_rate": 1.64,
            "research_to_sale_ratio": null,
            "price_fair": 59.8,
            "eps_avg_yearly": 1.71,
            "eps_latest_yearly": 0.52,
            "eps_growth_yearly": 78.71
        },
        "20093": {
            "year_quarter": 20093,
            "year": 2009,
            "quarter": 3,
            "eps": 0.15,
            "eps_growth_year": 15.38,
            "eps_4q": -0.56,
            "eps_4q_growth_year": -171.03,
            "roe": 1.31,
            "roe_4q": -4.6499999999999995,
            "gross_profit": 57283,
            "gross_margin": 11.14,
            "gross_margin_4q_avg": 11.24,
            "net_income": 5229,
            "revenue": 514077,
            "common_shares": 356447,
            "book_valuer_per_share": 11.22,
            "book_valuer_per_share_4q_avg": 11.95,
            "equity": 400037,
            "current_ratio": 215.47,
            "debt_ratio": 47.85,
            "inventory_turnover_ratio": 4.66,
            "account_receivable_turnover_ratio": 1.28,
            "reinvestment_rate": 2.11,
            "research_to_sale_ratio": null,
            "price_fair": 66.5,
            "eps_avg_yearly": 1.9,
            "eps_latest_yearly": 0.52,
            "eps_growth_yearly": 135.17
        },
        "20094": {
            "year_quarter": 20094,
            "year": 2009,
            "quarter": 4,
            "eps": 0.24,
            "eps_growth_year": null,
            "eps_4q": -0.28,
            "eps_4q_growth_year": -172.75,
            "roe": 2.08,
            "roe_4q": -2.35,
            "gross_profit": 59045,
            "gross_margin": 9.2,
            "gross_margin_4q_avg": 10.37,
            "net_income": 8420,
            "revenue": 642062,
            "common_shares": 356447,
            "book_valuer_per_share": 11.44,
            "book_valuer_per_share_4q_avg": 11.67,
            "equity": 407715,
            "current_ratio": 172.49,
            "debt_ratio": 58.99,
            "inventory_turnover_ratio": 6.38,
            "account_receivable_turnover_ratio": 1.93,
            "reinvestment_rate": 142.93,
            "research_to_sale_ratio": null,
            "price_fair": 57.49,
            "eps_avg_yearly": 1.75,
            "eps_latest_yearly": 0.96,
            "eps_growth_yearly": 22.79
        },
        "20101": {
            "year_quarter": 20101,
            "year": 2010,
            "quarter": 1,
            "eps": 0.04,
            "eps_growth_year": null,
            "eps_4q": 0.11,
            "eps_4q_growth_year": -56.45,
            "roe": 0.33,
            "roe_4q": 0.9700000000000002,
            "gross_profit": 47598,
            "gross_margin": 9.79,
            "gross_margin_4q_avg": 10.25,
            "net_income": 1342,
            "revenue": 486041,
            "common_shares": 356447,
            "book_valuer_per_share": 11.45,
            "book_valuer_per_share_4q_avg": 11.46,
            "equity": 408142,
            "current_ratio": 179.62,
            "debt_ratio": 57.21,
            "inventory_turnover_ratio": 3.65,
            "account_receivable_turnover_ratio": 0.81,
            "reinvestment_rate": 127.66,
            "research_to_sale_ratio": null,
            "price_fair": 4.58,
            "eps_avg_yearly": 1.53,
            "eps_latest_yearly": 0.16,
            "eps_growth_yearly": -28.09
        },
        "20102": {
            "year_quarter": 20102,
            "year": 2010,
            "quarter": 2,
            "eps": 0.27,
            "eps_growth_year": null,
            "eps_4q": 0.69,
            "eps_4q_growth_year": null,
            "roe": 2.32,
            "roe_4q": 6.040000000000001,
            "gross_profit": 64286,
            "gross_margin": 9.33,
            "gross_margin_4q_avg": 9.87,
            "net_income": 9605,
            "revenue": 688780,
            "common_shares": 356447,
            "book_valuer_per_share": 11.8,
            "book_valuer_per_share_4q_avg": 11.48,
            "equity": 420724,
            "current_ratio": 164.23,
            "debt_ratio": 62.11,
            "inventory_turnover_ratio": 4.43,
            "account_receivable_turnover_ratio": 1.08,
            "reinvestment_rate": 146.14,
            "research_to_sale_ratio": null,
            "price_fair": 51.45,
            "eps_avg_yearly": 1.47,
            "eps_latest_yearly": 1.08,
            "eps_growth_yearly": 262.92
        },
        "20103": {
            "year_quarter": 20103,
            "year": 2010,
            "quarter": 3,
            "eps": 0.07,
            "eps_growth_year": -55.64,
            "eps_4q": 0.61,
            "eps_4q_growth_year": null,
            "roe": 0.56,
            "roe_4q": 5.29,
            "gross_profit": 66339,
            "gross_margin": 9.37,
            "gross_margin_4q_avg": 9.42,
            "net_income": 2372,
            "revenue": 707730,
            "common_shares": 356447,
            "book_valuer_per_share": 11.79,
            "book_valuer_per_share_4q_avg": 11.62,
            "equity": 420361,
            "current_ratio": 153.39,
            "debt_ratio": 66.31,
            "inventory_turnover_ratio": 4.12,
            "account_receivable_turnover_ratio": 0.93,
            "reinvestment_rate": 178.41,
            "research_to_sale_ratio": null,
            "price_fair": 42.18,
            "eps_avg_yearly": 1.21,
            "eps_latest_yearly": 0.28,
            "eps_growth_yearly": 215.89
        },
        "20104": {
            "year_quarter": 20104,
            "year": 2010,
            "quarter": 4,
            "eps": 0.27,
            "eps_growth_year": 12.82,
            "eps_4q": 0.64,
            "eps_4q_growth_year": null,
            "roe": 2.31,
            "roe_4q": 5.52,
            "gross_profit": 91564,
            "gross_margin": 11.65,
            "gross_margin_4q_avg": 10.04,
            "net_income": 9651,
            "revenue": 785920,
            "common_shares": 356447,
            "book_valuer_per_share": 11.69,
            "book_valuer_per_share_4q_avg": 11.68,
            "equity": 416645,
            "current_ratio": 158.16,
            "debt_ratio": 64.73,
            "inventory_turnover_ratio": 4.52,
            "account_receivable_turnover_ratio": 1,
            "reinvestment_rate": 253.42,
            "research_to_sale_ratio": null,
            "price_fair": 32.2,
            "eps_avg_yearly": 0.92,
            "eps_latest_yearly": 1.08,
            "eps_growth_yearly": 338.74
        },
        "20111": {
            "year_quarter": 20111,
            "year": 2011,
            "quarter": 1,
            "eps": 0.29,
            "eps_growth_year": 625,
            "eps_4q": 0.9,
            "eps_4q_growth_year": 740.53,
            "roe": 2.45,
            "roe_4q": 7.640000000000001,
            "gross_profit": 63367,
            "gross_margin": 11.52,
            "gross_margin_4q_avg": 10.47,
            "net_income": 10354,
            "revenue": 550247,
            "common_shares": 356447,
            "book_valuer_per_share": 12.04,
            "book_valuer_per_share_4q_avg": 11.83,
            "equity": 429020,
            "current_ratio": 168.3,
            "debt_ratio": 61.43,
            "inventory_turnover_ratio": 3.43,
            "account_receivable_turnover_ratio": 0.74,
            "reinvestment_rate": 243.72,
            "research_to_sale_ratio": null,
            "price_fair": 33.13,
            "eps_avg_yearly": 0.95,
            "eps_latest_yearly": 1.16,
            "eps_growth_yearly": 304.4
        },
        "20112": {
            "year_quarter": 20112,
            "year": 2011,
            "quarter": 2,
            "eps": 0.45,
            "eps_growth_year": 65.64,
            "eps_4q": 1.05,
            "eps_4q_growth_year": 52.16,
            "roe": 3.81,
            "roe_4q": 9.13,
            "gross_profit": 81187,
            "gross_margin": 12.22,
            "gross_margin_4q_avg": 11.19,
            "net_income": 16546,
            "revenue": 664422,
            "common_shares": 356447,
            "book_valuer_per_share": 12.32,
            "book_valuer_per_share_4q_avg": 11.96,
            "equity": 439104,
            "current_ratio": 160.81,
            "debt_ratio": 64.17,
            "inventory_turnover_ratio": 4.38,
            "account_receivable_turnover_ratio": 0.86,
            "reinvestment_rate": 284.41,
            "research_to_sale_ratio": null,
            "price_fair": 36.12,
            "eps_avg_yearly": 1.03,
            "eps_latest_yearly": 1.8,
            "eps_growth_yearly": 296.03
        },
        "20113": {
            "year_quarter": 20113,
            "year": 2011,
            "quarter": 3,
            "eps": 0.37,
            "eps_growth_year": 457.71,
            "eps_4q": 1.36,
            "eps_4q_growth_year": 122.52,
            "roe": 3.02,
            "roe_4q": 11.590000000000002,
            "gross_profit": 74134,
            "gross_margin": 11.89,
            "gross_margin_4q_avg": 11.82,
            "net_income": 13758,
            "revenue": 623548,
            "common_shares": 370705,
            "book_valuer_per_share": 12.69,
            "book_valuer_per_share_4q_avg": 12.19,
            "equity": 470540,
            "current_ratio": 173.03,
            "debt_ratio": 60.17,
            "inventory_turnover_ratio": 4.74,
            "account_receivable_turnover_ratio": 0.77,
            "reinvestment_rate": 334.13,
            "research_to_sale_ratio": null,
            "price_fair": 35.14,
            "eps_avg_yearly": 1,
            "eps_latest_yearly": 1.48,
            "eps_growth_yearly": 287.99
        },
        "20114": {
            "year_quarter": 20114,
            "year": 2011,
            "quarter": 4,
            "eps": 0.05,
            "eps_growth_year": -81.41,
            "eps_4q": 1.15,
            "eps_4q_growth_year": 78.01,
            "roe": 0.4,
            "roe_4q": 9.68,
            "gross_profit": 63485,
            "gross_margin": 13.23,
            "gross_margin_4q_avg": 12.22,
            "net_income": 1866,
            "revenue": 479942,
            "common_shares": 370705,
            "book_valuer_per_share": 12.69,
            "book_valuer_per_share_4q_avg": 12.44,
            "equity": 470609,
            "current_ratio": 200.29,
            "debt_ratio": 53.16,
            "inventory_turnover_ratio": 4.19,
            "account_receivable_turnover_ratio": 0.67,
            "reinvestment_rate": 370.32,
            "research_to_sale_ratio": null,
            "price_fair": 30.52,
            "eps_avg_yearly": 0.87,
            "eps_latest_yearly": 0.2,
            "eps_growth_yearly": 258.85
        },
        "20121": {
            "year_quarter": 20121,
            "year": 2012,
            "quarter": 1,
            "eps": -0.29,
            "eps_growth_year": -200,
            "eps_4q": 0.58,
            "eps_4q_growth_year": -35.16,
            "roe": -2.29,
            "roe_4q": 4.9399999999999995,
            "gross_profit": 35047,
            "gross_margin": 10.67,
            "gross_margin_4q_avg": 12,
            "net_income": -10605,
            "revenue": 328611,
            "common_shares": 370705,
            "book_valuer_per_share": 12.26,
            "book_valuer_per_share_4q_avg": 12.49,
            "equity": 454357,
            "current_ratio": 260.23,
            "debt_ratio": 42.51,
            "inventory_turnover_ratio": 3.59,
            "account_receivable_turnover_ratio": 0.61,
            "reinvestment_rate": 372.57,
            "research_to_sale_ratio": null,
            "price_fair": 30.52,
            "eps_avg_yearly": 0.87,
            "eps_latest_yearly": 0.2,
            "eps_growth_yearly": 258.85
        },
        "20122": {
            "year_quarter": 20122,
            "year": 2012,
            "quarter": 2,
            "eps": 0.1,
            "eps_growth_year": -78.44,
            "eps_4q": 0.23,
            "eps_4q_growth_year": -78.37,
            "roe": 0.81,
            "roe_4q": 1.94,
            "gross_profit": 50286,
            "gross_margin": 11.93,
            "gross_margin_4q_avg": 11.93,
            "net_income": 3693,
            "revenue": 421399,
            "common_shares": 370705,
            "book_valuer_per_share": 12.23,
            "book_valuer_per_share_4q_avg": 12.47,
            "equity": 453390,
            "current_ratio": 261.26,
            "debt_ratio": 42.51,
            "inventory_turnover_ratio": 4.59,
            "account_receivable_turnover_ratio": 0.96,
            "reinvestment_rate": 485.71,
            "research_to_sale_ratio": null,
            "price_fair": 30.52,
            "eps_avg_yearly": 0.87,
            "eps_latest_yearly": 0.2,
            "eps_growth_yearly": 258.85
        },
        "20123": {
            "year_quarter": 20123,
            "year": 2012,
            "quarter": 3,
            "eps": 0.15,
            "eps_growth_year": -58.71,
            "eps_4q": 0.02,
            "eps_4q_growth_year": -98.4,
            "roe": 1.29,
            "roe_4q": 0.21000000000000008,
            "gross_profit": 58491,
            "gross_margin": 12.72,
            "gross_margin_4q_avg": 12.14,
            "net_income": 5879,
            "revenue": 459822,
            "common_shares": 383680,
            "book_valuer_per_share": 11.88,
            "book_valuer_per_share_4q_avg": 12.27,
            "equity": 455973,
            "current_ratio": 247.8,
            "debt_ratio": 44.57,
            "inventory_turnover_ratio": 4.15,
            "account_receivable_turnover_ratio": 0.96,
            "reinvestment_rate": 488.57,
            "research_to_sale_ratio": null,
            "price_fair": 30.8,
            "eps_avg_yearly": 0.88,
            "eps_latest_yearly": 0.6,
            "eps_growth_yearly": 308.65
        },
        "20124": {
            "year_quarter": 20124,
            "year": 2012,
            "quarter": 4,
            "eps": 0.05,
            "eps_growth_year": 7.39,
            "eps_4q": 0.03,
            "eps_4q_growth_year": -97.63,
            "roe": 0.45,
            "roe_4q": 0.2599999999999998,
            "gross_profit": 47568,
            "gross_margin": 11.32,
            "gross_margin_4q_avg": 11.66,
            "net_income": 2074,
            "revenue": 420284,
            "common_shares": 383680,
            "book_valuer_per_share": 11.92,
            "book_valuer_per_share_4q_avg": 12.07,
            "equity": 457442,
            "current_ratio": 267.4,
            "debt_ratio": 42.01,
            "inventory_turnover_ratio": 3.57,
            "account_receivable_turnover_ratio": 0.88,
            "reinvestment_rate": 467.54,
            "research_to_sale_ratio": null,
            "price_fair": 28.64,
            "eps_avg_yearly": 0.82,
            "eps_latest_yearly": 0.2,
            "eps_growth_yearly": 256.35
        },
        "20131": {
            "year_quarter": 20131,
            "year": 2013,
            "quarter": 1,
            "eps": -0.04,
            "eps_growth_year": null,
            "eps_4q": 0.26,
            "eps_4q_growth_year": -54.5,
            "roe": -0.32,
            "roe_4q": 2.23,
            "gross_profit": 39028,
            "gross_margin": 10.94,
            "gross_margin_4q_avg": 11.73,
            "net_income": -1490,
            "revenue": 356784,
            "common_shares": 383680,
            "book_valuer_per_share": 12.11,
            "book_valuer_per_share_4q_avg": 12.04,
            "equity": 464688,
            "current_ratio": 306.62,
            "debt_ratio": 39.01,
            "inventory_turnover_ratio": 3.77,
            "account_receivable_turnover_ratio": 0.88,
            "reinvestment_rate": -14.25,
            "research_to_sale_ratio": null,
            "price_fair": 28.64,
            "eps_avg_yearly": 0.82,
            "eps_latest_yearly": 0.2,
            "eps_growth_yearly": 256.35
        },
        "20132": {
            "year_quarter": 20132,
            "year": 2013,
            "quarter": 2,
            "eps": -0.01,
            "eps_growth_year": -110.39,
            "eps_4q": 0.16,
            "eps_4q_growth_year": -31.58,
            "roe": -0.11,
            "roe_4q": 1.31,
            "gross_profit": 38360,
            "gross_margin": 12.1,
            "gross_margin_4q_avg": 11.77,
            "net_income": -502,
            "revenue": 316939,
            "common_shares": 383680,
            "book_valuer_per_share": 12.11,
            "book_valuer_per_share_4q_avg": 12.01,
            "equity": 464565,
            "current_ratio": 257.1,
            "debt_ratio": 44.16,
            "inventory_turnover_ratio": 3.43,
            "account_receivable_turnover_ratio": 0.8,
            "reinvestment_rate": -11.29,
            "research_to_sale_ratio": null,
            "price_fair": 28.64,
            "eps_avg_yearly": 0.82,
            "eps_latest_yearly": 0.2,
            "eps_growth_yearly": 256.35
        },
        "20133": {
            "year_quarter": 20133,
            "year": 2013,
            "quarter": 3,
            "eps": -0.17,
            "eps_growth_year": -210.95,
            "eps_4q": -0.17,
            "eps_4q_growth_year": -865.3,
            "roe": -1.4,
            "roe_4q": -1.3800000000000001,
            "gross_profit": 30282,
            "gross_margin": 11.17,
            "gross_margin_4q_avg": 11.38,
            "net_income": -6457,
            "revenue": 271071,
            "common_shares": 383680,
            "book_valuer_per_share": 11.88,
            "book_valuer_per_share_4q_avg": 12.01,
            "equity": 455812,
            "current_ratio": 290.75,
            "debt_ratio": 39.86,
            "inventory_turnover_ratio": 2.84,
            "account_receivable_turnover_ratio": 0.71,
            "reinvestment_rate": -11.82,
            "research_to_sale_ratio": null,
            "price_fair": 28.64,
            "eps_avg_yearly": 0.82,
            "eps_latest_yearly": 0.2,
            "eps_growth_yearly": 256.35
        },
        "20134": {
            "year_quarter": 20134,
            "year": 2013,
            "quarter": 4,
            "eps": 0.08,
            "eps_growth_year": 39.35,
            "eps_4q": -0.14,
            "eps_4q_growth_year": -634,
            "roe": 0.63,
            "roe_4q": -1.2,
            "gross_profit": 44547,
            "gross_margin": 11.25,
            "gross_margin_4q_avg": 11.37,
            "net_income": 2890,
            "revenue": 396096,
            "common_shares": 383680,
            "book_valuer_per_share": 12.06,
            "book_valuer_per_share_4q_avg": 12.04,
            "equity": 462664,
            "current_ratio": 239.34,
            "debt_ratio": 46.34,
            "inventory_turnover_ratio": 4.73,
            "account_receivable_turnover_ratio": 1.02,
            "reinvestment_rate": -244.04,
            "research_to_sale_ratio": null,
            "price_fair": 28.14,
            "eps_avg_yearly": 0.8,
            "eps_latest_yearly": 0.2,
            "eps_growth_yearly": 257.98
        },
        "20141": {
            "year_quarter": 20141,
            "year": 2014,
            "quarter": 1,
            "eps": -0.06,
            "eps_growth_year": null,
            "eps_4q": -0.17,
            "eps_4q_growth_year": -164.25,
            "roe": -0.53,
            "roe_4q": -1.41,
            "gross_profit": 32489,
            "gross_margin": 11.58,
            "gross_margin_4q_avg": 11.53,
            "net_income": -2456,
            "revenue": 280577,
            "common_shares": 383680,
            "book_valuer_per_share": 11.97,
            "book_valuer_per_share_4q_avg": 12.01,
            "equity": 459209,
            "current_ratio": 282.04,
            "debt_ratio": 40.45,
            "inventory_turnover_ratio": 3.93,
            "account_receivable_turnover_ratio": 0.71,
            "reinvestment_rate": -258.07,
            "research_to_sale_ratio": null,
            "price_fair": 30.64,
            "eps_avg_yearly": 0.88,
            "eps_latest_yearly": 0.2,
            "eps_growth_yearly": 323.68
        },
        "20142": {
            "year_quarter": 20142,
            "year": 2014,
            "quarter": 2,
            "eps": -0.01,
            "eps_growth_year": null,
            "eps_4q": -0.16,
            "eps_4q_growth_year": -203.61,
            "roe": -0.03,
            "roe_4q": -1.33,
            "gross_profit": 38213,
            "gross_margin": 10.41,
            "gross_margin_4q_avg": 11.1,
            "net_income": -153,
            "revenue": 366940,
            "common_shares": 383680,
            "book_valuer_per_share": 11.87,
            "book_valuer_per_share_4q_avg": 11.95,
            "equity": 455327,
            "current_ratio": 221.22,
            "debt_ratio": 49.29,
            "inventory_turnover_ratio": 4.95,
            "account_receivable_turnover_ratio": 0.89,
            "reinvestment_rate": -334.41,
            "research_to_sale_ratio": null,
            "price_fair": 29.75,
            "eps_avg_yearly": 0.85,
            "eps_latest_yearly": 0.2,
            "eps_growth_yearly": 76.64
        },
        "20143": {
            "year_quarter": 20143,
            "year": 2014,
            "quarter": 3,
            "eps": -0.02,
            "eps_growth_year": null,
            "eps_4q": -0.01,
            "eps_4q_growth_year": null,
            "roe": -0.16,
            "roe_4q": -0.08999999999999997,
            "gross_profit": 38019,
            "gross_margin": 11.33,
            "gross_margin_4q_avg": 11.14,
            "net_income": -726,
            "revenue": 335499,
            "common_shares": 383680,
            "book_valuer_per_share": 12,
            "book_valuer_per_share_4q_avg": 11.98,
            "equity": 460508,
            "current_ratio": 241.38,
            "debt_ratio": 46.13,
            "inventory_turnover_ratio": 3.51,
            "account_receivable_turnover_ratio": 0.76,
            "reinvestment_rate": -359.37,
            "research_to_sale_ratio": null,
            "price_fair": 32.6,
            "eps_avg_yearly": 0.93,
            "eps_latest_yearly": 0.2,
            "eps_growth_yearly": 129.92
        },
        "20144": {
            "year_quarter": 20144,
            "year": 2014,
            "quarter": 4,
            "eps": -0.04,
            "eps_growth_year": -149.79,
            "eps_4q": -0.12,
            "eps_4q_growth_year": null,
            "roe": -0.31,
            "roe_4q": -1.03,
            "gross_profit": 34448,
            "gross_margin": 9.97,
            "gross_margin_4q_avg": 10.82,
            "net_income": -1439,
            "revenue": 345655,
            "common_shares": 383680,
            "book_valuer_per_share": 12.12,
            "book_valuer_per_share_4q_avg": 11.99,
            "equity": 465010,
            "current_ratio": 316.45,
            "debt_ratio": 37.72,
            "inventory_turnover_ratio": 3.41,
            "account_receivable_turnover_ratio": 0.89,
            "reinvestment_rate": -550.28,
            "research_to_sale_ratio": null,
            "price_fair": 2.72,
            "eps_avg_yearly": 0.91,
            "eps_latest_yearly": 0.2,
            "eps_growth_yearly": -38.9
        },
        "20151": {
            "year_quarter": 20151,
            "year": 2015,
            "quarter": 1,
            "eps": -0.34,
            "eps_growth_year": null,
            "eps_4q": -0.4,
            "eps_4q_growth_year": null,
            "roe": -2.86,
            "roe_4q": -3.36,
            "gross_profit": 25006,
            "gross_margin": 9.05,
            "gross_margin_4q_avg": 10.19,
            "net_income": -13069,
            "revenue": 276204,
            "common_shares": 383680,
            "book_valuer_per_share": 11.72,
            "book_valuer_per_share_4q_avg": 11.93,
            "equity": 449594,
            "current_ratio": 343.92,
            "debt_ratio": 35.14,
            "inventory_turnover_ratio": 2.77,
            "account_receivable_turnover_ratio": 0.85,
            "reinvestment_rate": -1973.4,
            "research_to_sale_ratio": null,
            "price_fair": 2.57,
            "eps_avg_yearly": 0.86,
            "eps_latest_yearly": 0.2,
            "eps_growth_yearly": -52.61
        },
        "20152": {
            "year_quarter": 20152,
            "year": 2015,
            "quarter": 2,
            "eps": -0.02,
            "eps_growth_year": null,
            "eps_4q": -0.42,
            "eps_4q_growth_year": null,
            "roe": -0.2,
            "roe_4q": -3.5300000000000002,
            "gross_profit": 38413,
            "gross_margin": 10.32,
            "gross_margin_4q_avg": 10.17,
            "net_income": -882,
            "revenue": 372110,
            "common_shares": 383680,
            "book_valuer_per_share": 11.59,
            "book_valuer_per_share_4q_avg": 11.86,
            "equity": 444679,
            "current_ratio": 246.52,
            "debt_ratio": 44.68,
            "inventory_turnover_ratio": 3.49,
            "account_receivable_turnover_ratio": 1.09,
            "reinvestment_rate": null,
            "research_to_sale_ratio": null,
            "price_fair": 1.86,
            "eps_avg_yearly": 0.62,
            "eps_latest_yearly": 0.2,
            "eps_growth_yearly": -120.93
        },
        "20153": {
            "year_quarter": 20153,
            "year": 2015,
            "quarter": 3,
            "eps": 0.12,
            "eps_growth_year": null,
            "eps_4q": -0.28,
            "eps_4q_growth_year": null,
            "roe": 1.05,
            "roe_4q": -2.32,
            "gross_profit": 36490,
            "gross_margin": 9.85,
            "gross_margin_4q_avg": 9.8,
            "net_income": 4751,
            "revenue": 370377,
            "common_shares": 383680,
            "book_valuer_per_share": 11.96,
            "book_valuer_per_share_4q_avg": 11.85,
            "equity": 458766,
            "current_ratio": 269.57,
            "debt_ratio": 41.4,
            "inventory_turnover_ratio": 3.53,
            "account_receivable_turnover_ratio": 0.99,
            "reinvestment_rate": null,
            "research_to_sale_ratio": null,
            "price_fair": 1,
            "eps_avg_yearly": 0.33,
            "eps_latest_yearly": 0.2,
            "eps_growth_yearly": -137.54
        },
        "20154": {
            "year_quarter": 20154,
            "year": 2015,
            "quarter": 4,
            "eps": -0.22,
            "eps_growth_year": null,
            "eps_4q": -0.46,
            "eps_4q_growth_year": null,
            "roe": -1.83,
            "roe_4q": -3.84,
            "gross_profit": 38736,
            "gross_margin": 10.31,
            "gross_margin_4q_avg": 9.88,
            "net_income": -8290,
            "revenue": 375886,
            "common_shares": 383680,
            "book_valuer_per_share": 11.63,
            "book_valuer_per_share_4q_avg": 11.73,
            "equity": 446128,
            "current_ratio": 259.25,
            "debt_ratio": 42.43,
            "inventory_turnover_ratio": 3.15,
            "account_receivable_turnover_ratio": 0.98,
            "reinvestment_rate": null,
            "research_to_sale_ratio": null,
            "price_fair": 1.2,
            "eps_avg_yearly": 0.4,
            "eps_latest_yearly": 0.2,
            "eps_growth_yearly": -33.33
        },
        "20161": {
            "year_quarter": 20161,
            "year": 2016,
            "quarter": 1,
            "eps": -0.35,
            "eps_growth_year": null,
            "eps_4q": -0.47,
            "eps_4q_growth_year": null,
            "roe": -3.08,
            "roe_4q": -4.0600000000000005,
            "gross_profit": 24289,
            "gross_margin": 7.77,
            "gross_margin_4q_avg": 9.56,
            "net_income": -13491,
            "revenue": 312561,
            "common_shares": 383680,
            "book_valuer_per_share": 11.24,
            "book_valuer_per_share_4q_avg": 11.61,
            "equity": 431305,
            "current_ratio": 259.22,
            "debt_ratio": 42.91,
            "inventory_turnover_ratio": 2.01,
            "account_receivable_turnover_ratio": 0.88,
            "reinvestment_rate": null,
            "research_to_sale_ratio": null,
            "price_fair": 1.2,
            "eps_avg_yearly": 0.4,
            "eps_latest_yearly": 0.2,
            "eps_growth_yearly": -33.33
        },
        "20162": {
            "year_quarter": 20162,
            "year": 2016,
            "quarter": 2,
            "eps": -0.02,
            "eps_growth_year": null,
            "eps_4q": -0.46,
            "eps_4q_growth_year": null,
            "roe": -0.16,
            "roe_4q": -4.0200000000000005,
            "gross_profit": 39377,
            "gross_margin": 9.43,
            "gross_margin_4q_avg": 9.34,
            "net_income": -674,
            "revenue": 417674,
            "common_shares": 383680,
            "book_valuer_per_share": 11.06,
            "book_valuer_per_share_4q_avg": 11.47,
            "equity": 424509,
            "current_ratio": 227.34,
            "debt_ratio": 47.59,
            "inventory_turnover_ratio": 2.45,
            "account_receivable_turnover_ratio": 1.25,
            "reinvestment_rate": null,
            "research_to_sale_ratio": null,
            "price_fair": 1.2,
            "eps_avg_yearly": 0.4,
            "eps_latest_yearly": 0.2,
            "eps_growth_yearly": -33.33
        },
        "20163": {
            "year_quarter": 20163,
            "year": 2016,
            "quarter": 3,
            "eps": -0.18,
            "eps_growth_year": -250,
            "eps_4q": -0.77,
            "eps_4q_growth_year": null,
            "roe": -1.67,
            "roe_4q": -6.74,
            "gross_profit": 31033,
            "gross_margin": 8.85,
            "gross_margin_4q_avg": 9.09,
            "net_income": -6989,
            "revenue": 350530,
            "common_shares": 383680,
            "book_valuer_per_share": 10.72,
            "book_valuer_per_share_4q_avg": 11.16,
            "equity": 411319,
            "current_ratio": 214.79,
            "debt_ratio": 49.85,
            "inventory_turnover_ratio": 2.12,
            "account_receivable_turnover_ratio": 0.97,
            "reinvestment_rate": null,
            "research_to_sale_ratio": null,
            "price_fair": 0.6,
            "eps_avg_yearly": 0.2,
            "eps_latest_yearly": 0.2,
            "eps_growth_yearly": -266.67
        },
        "20164": {
            "year_quarter": 20164,
            "year": 2016,
            "quarter": 4,
            "eps": -0.16,
            "eps_growth_year": null,
            "eps_4q": -0.72,
            "eps_4q_growth_year": null,
            "roe": -1.55,
            "roe_4q": -6.46,
            "gross_profit": 33983,
            "gross_margin": 9.08,
            "gross_margin_4q_avg": 8.78,
            "net_income": -6320,
            "revenue": 374251,
            "common_shares": 383680,
            "book_valuer_per_share": 10.48,
            "book_valuer_per_share_4q_avg": 10.88,
            "equity": 402110,
            "current_ratio": 188.75,
            "debt_ratio": 53.44,
            "inventory_turnover_ratio": 1.78,
            "account_receivable_turnover_ratio": 1.03,
            "reinvestment_rate": null,
            "research_to_sale_ratio": null,
            "price_fair": 0,
            "eps_avg_yearly": 0,
            "eps_latest_yearly": 0,
            "eps_growth_yearly": 0
        },
        "20171": {
            "year_quarter": 20171,
            "year": 2017,
            "quarter": 1,
            "eps": -0.25,
            "eps_growth_year": null,
            "eps_4q": -0.62,
            "eps_4q_growth_year": null,
            "roe": -2.48,
            "roe_4q": -5.86,
            "gross_profit": 30710,
            "gross_margin": 9.09,
            "gross_margin_4q_avg": 9.11,
            "net_income": -9737,
            "revenue": 337952,
            "common_shares": 383680,
            "book_valuer_per_share": 10.01,
            "book_valuer_per_share_4q_avg": 10.57,
            "equity": 384222,
            "current_ratio": 206.05,
            "debt_ratio": 49.12,
            "inventory_turnover_ratio": 1.45,
            "account_receivable_turnover_ratio": 1.02,
            "reinvestment_rate": null,
            "research_to_sale_ratio": null,
            "price_fair": 0,
            "eps_avg_yearly": 0,
            "eps_latest_yearly": 0,
            "eps_growth_yearly": 0
        },
        "20172": {
            "year_quarter": 20172,
            "year": 2017,
            "quarter": 2,
            "eps": 0.04,
            "eps_growth_year": null,
            "eps_4q": -0.56,
            "eps_4q_growth_year": null,
            "roe": 0.36,
            "roe_4q": -5.34,
            "gross_profit": 37595,
            "gross_margin": 9.38,
            "gross_margin_4q_avg": 9.1,
            "net_income": 1405,
            "revenue": 400679,
            "common_shares": 383680,
            "book_valuer_per_share": 10.13,
            "book_valuer_per_share_4q_avg": 10.34,
            "equity": 388573,
            "current_ratio": 184.36,
            "debt_ratio": 54.59,
            "inventory_turnover_ratio": 1.81,
            "account_receivable_turnover_ratio": 1.24,
            "reinvestment_rate": null,
            "research_to_sale_ratio": null,
            "price_fair": 0,
            "eps_avg_yearly": 0,
            "eps_latest_yearly": 0,
            "eps_growth_yearly": 0
        },
        "20173": {
            "year_quarter": 20173,
            "year": 2017,
            "quarter": 3,
            "eps": 0.23,
            "eps_growth_year": null,
            "eps_4q": -0.15,
            "eps_4q_growth_year": null,
            "roe": 2.28,
            "roe_4q": -1.3900000000000003,
            "gross_profit": 55867,
            "gross_margin": 9.99,
            "gross_margin_4q_avg": 9.39,
            "net_income": 8969,
            "revenue": 559278,
            "common_shares": 383680,
            "book_valuer_per_share": 10.42,
            "book_valuer_per_share_4q_avg": 10.26,
            "equity": 399727,
            "current_ratio": 149,
            "debt_ratio": 66.27,
            "inventory_turnover_ratio": 2.1,
            "account_receivable_turnover_ratio": 1.26,
            "reinvestment_rate": null,
            "research_to_sale_ratio": null,
            "price_fair": 32.2,
            "eps_avg_yearly": 0.92,
            "eps_latest_yearly": 0.92,
            "eps_growth_yearly": 1900
        },
        "20174": {
            "year_quarter": 20174,
            "year": 2017,
            "quarter": 4,
            "eps": 0.22,
            "eps_growth_year": null,
            "eps_4q": 0.23,
            "eps_4q_growth_year": null,
            "roe": 2.06,
            "roe_4q": 2.22,
            "gross_profit": 57211,
            "gross_margin": 10,
            "gross_margin_4q_avg": 9.62,
            "net_income": 8336,
            "revenue": 571850,
            "common_shares": 383680,
            "book_valuer_per_share": 10.66,
            "book_valuer_per_share_4q_avg": 10.31,
            "equity": 409096,
            "current_ratio": 176.24,
            "debt_ratio": 55.67,
            "inventory_turnover_ratio": 2.4,
            "account_receivable_turnover_ratio": 1.11,
            "reinvestment_rate": null,
            "research_to_sale_ratio": null,
            "price_fair": 31.5,
            "eps_avg_yearly": 0.9,
            "eps_latest_yearly": 0.88,
            "eps_growth_yearly": 941.3
        },
        "20181": {
            "year_quarter": 20181,
            "year": 2018,
            "quarter": 1,
            "eps": -0.12,
            "eps_growth_year": null,
            "eps_4q": 0.36,
            "eps_4q_growth_year": null,
            "roe": -1.16,
            "roe_4q": 3.5399999999999996,
            "gross_profit": 32877,
            "gross_margin": 8.64,
            "gross_margin_4q_avg": 9.5,
            "net_income": -4750,
            "revenue": 380428,
            "common_shares": 383680,
            "book_valuer_per_share": 10.61,
            "book_valuer_per_share_4q_avg": 10.46,
            "equity": 407054,
            "current_ratio": 173.48,
            "debt_ratio": 56.54,
            "inventory_turnover_ratio": 2.15,
            "account_receivable_turnover_ratio": 0.85,
            "reinvestment_rate": null,
            "research_to_sale_ratio": null,
            "price_fair": 31.5,
            "eps_avg_yearly": 0.9,
            "eps_latest_yearly": 0.88,
            "eps_growth_yearly": 941.3
        },
        "20182": {
            "year_quarter": 20182,
            "year": 2018,
            "quarter": 2,
            "eps": -0.01,
            "eps_growth_year": -125,
            "eps_4q": 0.32,
            "eps_4q_growth_year": null,
            "roe": -0.04,
            "roe_4q": 3.1399999999999997,
            "gross_profit": 43566,
            "gross_margin": 10.42,
            "gross_margin_4q_avg": 9.76,
            "net_income": -151,
            "revenue": 418068,
            "common_shares": 383680,
            "book_valuer_per_share": 10.56,
            "book_valuer_per_share_4q_avg": 10.56,
            "equity": 405352,
            "current_ratio": 162.64,
            "debt_ratio": 60.08,
            "inventory_turnover_ratio": 2.18,
            "account_receivable_turnover_ratio": 1,
            "reinvestment_rate": null,
            "research_to_sale_ratio": null,
            "price_fair": 31.5,
            "eps_avg_yearly": 0.9,
            "eps_latest_yearly": 0.88,
            "eps_growth_yearly": 941.3
        },
        "20183": {
            "year_quarter": 20183,
            "year": 2018,
            "quarter": 3,
            "eps": 0.05,
            "eps_growth_year": -78.26,
            "eps_4q": 0.14,
            "eps_4q_growth_year": null,
            "roe": 0.45,
            "roe_4q": 1.31,
            "gross_profit": 41202,
            "gross_margin": 10.92,
            "gross_margin_4q_avg": 10,
            "net_income": 1803,
            "revenue": 377280,
            "common_shares": 383680,
            "book_valuer_per_share": 10.45,
            "book_valuer_per_share_4q_avg": 10.57,
            "equity": 401080,
            "current_ratio": 173.61,
            "debt_ratio": 56.33,
            "inventory_turnover_ratio": 2.03,
            "account_receivable_turnover_ratio": 0.9,
            "reinvestment_rate": null,
            "research_to_sale_ratio": null,
            "price_fair": 31.5,
            "eps_avg_yearly": 0.9,
            "eps_latest_yearly": 0.88,
            "eps_growth_yearly": 941.3
        },
        "20184": {
            "year_quarter": 20184,
            "year": 2018,
            "quarter": 4,
            "eps": 0.14,
            "eps_growth_year": -33.58,
            "eps_4q": 0.06,
            "eps_4q_growth_year": -72.82,
            "roe": 1.37,
            "roe_4q": 0.6200000000000001,
            "gross_profit": 50873,
            "gross_margin": 10.05,
            "gross_margin_4q_avg": 10.01,
            "net_income": 5537,
            "revenue": 506194,
            "common_shares": 383680,
            "book_valuer_per_share": 10.62,
            "book_valuer_per_share_4q_avg": 10.56,
            "equity": 407576,
            "current_ratio": 160.45,
            "debt_ratio": 60.65,
            "inventory_turnover_ratio": 2.39,
            "account_receivable_turnover_ratio": 1.22,
            "reinvestment_rate": null,
            "research_to_sale_ratio": null,
            "price_fair": 27.53,
            "eps_avg_yearly": 0.79,
            "eps_latest_yearly": 0.56,
            "eps_growth_yearly": 867.54
        },
        "20191": {
            "year_quarter": 20191,
            "year": 2019,
            "quarter": 1,
            "eps": -0.13,
            "eps_growth_year": null,
            "eps_4q": 0.06,
            "eps_4q_growth_year": -84.58,
            "roe": -1.24,
            "roe_4q": 0.54,
            "gross_profit": 35406,
            "gross_margin": 8.65,
            "gross_margin_4q_avg": 10.01,
            "net_income": -5037,
            "revenue": 409487,
            "common_shares": 383680,
            "book_valuer_per_share": 10.59,
            "book_valuer_per_share_4q_avg": 10.56,
            "equity": 406484,
            "current_ratio": 165.63,
            "debt_ratio": 59.05,
            "inventory_turnover_ratio": 1.67,
            "account_receivable_turnover_ratio": 1.08,
            "reinvestment_rate": null,
            "research_to_sale_ratio": null,
            "price_fair": 27.53,
            "eps_avg_yearly": 0.79,
            "eps_latest_yearly": 0.56,
            "eps_growth_yearly": 867.54
        },
        "20192": {
            "year_quarter": 20192,
            "year": 2019,
            "quarter": 2,
            "eps": -0.13,
            "eps_growth_year": null,
            "eps_4q": -0.07,
            "eps_4q_growth_year": -120.5,
            "roe": -1.2,
            "roe_4q": -0.6199999999999999,
            "gross_profit": 37490,
            "gross_margin": 8.53,
            "gross_margin_4q_avg": 9.54,
            "net_income": -4846,
            "revenue": 439273,
            "common_shares": 383680,
            "book_valuer_per_share": 10.42,
            "book_valuer_per_share_4q_avg": 10.52,
            "equity": 399648,
            "current_ratio": 161.2,
            "debt_ratio": 60.66,
            "inventory_turnover_ratio": 1.56,
            "account_receivable_turnover_ratio": 1.18,
            "reinvestment_rate": null,
            "research_to_sale_ratio": null,
            "price_fair": 27.53,
            "eps_avg_yearly": 0.79,
            "eps_latest_yearly": 0.56,
            "eps_growth_yearly": 867.54
        },
        "20193": {
            "year_quarter": 20193,
            "year": 2019,
            "quarter": 3,
            "eps": 0.08,
            "eps_growth_year": 60,
            "eps_4q": -0.03,
            "eps_4q_growth_year": -121.13,
            "roe": 0.81,
            "roe_4q": -0.2599999999999998,
            "gross_profit": 42632,
            "gross_margin": 8.9,
            "gross_margin_4q_avg": 9.03,
            "net_income": 3239,
            "revenue": 478746,
            "common_shares": 383680,
            "book_valuer_per_share": 10.34,
            "book_valuer_per_share_4q_avg": 10.49,
            "equity": 396803,
            "current_ratio": 167.17,
            "debt_ratio": 58.5,
            "inventory_turnover_ratio": 1.7,
            "account_receivable_turnover_ratio": 1.15,
            "reinvestment_rate": null,
            "research_to_sale_ratio": null,
            "price_fair": 27.53,
            "eps_avg_yearly": 0.79,
            "eps_latest_yearly": 0.56,
            "eps_growth_yearly": 867.54
        },
        "20194": {
            "year_quarter": 20194,
            "year": 2019,
            "quarter": 4,
            "eps": 0.26,
            "eps_growth_year": 78.45,
            "eps_4q": 0.08,
            "eps_4q_growth_year": 32.72,
            "roe": 2.46,
            "roe_4q": 0.8300000000000003,
            "gross_profit": 55237,
            "gross_margin": 8.29,
            "gross_margin_4q_avg": 8.59,
            "net_income": 9881,
            "revenue": 666660,
            "common_shares": 383680,
            "book_valuer_per_share": 10.59,
            "book_valuer_per_share_4q_avg": 10.49,
            "equity": 406264,
            "current_ratio": 155.03,
            "debt_ratio": 61.77,
            "inventory_turnover_ratio": 3.18,
            "account_receivable_turnover_ratio": 1.35,
            "reinvestment_rate": null,
            "research_to_sale_ratio": null,
            "price_fair": 29.75,
            "eps_avg_yearly": 0.85,
            "eps_latest_yearly": 1.04,
            "eps_growth_yearly": 875.65
        },
        "20201": {
            "year_quarter": 20201,
            "year": 2020,
            "quarter": 1,
            "eps": 0.17,
            "eps_growth_year": null,
            "eps_4q": 0.39,
            "eps_4q_growth_year": 590.39,
            "roe": 1.61,
            "roe_4q": 3.6800000000000006,
            "gross_profit": 43163,
            "gross_margin": 10.58,
            "gross_margin_4q_avg": 9.08,
            "net_income": 6583,
            "revenue": 408122,
            "common_shares": 383680,
            "book_valuer_per_share": 10.72,
            "book_valuer_per_share_4q_avg": 10.52,
            "equity": 411155,
            "current_ratio": 163.99,
            "debt_ratio": 58.73,
            "inventory_turnover_ratio": 2.19,
            "account_receivable_turnover_ratio": 0.77,
            "reinvestment_rate": 27.55,
            "research_to_sale_ratio": null,
            "price_fair": 28.56,
            "eps_avg_yearly": 0.82,
            "eps_latest_yearly": 0.68,
            "eps_growth_yearly": 672.83
        },
        "20202": {
            "year_quarter": 20202,
            "year": 2020,
            "quarter": 2,
            "eps": 0.93,
            "eps_growth_year": null,
            "eps_4q": 1.45,
            "eps_4q_growth_year": null,
            "roe": 8.39,
            "roe_4q": 13.270000000000001,
            "gross_profit": 82187,
            "gross_margin": 10.09,
            "gross_margin_4q_avg": 9.47,
            "net_income": 35863,
            "revenue": 814840,
            "common_shares": 383680,
            "book_valuer_per_share": 11.58,
            "book_valuer_per_share_4q_avg": 10.81,
            "equity": 444181,
            "current_ratio": 142.96,
            "debt_ratio": 67.8,
            "inventory_turnover_ratio": 3.22,
            "account_receivable_turnover_ratio": 1.38,
            "reinvestment_rate": 2.08,
            "research_to_sale_ratio": null,
            "price_fair": 45.5,
            "eps_avg_yearly": 1.3,
            "eps_latest_yearly": 3.72,
            "eps_growth_yearly": 858.73
        },
        "20203": {
            "year_quarter": 20203,
            "year": 2020,
            "quarter": 3,
            "eps": 0.51,
            "eps_growth_year": 537.5,
            "eps_4q": 1.88,
            "eps_4q_growth_year": null,
            "roe": 4.33,
            "roe_4q": 16.79,
            "gross_profit": 65317,
            "gross_margin": 7.69,
            "gross_margin_4q_avg": 9.16,
            "net_income": 19702,
            "revenue": 849772,
            "common_shares": 383680,
            "book_valuer_per_share": 12.16,
            "book_valuer_per_share_4q_avg": 11.26,
            "equity": 466552,
            "current_ratio": 159.9,
            "debt_ratio": 60.51,
            "inventory_turnover_ratio": 3.56,
            "account_receivable_turnover_ratio": 1.28,
            "reinvestment_rate": 0.07,
            "research_to_sale_ratio": null,
            "price_fair": 49.2,
            "eps_avg_yearly": 1.41,
            "eps_latest_yearly": 2.04,
            "eps_growth_yearly": 710.25
        },
        "20204": {
            "year_quarter": 20204,
            "year": 2020,
            "quarter": 4,
            "eps": -0.18,
            "eps_growth_year": -169.96,
            "eps_4q": 1.44,
            "eps_4q_growth_year": 1606.37,
            "roe": -1.49,
            "roe_4q": 12.84,
            "gross_profit": 53202,
            "gross_margin": 7.45,
            "gross_margin_4q_avg": 8.95,
            "net_income": -6913,
            "revenue": 713916,
            "common_shares": 383680,
            "book_valuer_per_share": 12.05,
            "book_valuer_per_share_4q_avg": 11.63,
            "equity": 462211,
            "current_ratio": 147.95,
            "debt_ratio": 65.64,
            "inventory_turnover_ratio": 3.53,
            "account_receivable_turnover_ratio": 1.06,
            "reinvestment_rate": -2.35,
            "research_to_sale_ratio": null,
            "price_fair": 49.2,
            "eps_avg_yearly": 1.41,
            "eps_latest_yearly": 2.04,
            "eps_growth_yearly": 710.25
        },
        "20211": {
            "year_quarter": 20211,
            "year": 2021,
            "quarter": 1,
            "eps": 0.01,
            "eps_growth_year": -94.12,
            "eps_4q": 1.28,
            "eps_4q_growth_year": 230.61,
            "roe": 0.1,
            "roe_4q": 11.330000000000002,
            "gross_profit": 38570,
            "gross_margin": 7.71,
            "gross_margin_4q_avg": 8.24,
            "net_income": 467,
            "revenue": 500057,
            "common_shares": 383680,
            "book_valuer_per_share": 12.08,
            "book_valuer_per_share_4q_avg": 11.97,
            "equity": 463624,
            "current_ratio": 148.77,
            "debt_ratio": 65.47,
            "inventory_turnover_ratio": 1.88,
            "account_receivable_turnover_ratio": 0.77,
            "reinvestment_rate": -1.89,
            "research_to_sale_ratio": null,
            "price_fair": 49.2,
            "eps_avg_yearly": 1.41,
            "eps_latest_yearly": 2.04,
            "eps_growth_yearly": 710.25
        },
        "20212": {
            "year_quarter": 20212,
            "year": 2021,
            "quarter": 2,
            "eps": 0.21,
            "eps_growth_year": -77.42,
            "eps_4q": 0.55,
            "eps_4q_growth_year": -61.75,
            "roe": 1.71,
            "roe_4q": 4.65,
            "gross_profit": 49875,
            "gross_margin": 10.02,
            "gross_margin_4q_avg": 8.22,
            "net_income": 7999,
            "revenue": 497963,
            "common_shares": 383680,
            "book_valuer_per_share": 12.26,
            "book_valuer_per_share_4q_avg": 12.14,
            "equity": 470504,
            "current_ratio": 153.31,
            "debt_ratio": 63.47,
            "inventory_turnover_ratio": 1.76,
            "account_receivable_turnover_ratio": 0.75,
            "reinvestment_rate": -1.85,
            "research_to_sale_ratio": null,
            "price_fair": 46.73,
            "eps_avg_yearly": 1.34,
            "eps_latest_yearly": 0.84,
            "eps_growth_yearly": 1621.47
        },
        "20213": {
            "year_quarter": 20213,
            "year": 2021,
            "quarter": 3,
            "eps": 0.07,
            "eps_growth_year": -86.27,
            "eps_4q": 0.11,
            "eps_4q_growth_year": -93.99,
            "roe": 0.59,
            "roe_4q": 0.9099999999999999,
            "gross_profit": 41452,
            "gross_margin": 7.91,
            "gross_margin_4q_avg": 8.27,
            "net_income": 2773,
            "revenue": 524243,
            "common_shares": 383680,
            "book_valuer_per_share": 12.33,
            "book_valuer_per_share_4q_avg": 12.18,
            "equity": 473050,
            "current_ratio": 146.89,
            "debt_ratio": 66.27,
            "inventory_turnover_ratio": 1.43,
            "account_receivable_turnover_ratio": 0.75,
            "reinvestment_rate": -2.65,
            "research_to_sale_ratio": null,
            "price_fair": 43.93,
            "eps_avg_yearly": 1.26,
            "eps_latest_yearly": 0.28,
            "eps_growth_yearly": 1350.63
        },
        "20214": {
            "year_quarter": 20214,
            "year": 2021,
            "quarter": 4,
            "eps": 0.38,
            "eps_growth_year": null,
            "eps_4q": 0.68,
            "eps_4q_growth_year": -53.02,
            "roe": 3.05,
            "roe_4q": 5.449999999999999,
            "gross_profit": 74591,
            "gross_margin": 7.48,
            "gross_margin_4q_avg": 8.28,
            "net_income": 14711,
            "revenue": 997360,
            "common_shares": 383680,
            "book_valuer_per_share": 12.78,
            "book_valuer_per_share_4q_avg": 12.36,
            "equity": 490507,
            "current_ratio": 149.73,
            "debt_ratio": 64.95,
            "inventory_turnover_ratio": 2.92,
            "account_receivable_turnover_ratio": 1.27,
            "reinvestment_rate": -2.15,
            "research_to_sale_ratio": null,
            "price_fair": 46.73,
            "eps_avg_yearly": 1.34,
            "eps_latest_yearly": 1.52,
            "eps_growth_yearly": 1574.24
        },
        "20221": {
            "year_quarter": 20221,
            "year": 2022,
            "quarter": 1,
            "eps": 0.02,
            "eps_growth_year": 100,
            "eps_4q": 0.69,
            "eps_4q_growth_year": -46.34,
            "roe": 0.18,
            "roe_4q": 5.529999999999999,
            "gross_profit": 35019,
            "gross_margin": 7.94,
            "gross_margin_4q_avg": 8.34,
            "net_income": 876,
            "revenue": 440895,
            "common_shares": 383680,
            "book_valuer_per_share": 12.95,
            "book_valuer_per_share_4q_avg": 12.58,
            "equity": 496821,
            "current_ratio": 154.1,
            "debt_ratio": 63.1,
            "inventory_turnover_ratio": 2.14,
            "account_receivable_turnover_ratio": 0.56,
            "reinvestment_rate": 0.03,
            "research_to_sale_ratio": null,
            "price_fair": 41.84,
            "eps_avg_yearly": 1.2,
            "eps_latest_yearly": 0.08,
            "eps_growth_yearly": 1357.22
        },
        "20222": {
            "year_quarter": 20222,
            "year": 2022,
            "quarter": 2,
            "eps": 0.32,
            "eps_growth_year": 52.38,
            "eps_4q": 0.72,
            "eps_4q_growth_year": 30.32,
            "roe": 2.41,
            "roe_4q": 6.23,
            "gross_profit": 43927,
            "gross_margin": 9.49,
            "gross_margin_4q_avg": 8.21,
            "net_income": 12110,
            "revenue": 462736,
            "common_shares": 383680,
            "book_valuer_per_share": 13.28,
            "book_valuer_per_share_4q_avg": 12.84,
            "equity": 509531,
            "current_ratio": 147.67,
            "debt_ratio": 65.3,
            "inventory_turnover_ratio": 1.84,
            "account_receivable_turnover_ratio": 0.67,
            "reinvestment_rate": -3.3,
            "research_to_sale_ratio": null,
            "price_fair": 42.14,
            "eps_avg_yearly": 1.2,
            "eps_latest_yearly": 1.28,
            "eps_growth_yearly": 1821.49
        },
        "20223": {
            "year_quarter": 20223,
            "year": 2022,
            "quarter": 3,
            "eps": 1.02,
            "eps_growth_year": 1357.14,
            "eps_4q": 1.67,
            "eps_4q_growth_year": 1385,
            "roe": 8.08,
            "roe_4q": 13.719999999999999,
            "gross_profit": 56675,
            "gross_margin": 6.79,
            "gross_margin_4q_avg": 7.93,
            "net_income": 42968,
            "revenue": 835198,
            "common_shares": 383680,
            "book_valuer_per_share": 14.43,
            "book_valuer_per_share_4q_avg": 13.36,
            "equity": 553659,
            "current_ratio": 139.66,
            "debt_ratio": 69.7,
            "inventory_turnover_ratio": 3.02,
            "account_receivable_turnover_ratio": 0.99,
            "reinvestment_rate": -2.14,
            "research_to_sale_ratio": null,
            "price_fair": 51.29,
            "eps_avg_yearly": 1.47,
            "eps_latest_yearly": 4.08,
            "eps_growth_yearly": 1735.45
        },
        "20224": {
            "year_quarter": 20224,
            "year": 2022,
            "quarter": 4,
            "eps": -0.15,
            "eps_growth_year": -139.59,
            "eps_4q": 1.17,
            "eps_4q_growth_year": 73.58,
            "roe": -1.16,
            "roe_4q": 9.51,
            "gross_profit": 47546,
            "gross_margin": 8.07,
            "gross_margin_4q_avg": 8.07,
            "net_income": -6406,
            "revenue": 589077,
            "common_shares": 422047,
            "book_valuer_per_share": 12.97,
            "book_valuer_per_share_4q_avg": 13.41,
            "equity": 547331,
            "current_ratio": 126.28,
            "debt_ratio": 69.67,
            "inventory_turnover_ratio": 2.41,
            "account_receivable_turnover_ratio": 0.71,
            "reinvestment_rate": -2.2,
            "research_to_sale_ratio": null,
            "price_fair": 54.46,
            "eps_avg_yearly": 1.56,
            "eps_latest_yearly": 4.08,
            "eps_growth_yearly": 1836.99
        },
        "20231": {
            "year_quarter": 20231,
            "year": 2023,
            "quarter": 1,
            "eps": -0.09,
            "eps_growth_year": -550,
            "eps_4q": 1.07,
            "eps_4q_growth_year": 55.15,
            "roe": -0.68,
            "roe_4q": 8.65,
            "gross_profit": 46161,
            "gross_margin": 11.31,
            "gross_margin_4q_avg": 8.92,
            "net_income": -3686,
            "revenue": 408183,
            "common_shares": 422047,
            "book_valuer_per_share": 12.9,
            "book_valuer_per_share_4q_avg": 13.4,
            "equity": 544449,
            "current_ratio": 135.1,
            "debt_ratio": 66.17,
            "inventory_turnover_ratio": 1.97,
            "account_receivable_turnover_ratio": 0.67,
            "reinvestment_rate": -2.13,
            "research_to_sale_ratio": null,
            "price_fair": 54.46,
            "eps_avg_yearly": 1.56,
            "eps_latest_yearly": 4.08,
            "eps_growth_yearly": 1836.99
        }
    },
    "months": {
        "2002-02": {
            "month": "2002-02",
            "price": "25.07",
            "revenue": 113229
        },
        "2002-03": {
            "month": "2002-03",
            "price": "24.57",
            "revenue": 111922
        },
        "2002-04": {
            "month": "2002-04",
            "price": "23.36",
            "revenue": 92537
        },
        "2002-05": {
            "month": "2002-05",
            "price": "18.71",
            "revenue": 114405
        },
        "2002-06": {
            "month": "2002-06",
            "price": "16.57",
            "revenue": 122377
        },
        "2002-07": {
            "month": "2002-07",
            "price": "14.29",
            "revenue": 129526
        },
        "2002-08": {
            "month": "2002-08",
            "price": "14.20",
            "revenue": 142275
        },
        "2002-09": {
            "month": "2002-09",
            "price": "13.81",
            "revenue": 277321
        },
        "2002-10": {
            "month": "2002-10",
            "price": "12.49",
            "revenue": 124508
        },
        "2002-11": {
            "month": "2002-11",
            "price": "11.35",
            "revenue": 143491
        },
        "2002-12": {
            "month": "2002-12",
            "price": "10.31",
            "revenue": 118165
        },
        "2003-01": {
            "month": "2003-01",
            "price": "10.38",
            "revenue": 113334
        },
        "2003-02": {
            "month": "2003-02",
            "price": "10.35",
            "revenue": 74718
        },
        "2003-03": {
            "month": "2003-03",
            "price": "9.99",
            "revenue": 94492
        },
        "2003-04": {
            "month": "2003-04",
            "price": "10.26",
            "revenue": 132730
        },
        "2003-05": {
            "month": "2003-05",
            "price": "9.38",
            "revenue": 114608
        },
        "2003-06": {
            "month": "2003-06",
            "price": "10.66",
            "revenue": 152357
        },
        "2003-07": {
            "month": "2003-07",
            "price": "10.38",
            "revenue": 136833
        },
        "2003-08": {
            "month": "2003-08",
            "price": "10.52",
            "revenue": 160432
        },
        "2003-09": {
            "month": "2003-09",
            "price": "9.85",
            "revenue": 268629
        },
        "2003-10": {
            "month": "2003-10",
            "price": "9.74",
            "revenue": 116756
        },
        "2003-11": {
            "month": "2003-11",
            "price": "10.47",
            "revenue": 168675
        },
        "2003-12": {
            "month": "2003-12",
            "price": "10.74",
            "revenue": 215108
        },
        "2004-01": {
            "month": "2004-01",
            "price": "10.66",
            "revenue": 118341
        },
        "2004-02": {
            "month": "2004-02",
            "price": "11.98",
            "revenue": 153856
        },
        "2004-03": {
            "month": "2004-03",
            "price": "12.98",
            "revenue": 140600
        },
        "2004-04": {
            "month": "2004-04",
            "price": "12.62",
            "revenue": 151863
        },
        "2004-05": {
            "month": "2004-05",
            "price": "11.62",
            "revenue": 118214
        },
        "2004-06": {
            "month": "2004-06",
            "price": "10.67",
            "revenue": 153183
        },
        "2004-07": {
            "month": "2004-07",
            "price": "10.25",
            "revenue": 110844
        },
        "2004-08": {
            "month": "2004-08",
            "price": "10.06",
            "revenue": 151124
        },
        "2004-09": {
            "month": "2004-09",
            "price": "9.56",
            "revenue": 181985
        },
        "2004-10": {
            "month": "2004-10",
            "price": "8.23",
            "revenue": 272109
        },
        "2004-11": {
            "month": "2004-11",
            "price": "7.19",
            "revenue": 229126
        },
        "2004-12": {
            "month": "2004-12",
            "price": "7.14",
            "revenue": 236669
        },
        "2005-01": {
            "month": "2005-01",
            "price": "7.47",
            "revenue": 145531
        },
        "2005-02": {
            "month": "2005-02",
            "price": "7.18",
            "revenue": 86213
        },
        "2005-03": {
            "month": "2005-03",
            "price": "7.16",
            "revenue": 166707
        },
        "2005-04": {
            "month": "2005-04",
            "price": "6.33",
            "revenue": 207287
        },
        "2005-05": {
            "month": "2005-05",
            "price": "5.79",
            "revenue": 169277
        },
        "2005-06": {
            "month": "2005-06",
            "price": "6.40",
            "revenue": 154855
        },
        "2005-07": {
            "month": "2005-07",
            "price": "7.19",
            "revenue": 144707
        },
        "2005-08": {
            "month": "2005-08",
            "price": "7.14",
            "revenue": 180168
        },
        "2005-09": {
            "month": "2005-09",
            "price": "6.86",
            "revenue": 174689
        },
        "2005-10": {
            "month": "2005-10",
            "price": "6.44",
            "revenue": 183239
        },
        "2005-11": {
            "month": "2005-11",
            "price": "6.32",
            "revenue": 177784
        },
        "2005-12": {
            "month": "2005-12",
            "price": "6.52",
            "revenue": 306514
        },
        "2006-01": {
            "month": "2006-01",
            "price": "7.28",
            "revenue": 120715
        },
        "2006-02": {
            "month": "2006-02",
            "price": "8.09",
            "revenue": 125952
        },
        "2006-03": {
            "month": "2006-03",
            "price": "7.69",
            "revenue": 122031
        },
        "2006-04": {
            "month": "2006-04",
            "price": "7.22",
            "revenue": 168784
        },
        "2006-05": {
            "month": "2006-05",
            "price": "6.74",
            "revenue": 124330
        },
        "2006-06": {
            "month": "2006-06",
            "price": "6.20",
            "revenue": 216420
        },
        "2006-07": {
            "month": "2006-07",
            "price": "5.16",
            "revenue": 233590
        },
        "2006-08": {
            "month": "2006-08",
            "price": "5.17",
            "revenue": 207465
        },
        "2006-09": {
            "month": "2006-09",
            "price": "6.12",
            "revenue": 182076
        },
        "2006-10": {
            "month": "2006-10",
            "price": "6.84",
            "revenue": 199241
        },
        "2006-11": {
            "month": "2006-11",
            "price": "8.69",
            "revenue": 177872
        },
        "2006-12": {
            "month": "2006-12",
            "price": "12.22",
            "revenue": 229757
        },
        "2007-01": {
            "month": "2007-01",
            "price": "13.65",
            "revenue": 147402
        },
        "2007-02": {
            "month": "2007-02",
            "price": "12.78",
            "revenue": 87800
        },
        "2007-03": {
            "month": "2007-03",
            "price": "13.93",
            "revenue": 147104
        },
        "2007-04": {
            "month": "2007-04",
            "price": "14.26",
            "revenue": 170271
        },
        "2007-05": {
            "month": "2007-05",
            "price": "13.45",
            "revenue": 122572
        },
        "2007-06": {
            "month": "2007-06",
            "price": "15.43",
            "revenue": 93361
        },
        "2007-07": {
            "month": "2007-07",
            "price": "16.80",
            "revenue": 173264
        },
        "2007-08": {
            "month": "2007-08",
            "price": "14.48",
            "revenue": 214417
        },
        "2007-09": {
            "month": "2007-09",
            "price": "14.31",
            "revenue": 149811
        },
        "2007-10": {
            "month": "2007-10",
            "price": "13.45",
            "revenue": 206148
        },
        "2007-11": {
            "month": "2007-11",
            "price": "13.05",
            "revenue": 177384
        },
        "2007-12": {
            "month": "2007-12",
            "price": "12.14",
            "revenue": 176191
        },
        "2008-01": {
            "month": "2008-01",
            "price": "9.96",
            "revenue": 120567
        },
        "2008-02": {
            "month": "2008-02",
            "price": "9.17",
            "revenue": 123716
        },
        "2008-03": {
            "month": "2008-03",
            "price": "11.74",
            "revenue": 118752
        },
        "2008-04": {
            "month": "2008-04",
            "price": "12.52",
            "revenue": 130386
        },
        "2008-05": {
            "month": "2008-05",
            "price": "12.15",
            "revenue": 171904
        },
        "2008-06": {
            "month": "2008-06",
            "price": "10.95",
            "revenue": 170687
        },
        "2008-07": {
            "month": "2008-07",
            "price": "9.98",
            "revenue": 162291
        },
        "2008-08": {
            "month": "2008-08",
            "price": "9.92",
            "revenue": 129254
        },
        "2008-09": {
            "month": "2008-09",
            "price": "8.46",
            "revenue": 176681
        },
        "2008-10": {
            "month": "2008-10",
            "price": "5.97",
            "revenue": 141184
        },
        "2008-11": {
            "month": "2008-11",
            "price": "6.42",
            "revenue": 95706
        },
        "2008-12": {
            "month": "2008-12",
            "price": "6.47",
            "revenue": 207171
        },
        "2009-01": {
            "month": "2009-01",
            "price": "6.25",
            "revenue": 126246
        },
        "2009-02": {
            "month": "2009-02",
            "price": "6.18",
            "revenue": 52447
        },
        "2009-03": {
            "month": "2009-03",
            "price": "7.15",
            "revenue": 67509
        },
        "2009-04": {
            "month": "2009-04",
            "price": "7.68",
            "revenue": 64776
        },
        "2009-05": {
            "month": "2009-05",
            "price": "7.67",
            "revenue": 59016
        },
        "2009-06": {
            "month": "2009-06",
            "price": "8.00",
            "revenue": 96485
        },
        "2009-07": {
            "month": "2009-07",
            "price": "8.47",
            "revenue": 81106
        },
        "2009-08": {
            "month": "2009-08",
            "price": "8.22",
            "revenue": 76873
        },
        "2009-09": {
            "month": "2009-09",
            "price": "9.08",
            "revenue": 166968
        },
        "2009-10": {
            "month": "2009-10",
            "price": "10.41",
            "revenue": 118405
        },
        "2009-11": {
            "month": "2009-11",
            "price": "10.51",
            "revenue": 120823
        },
        "2009-12": {
            "month": "2009-12",
            "price": "13.21",
            "revenue": 241754
        },
        "2010-01": {
            "month": "2010-01",
            "price": "14.87",
            "revenue": 113680
        },
        "2010-02": {
            "month": "2010-02",
            "price": "13.58",
            "revenue": 75593
        },
        "2010-03": {
            "month": "2010-03",
            "price": "14.55",
            "revenue": 168366
        },
        "2010-04": {
            "month": "2010-04",
            "price": "20.07",
            "revenue": 170170
        },
        "2010-05": {
            "month": "2010-05",
            "price": "17.26",
            "revenue": 131148
        },
        "2010-06": {
            "month": "2010-06",
            "price": "17.60",
            "revenue": 156463
        },
        "2010-07": {
            "month": "2010-07",
            "price": "20.00",
            "revenue": 105274
        },
        "2010-08": {
            "month": "2010-08",
            "price": "18.51",
            "revenue": 147121
        },
        "2010-09": {
            "month": "2010-09",
            "price": "17.91",
            "revenue": 139750
        },
        "2010-10": {
            "month": "2010-10",
            "price": "17.36",
            "revenue": 104354
        },
        "2010-11": {
            "month": "2010-11",
            "price": "16.32",
            "revenue": 145544
        },
        "2010-12": {
            "month": "2010-12",
            "price": "15.27",
            "revenue": 225545
        },
        "2011-01": {
            "month": "2011-01",
            "price": "14.76",
            "revenue": 102887
        },
        "2011-02": {
            "month": "2011-02",
            "price": "13.90",
            "revenue": 98095
        },
        "2011-03": {
            "month": "2011-03",
            "price": "12.90",
            "revenue": 158112
        },
        "2011-04": {
            "month": "2011-04",
            "price": "12.36",
            "revenue": 91818
        },
        "2011-05": {
            "month": "2011-05",
            "price": "12.43",
            "revenue": 108333
        },
        "2011-06": {
            "month": "2011-06",
            "price": "12.80",
            "revenue": 138766
        },
        "2011-07": {
            "month": "2011-07",
            "price": "12.49",
            "revenue": 114913
        },
        "2011-08": {
            "month": "2011-08",
            "price": "12.08",
            "revenue": 123042
        },
        "2011-09": {
            "month": "2011-09",
            "price": "12.69",
            "revenue": 121734
        },
        "2011-10": {
            "month": "2011-10",
            "price": "12.30",
            "revenue": 101405
        },
        "2011-11": {
            "month": "2011-11",
            "price": "12.51",
            "revenue": 127137
        },
        "2011-12": {
            "month": "2011-12",
            "price": "10.37",
            "revenue": 129806
        },
        "2012-01": {
            "month": "2012-01",
            "price": "10.55",
            "revenue": 56734
        },
        "2012-02": {
            "month": "2012-02",
            "price": "13.30",
            "revenue": 76140
        },
        "2012-03": {
            "month": "2012-03",
            "price": "13.36",
            "revenue": 117485
        },
        "2012-04": {
            "month": "2012-04",
            "price": "12.20",
            "revenue": 76453
        },
        "2012-05": {
            "month": "2012-05",
            "price": "11.30",
            "revenue": 98812
        },
        "2012-06": {
            "month": "2012-06",
            "price": "10.61",
            "revenue": 100794
        },
        "2012-07": {
            "month": "2012-07",
            "price": "10.52",
            "revenue": 69708
        },
        "2012-08": {
            "month": "2012-08",
            "price": "10.24",
            "revenue": 93664
        },
        "2012-09": {
            "month": "2012-09",
            "price": "10.73",
            "revenue": 79650
        },
        "2012-10": {
            "month": "2012-10",
            "price": "10.31",
            "revenue": 91702
        },
        "2012-11": {
            "month": "2012-11",
            "price": "10.10",
            "revenue": 67258
        },
        "2012-12": {
            "month": "2012-12",
            "price": "10.17",
            "revenue": 109377
        },
        "2013-01": {
            "month": "2013-01",
            "price": "10.34",
            "revenue": 133510
        },
        "2013-02": {
            "month": "2013-02",
            "price": "10.37",
            "revenue": 114467
        },
        "2013-03": {
            "month": "2013-03",
            "price": "12.11",
            "revenue": 109623
        },
        "2013-04": {
            "month": "2013-04",
            "price": "13.65",
            "revenue": 91833
        },
        "2013-05": {
            "month": "2013-05",
            "price": "12.78",
            "revenue": 105946
        },
        "2013-06": {
            "month": "2013-06",
            "price": "12.42",
            "revenue": 118611
        },
        "2013-07": {
            "month": "2013-07",
            "price": "11.52",
            "revenue": 100347
        },
        "2013-08": {
            "month": "2013-08",
            "price": "11.91",
            "revenue": 76048
        },
        "2013-09": {
            "month": "2013-09",
            "price": "11.57",
            "revenue": 95057
        },
        "2013-10": {
            "month": "2013-10",
            "price": "11.54",
            "revenue": 122245
        },
        "2013-11": {
            "month": "2013-11",
            "price": "11.46",
            "revenue": 117627
        },
        "2013-12": {
            "month": "2013-12",
            "price": "11.34",
            "revenue": 156840
        },
        "2014-01": {
            "month": "2014-01",
            "price": "12.68",
            "revenue": 99128
        },
        "2014-02": {
            "month": "2014-02",
            "price": "13.01",
            "revenue": 71615
        },
        "2014-03": {
            "month": "2014-03",
            "price": "12.99",
            "revenue": 109793
        },
        "2014-04": {
            "month": "2014-04",
            "price": "12.75",
            "revenue": 93671
        },
        "2014-05": {
            "month": "2014-05",
            "price": "11.97",
            "revenue": 107444
        },
        "2014-06": {
            "month": "2014-06",
            "price": "12.10",
            "revenue": 166369
        },
        "2014-07": {
            "month": "2014-07",
            "price": "12.51",
            "revenue": 97142
        },
        "2014-08": {
            "month": "2014-08",
            "price": "14.04",
            "revenue": 98601
        },
        "2014-09": {
            "month": "2014-09",
            "price": "14.03",
            "revenue": 139259
        },
        "2014-10": {
            "month": "2014-10",
            "price": "13.59",
            "revenue": 77331
        },
        "2014-11": {
            "month": "2014-11",
            "price": "11.86",
            "revenue": 121919
        },
        "2014-12": {
            "month": "2014-12",
            "price": "12.36",
            "revenue": 146646
        },
        "2015-01": {
            "month": "2015-01",
            "price": "12.25",
            "revenue": 108094
        },
        "2015-02": {
            "month": "2015-02",
            "price": "12.49",
            "revenue": 66723
        },
        "2015-03": {
            "month": "2015-03",
            "price": "13.06",
            "revenue": 101434
        },
        "2015-04": {
            "month": "2015-04",
            "price": "12.95",
            "revenue": 92077
        },
        "2015-05": {
            "month": "2015-05",
            "price": "12.17",
            "revenue": 92236
        },
        "2015-06": {
            "month": "2015-06",
            "price": "10.95",
            "revenue": 188863
        },
        "2015-07": {
            "month": "2015-07",
            "price": "11.50",
            "revenue": 140847
        },
        "2015-08": {
            "month": "2015-08",
            "price": "10.72",
            "revenue": 121557
        },
        "2015-09": {
            "month": "2015-09",
            "price": "10.83",
            "revenue": 105721
        },
        "2015-10": {
            "month": "2015-10",
            "price": "11.26",
            "revenue": 96010
        },
        "2015-11": {
            "month": "2015-11",
            "price": "10.93",
            "revenue": 125952
        },
        "2015-12": {
            "month": "2015-12",
            "price": "10.64",
            "revenue": 166292
        },
        "2016-01": {
            "month": "2016-01",
            "price": "10.81",
            "revenue": 116883
        },
        "2016-02": {
            "month": "2016-02",
            "price": "10.64",
            "revenue": 83025
        },
        "2016-03": {
            "month": "2016-03",
            "price": "12.81",
            "revenue": 112746
        },
        "2016-04": {
            "month": "2016-04",
            "price": "13.71",
            "revenue": 129021
        },
        "2016-05": {
            "month": "2016-05",
            "price": "12.39",
            "revenue": 152882
        },
        "2016-06": {
            "month": "2016-06",
            "price": "11.11",
            "revenue": 135969
        },
        "2016-07": {
            "month": "2016-07",
            "price": "11.63",
            "revenue": 115014
        },
        "2016-08": {
            "month": "2016-08",
            "price": "11.39",
            "revenue": 119269
        },
        "2016-09": {
            "month": "2016-09",
            "price": "11.05",
            "revenue": 116258
        },
        "2016-10": {
            "month": "2016-10",
            "price": "10.90",
            "revenue": 132148
        },
        "2016-11": {
            "month": "2016-11",
            "price": "10.69",
            "revenue": 138107
        },
        "2016-12": {
            "month": "2016-12",
            "price": "10.71",
            "revenue": 104842
        },
        "2017-01": {
            "month": "2017-01",
            "price": "10.59",
            "revenue": 133648
        },
        "2017-02": {
            "month": "2017-02",
            "price": "10.86",
            "revenue": 98343
        },
        "2017-03": {
            "month": "2017-03",
            "price": "10.65",
            "revenue": 106168
        },
        "2017-04": {
            "month": "2017-04",
            "price": "10.66",
            "revenue": 87560
        },
        "2017-05": {
            "month": "2017-05",
            "price": "10.70",
            "revenue": 134637
        },
        "2017-06": {
            "month": "2017-06",
            "price": "10.61",
            "revenue": 178451
        },
        "2017-07": {
            "month": "2017-07",
            "price": "10.62",
            "revenue": 166210
        },
        "2017-08": {
            "month": "2017-08",
            "price": "10.54",
            "revenue": 180908
        },
        "2017-09": {
            "month": "2017-09",
            "price": "11.21",
            "revenue": 210792
        },
        "2017-10": {
            "month": "2017-10",
            "price": "13.27",
            "revenue": 197178
        },
        "2017-11": {
            "month": "2017-11",
            "price": "12.59",
            "revenue": 163448
        },
        "2017-12": {
            "month": "2017-12",
            "price": "11.57",
            "revenue": 202940
        },
        "2018-01": {
            "month": "2018-01",
            "price": "11.89",
            "revenue": 122973
        },
        "2018-02": {
            "month": "2018-02",
            "price": "11.05",
            "revenue": 94936
        },
        "2018-03": {
            "month": "2018-03",
            "price": "11.75",
            "revenue": 126897
        },
        "2018-04": {
            "month": "2018-04",
            "price": "12.10",
            "revenue": 179724
        },
        "2018-05": {
            "month": "2018-05",
            "price": "11.58",
            "revenue": 120834
        },
        "2018-06": {
            "month": "2018-06",
            "price": "11.45",
            "revenue": 124802
        },
        "2018-07": {
            "month": "2018-07",
            "price": "10.91",
            "revenue": 143553
        },
        "2018-08": {
            "month": "2018-08",
            "price": "10.37",
            "revenue": 121394
        },
        "2018-09": {
            "month": "2018-09",
            "price": "10.20",
            "revenue": 112335
        },
        "2018-10": {
            "month": "2018-10",
            "price": "9.94",
            "revenue": 137027
        },
        "2018-11": {
            "month": "2018-11",
            "price": "10.00",
            "revenue": 209402
        },
        "2018-12": {
            "month": "2018-12",
            "price": "10.72",
            "revenue": 160304
        },
        "2019-01": {
            "month": "2019-01",
            "price": "10.96",
            "revenue": 160012
        },
        "2019-02": {
            "month": "2019-02",
            "price": "10.65",
            "revenue": 144693
        },
        "2019-03": {
            "month": "2019-03",
            "price": "11.00",
            "revenue": 104727
        },
        "2019-04": {
            "month": "2019-04",
            "price": "12.10",
            "revenue": 141927
        },
        "2019-05": {
            "month": "2019-05",
            "price": "11.26",
            "revenue": 151757
        },
        "2019-06": {
            "month": "2019-06",
            "price": "11.11",
            "revenue": 145493
        },
        "2019-07": {
            "month": "2019-07",
            "price": "11.93",
            "revenue": 199049
        },
        "2019-08": {
            "month": "2019-08",
            "price": "11.68",
            "revenue": 155842
        },
        "2019-09": {
            "month": "2019-09",
            "price": "11.10",
            "revenue": 123804
        },
        "2019-10": {
            "month": "2019-10",
            "price": "10.97",
            "revenue": 152787
        },
        "2019-11": {
            "month": "2019-11",
            "price": "10.96",
            "revenue": 119253
        },
        "2019-12": {
            "month": "2019-12",
            "price": "10.80",
            "revenue": 394822
        },
        "2020-01": {
            "month": "2020-01",
            "price": "11.23",
            "revenue": 164671
        },
        "2020-02": {
            "month": "2020-02",
            "price": "10.43",
            "revenue": 120043
        },
        "2020-03": {
            "month": "2020-03",
            "price": "9.68",
            "revenue": 123408
        },
        "2020-04": {
            "month": "2020-04",
            "price": "9.69",
            "revenue": 169598
        },
        "2020-05": {
            "month": "2020-05",
            "price": "10.35",
            "revenue": 324332
        },
        "2020-06": {
            "month": "2020-06",
            "price": "13.84",
            "revenue": 320910
        },
        "2020-07": {
            "month": "2020-07",
            "price": "16.89",
            "revenue": 318659
        },
        "2020-08": {
            "month": "2020-08",
            "price": "21.63",
            "revenue": 319930
        },
        "2020-09": {
            "month": "2020-09",
            "price": "26.12",
            "revenue": 211183
        },
        "2020-10": {
            "month": "2020-10",
            "price": "22.99",
            "revenue": 146323
        },
        "2020-11": {
            "month": "2020-11",
            "price": "21.81",
            "revenue": 286234
        },
        "2020-12": {
            "month": "2020-12",
            "price": "21.73",
            "revenue": 266356
        },
        "2021-01": {
            "month": "2021-01",
            "price": "20.01",
            "revenue": 232540
        },
        "2021-02": {
            "month": "2021-02",
            "price": "19.94",
            "revenue": 96137
        },
        "2021-03": {
            "month": "2021-03",
            "price": "19.79",
            "revenue": 171380
        },
        "2021-04": {
            "month": "2021-04",
            "price": "19.13",
            "revenue": 182467
        },
        "2021-05": {
            "month": "2021-05",
            "price": "14.68",
            "revenue": 134616
        },
        "2021-06": {
            "month": "2021-06",
            "price": "14.26",
            "revenue": 180880
        },
        "2021-07": {
            "month": "2021-07",
            "price": "14.41",
            "revenue": 210521
        },
        "2021-08": {
            "month": "2021-08",
            "price": "14.92",
            "revenue": 169716
        },
        "2021-09": {
            "month": "2021-09",
            "price": "15.26",
            "revenue": 144006
        },
        "2021-10": {
            "month": "2021-10",
            "price": "15.33",
            "revenue": 507604
        },
        "2021-11": {
            "month": "2021-11",
            "price": "19.75",
            "revenue": 256379
        },
        "2021-12": {
            "month": "2021-12",
            "price": "19.89",
            "revenue": 233377
        },
        "2022-01": {
            "month": "2022-01",
            "price": "17.72",
            "revenue": 172524
        },
        "2022-02": {
            "month": "2022-02",
            "price": "16.88",
            "revenue": 128688
        },
        "2022-03": {
            "month": "2022-03",
            "price": "16.87",
            "revenue": 139683
        },
        "2022-04": {
            "month": "2022-04",
            "price": "17.13",
            "revenue": 123636
        },
        "2022-05": {
            "month": "2022-05",
            "price": "16.39",
            "revenue": 180010
        },
        "2022-06": {
            "month": "2022-06",
            "price": "17.35",
            "revenue": 159101
        },
        "2022-07": {
            "month": "2022-07",
            "price": "16.70",
            "revenue": 186925
        },
        "2022-08": {
            "month": "2022-08",
            "price": "17.78",
            "revenue": 445016
        },
        "2022-09": {
            "month": "2022-09",
            "price": "18.62",
            "revenue": 203246
        },
        "2022-10": {
            "month": "2022-10",
            "price": "16.16",
            "revenue": 148364
        },
        "2022-11": {
            "month": "2022-11",
            "price": "17.05",
            "revenue": 244724
        },
        "2022-12": {
            "month": "2022-12",
            "price": "17.13",
            "revenue": 194879
        },
        "2023-01": {
            "month": "2023-01",
            "price": "16.44",
            "revenue": 109240
        },
        "2023-02": {
            "month": "2023-02",
            "price": "17.32",
            "revenue": 154644
        },
        "2023-03": {
            "month": "2023-03",
            "price": "19.93",
            "revenue": 144283
        },
        "2023-04": {
            "month": "2023-04",
            "price": "22.06",
            "revenue": 110904
        },
        "2023-05": {
            "month": "2023-05",
            "price": "21.11",
            "revenue": 136607
        }
    }
}
