{
    "summary": {
        "stock_name": "柏承",
        "stock_id": "6141",
        "category": "電子零組件",
        "main_business": "印刷電路板製造",
        "website_url": "http://www.plotech.com",
        "ceo": "洪宗義",
        "pe_ratio": -6,
        "report_year_from": 2001,
        "report_year_to": 2023,
        "age": 23,
        "eps_negative_percentage": 26,
        "eps_growth_avg": {
            "last_all": -33.61,
            "last_2y": -44.94,
            "last_4y": -42.11,
            "last_8y": -65.26,
            "last_12y": -67.42,
            "last_16y": -47.52,
            "last_20y": -35.2,
            "at_2006_last_3y": 1.78,
            "at_2007_last_3y": 4.82,
            "at_2008_last_3y": -1.93,
            "at_2009_last_3y": -9.92,
            "at_2010_last_3y": -7.72,
            "at_2011_last_3y": -17.52,
            "at_2012_last_3y": -23.18,
            "at_2013_last_3y": -36.16,
            "at_2014_last_3y": -71.02,
            "at_2015_last_3y": -93.94,
            "at_2016_last_3y": -100,
            "at_2017_last_3y": -100,
            "at_2018_last_3y": -100,
            "at_2019_last_3y": -100,
            "at_2020_last_3y": -68.21,
            "at_2021_last_3y": -42.11,
            "at_2022_last_3y": -42.11,
            "at_2023_last_3y": -42.11,
            "at_2024_last_3y": -42.11,
            "at_2006_last_all": -0.23,
            "at_2007_last_all": 1.13,
            "at_2008_last_all": -7.48,
            "at_2009_last_all": -12.55,
            "at_2010_last_all": -3.56,
            "at_2011_last_all": -6.33,
            "at_2012_last_all": -13.19,
            "at_2013_last_all": -20.42,
            "at_2014_last_all": -20.42,
            "at_2015_last_all": -26.54,
            "at_2016_last_all": -26.54,
            "at_2017_last_all": -26.54,
            "at_2018_last_all": -31.79,
            "at_2019_last_all": -31.79,
            "at_2020_last_all": -32.1,
            "at_2021_last_all": -29.46,
            "at_2022_last_all": -33.61,
            "at_2023_last_all": -33.61,
            "at_2024_last_all": -33.61
        },
        "latest_eps": -3.28,
        "latest_price": 19.7,
        "latest_roe": -16.68,
        "latest_gross_margin": 0.3,
        "latest_equity": 2193209,
        "latest_revenue": 727105,
        "latest_gross_profit": 2204,
        "latest_net_income": -79305,
        "latest_debt_ratio": 69.7,
        "latest_current_ratio": 64.21,
        "latest_account_receivable_turnover_ratio": 0.66,
        "latest_inventory_turnover_ratio": 2.71,
        "latest_reinvestment_rate": 372.12,
        "latest_research_to_sale_ratio": 3.39
    },
    "eps_dividends": {
        "1999": {
            "cash": 0,
            "stock": 1.98,
            "eps": 0
        },
        "2000": {
            "cash": 0,
            "stock": 1.91,
            "eps": 0
        },
        "2001": {
            "cash": 0.2,
            "stock": 3.8,
            "eps": 5.2
        },
        "2002": {
            "cash": 0.2,
            "stock": 3.3,
            "eps": 4.77
        },
        "2003": {
            "cash": 0.3,
            "stock": 2.2,
            "eps": 4.57
        },
        "2004": {
            "cash": 0,
            "stock": 3.58,
            "eps": 3.1
        },
        "2005": {
            "cash": 0.78,
            "stock": 1,
            "eps": 2.6
        },
        "2006": {
            "cash": 0.21,
            "stock": 1.82,
            "eps": 4.15
        },
        "2007": {
            "cash": 1.53,
            "stock": 1.02,
            "eps": 4.48
        },
        "2008": {
            "cash": 2.1,
            "stock": 0.54,
            "eps": 1.83
        },
        "2009": {
            "cash": 1.08,
            "stock": 0,
            "eps": 0.95
        },
        "2010": {
            "cash": 0.8,
            "stock": 0,
            "eps": 1.6
        },
        "2011": {
            "cash": 1.8,
            "stock": 0,
            "eps": 1.1
        },
        "2012": {
            "cash": 0,
            "stock": 0,
            "eps": 0.2
        },
        "2013": {
            "cash": 0.5,
            "stock": 0,
            "eps": -0.5
        },
        "2014": {
            "cash": 0.8,
            "stock": 0,
            "eps": 0.1
        },
        "2015": {
            "cash": 0.3,
            "stock": 0,
            "eps": -3.17
        },
        "2016": {
            "cash": 0.3,
            "stock": 0,
            "eps": -1.11
        },
        "2017": {
            "cash": 0.3,
            "stock": 0,
            "eps": 1.63
        },
        "2018": {
            "cash": 0.5,
            "stock": 0,
            "eps": -0.67
        },
        "2019": {
            "cash": 0.1,
            "stock": 0,
            "eps": 4.2
        },
        "2020": {
            "cash": 0.4,
            "stock": 0,
            "eps": 2.67
        },
        "2021": {
            "cash": 0.5,
            "stock": 0,
            "eps": 2.94
        },
        "2022": {
            "cash": 1,
            "stock": 0,
            "eps": -1.3
        },
        "2023": {
            "cash": 0,
            "stock": 0,
            "eps": -2.08
        }
    },
    "dividends": {
        "1999-06-26": {
            "cash": 0,
            "stock": 1.98
        },
        "2000-06-19": {
            "cash": 0,
            "stock": 1.91
        },
        "2001-04-27": {
            "cash": 0.2,
            "stock": 3.8
        },
        "2002-06-18": {
            "cash": 0.2,
            "stock": 3.3
        },
        "2003-03-21": {
            "cash": 0.3,
            "stock": 2.2
        },
        "2004-04-07": {
            "cash": 0,
            "stock": 3.58
        },
        "2005-05-03": {
            "cash": 0.78,
            "stock": 1
        },
        "2006-03-27": {
            "cash": 0.21,
            "stock": 1.82
        },
        "2007-05-03": {
            "cash": 1.53,
            "stock": 1.02
        },
        "2008-03-26": {
            "cash": 2.1,
            "stock": 0.54
        },
        "2009-03-25": {
            "cash": 1.08,
            "stock": 0
        },
        "2010-04-23": {
            "cash": 0.8,
            "stock": 0
        },
        "2011-01-01": {
            "cash": 0.8,
            "stock": 0
        },
        "2011-04-27": {
            "cash": 1,
            "stock": 0
        },
        "2013-03-28": {
            "cash": 0.5,
            "stock": 0
        },
        "2014-06-18": {
            "cash": 0.8,
            "stock": 0
        },
        "2015-08-03": {
            "cash": 0.3,
            "stock": 0
        },
        "2016-08-15": {
            "cash": 0.3,
            "stock": 0
        },
        "2017-08-09": {
            "cash": 0.3,
            "stock": 0
        },
        "2018-07-31": {
            "cash": 0.5,
            "stock": 0
        },
        "2019-08-16": {
            "cash": 0.1,
            "stock": 0
        },
        "2020-08-31": {
            "cash": 0.4,
            "stock": 0
        },
        "2021-10-12": {
            "cash": 0.5,
            "stock": 0
        },
        "2022-08-15": {
            "cash": 1,
            "stock": 0
        }
    },
    "prices": {
        "200101": "無",
        "200102": "無",
        "200103": "無",
        "200104": "無",
        "200105": "無",
        "200106": "無",
        "200107": "無",
        "200108": "無",
        "200109": "無",
        "200110": "無",
        "200111": "無",
        "200112": "無",
        "200201": "103.56",
        "200202": "88.79",
        "200203": "85.40",
        "200204": "83.98",
        "200205": "71.11",
        "200206": "67.28",
        "200207": "58.09",
        "200208": "61.50",
        "200209": "64.32",
        "200210": "60.50",
        "200211": "55.07",
        "200212": "51.52",
        "200301": "47.55",
        "200302": "46.01",
        "200303": "43.71",
        "200304": "42.29",
        "200305": "44.46",
        "200306": "45.73",
        "200307": "44.39",
        "200308": "48.94",
        "200309": "53.81",
        "200310": "50.95",
        "200311": "50.57",
        "200312": "58.59",
        "200401": "57.97",
        "200402": "57.85",
        "200403": "56.15",
        "200404": "56.95",
        "200405": "51.81",
        "200406": "48.56",
        "200407": "38.45",
        "200408": "31.36",
        "200409": "31.13",
        "200410": "29.10",
        "200411": "27.95",
        "200412": "27.03",
        "200501": "24.81",
        "200502": "25.94",
        "200503": "28.96",
        "200504": "26.94",
        "200505": "24.84",
        "200506": "26.89",
        "200507": "30.24",
        "200508": "28.59",
        "200509": "23.63",
        "200510": "24.66",
        "200511": "23.99",
        "200512": "27.42",
        "200601": "27.10",
        "200602": "27.00",
        "200603": "26.18",
        "200604": "28.18",
        "200605": "29.22",
        "200606": "27.93",
        "200607": "28.42",
        "200608": "28.59",
        "200609": "27.58",
        "200610": "29.07",
        "200611": "37.74",
        "200612": "37.90",
        "200701": "41.52",
        "200702": "44.65",
        "200703": "45.30",
        "200704": "49.02",
        "200705": "47.09",
        "200706": "49.02",
        "200707": "51.26",
        "200708": "46.28",
        "200709": "43.46",
        "200710": "41.88",
        "200711": "41.87",
        "200712": "37.56",
        "200801": "33.19",
        "200802": "34.19",
        "200803": "35.60",
        "200804": "38.18",
        "200805": "35.58",
        "200806": "28.75",
        "200807": "25.45",
        "200808": "25.84",
        "200809": "21.75",
        "200810": "17.10",
        "200811": "13.96",
        "200812": "13.07",
        "200901": "12.65",
        "200902": "13.04",
        "200903": "15.16",
        "200904": "17.15",
        "200905": "17.34",
        "200906": "15.62",
        "200907": "15.74",
        "200908": "15.98",
        "200909": "17.85",
        "200910": "20.70",
        "200911": "20.15",
        "200912": "23.78",
        "201001": "25.26",
        "201002": "21.79",
        "201003": "23.73",
        "201004": "24.25",
        "201005": "21.90",
        "201006": "20.80",
        "201007": "22.23",
        "201008": "22.14",
        "201009": "20.54",
        "201010": "20.12",
        "201011": "20.83",
        "201012": "26.45",
        "201101": "24.89",
        "201102": "23.55",
        "201103": "22.50",
        "201104": "21.24",
        "201105": "20.39",
        "201106": "20.05",
        "201107": "18.38",
        "201108": "16.32",
        "201109": "17.50",
        "201110": "17.95",
        "201111": "16.47",
        "201112": "15.38",
        "201201": "14.65",
        "201202": "15.99",
        "201203": "15.88",
        "201204": "14.53",
        "201205": "13.31",
        "201206": "12.98",
        "201207": "12.44",
        "201208": "12.22",
        "201209": "12.58",
        "201210": "11.81",
        "201211": "11.21",
        "201212": "11.90",
        "201301": "11.63",
        "201302": "11.45",
        "201303": "11.31",
        "201304": "11.22",
        "201305": "11.43",
        "201306": "11.24",
        "201307": "10.88",
        "201308": "10.66",
        "201309": "10.53",
        "201310": "10.58",
        "201311": "10.25",
        "201312": "10.35",
        "201401": "11.53",
        "201402": "11.66",
        "201403": "11.75",
        "201404": "12.58",
        "201405": "12.06",
        "201406": "12.43",
        "201407": "12.64",
        "201408": "12.66",
        "201409": "12.52",
        "201410": "11.51",
        "201411": "11.35",
        "201412": "11.97",
        "201501": "12.72",
        "201502": "13.60",
        "201503": "12.71",
        "201504": "11.82",
        "201505": "11.73",
        "201506": "10.34",
        "201507": "9.44",
        "201508": "8.57",
        "201509": "8.43",
        "201510": "8.77",
        "201511": "8.39",
        "201512": "9.29",
        "201601": "8.57",
        "201602": "8.46",
        "201603": "8.93",
        "201604": "8.79",
        "201605": "8.27",
        "201606": "8.02",
        "201607": "8.97",
        "201608": "9.06",
        "201609": "8.98",
        "201610": "9.67",
        "201611": "10.04",
        "201612": "10.23",
        "201701": "11.51",
        "201702": "12.03",
        "201703": "14.61",
        "201704": "15.61",
        "201705": "17.90",
        "201706": "18.31",
        "201707": "19.12",
        "201708": "19.29",
        "201709": "19.46",
        "201710": "18.28",
        "201711": "17.55",
        "201712": "16.69",
        "201801": "17.99",
        "201802": "18.93",
        "201803": "26.03",
        "201804": "33.16",
        "201805": "29.24",
        "201806": "25.07",
        "201807": "21.88",
        "201808": "18.94",
        "201809": "16.40",
        "201810": "15.66",
        "201811": "16.20",
        "201812": "16.64",
        "201901": "15.08",
        "201902": "18.03",
        "201903": "20.18",
        "201904": "18.53",
        "201905": "18.19",
        "201906": "19.78",
        "201907": "19.66",
        "201908": "21.15",
        "201909": "22.41",
        "201910": "21.73",
        "201911": "20.89",
        "201912": "22.42",
        "202001": "20.81",
        "202002": "18.12",
        "202003": "15.46",
        "202004": "17.15",
        "202005": "18.17",
        "202006": "18.15",
        "202007": "19.28",
        "202008": "21.41",
        "202009": "25.64",
        "202010": "26.16",
        "202011": "28.59",
        "202012": "29.02",
        "202101": "30.24",
        "202102": "30.66",
        "202103": "31.78",
        "202104": "34.53",
        "202105": "27.42",
        "202106": "28.05",
        "202107": "28.16",
        "202108": "25.42",
        "202109": "24.46",
        "202110": "23.25",
        "202111": "25.87",
        "202112": "27.99",
        "202201": "29.47",
        "202202": "27.87",
        "202203": "27.73",
        "202204": "27.08",
        "202205": "23.83",
        "202206": "23.48",
        "202207": "23.01",
        "202208": "23.32",
        "202209": "22.23",
        "202210": "18.86",
        "202211": "19.36",
        "202212": "19.63",
        "202301": "19.08",
        "202302": "19.41",
        "202303": "19.25",
        "202304": "18.75",
        "202305": "17.84",
        "202306": "17.60",
        "202307": "17.50",
        "202308": "17.06",
        "202309": "17.00",
        "202310": "16.85",
        "202311": "16.33",
        "202312": "16.17"
    },
    "quarters": {
        "20011": {
            "year_quarter": 20011,
            "year": 2001,
            "quarter": 1,
            "eps": 1.43,
            "eps_growth_year": 0,
            "eps_4q": 6.09,
            "eps_4q_growth_year": 91.83,
            "roe": 8.35,
            "roe_4q": 8.35,
            "gross_profit": 67587,
            "gross_margin": 35.84,
            "gross_margin_4q_avg": 35.84,
            "net_income": 32645,
            "net_income_4q": null,
            "revenue": 188554,
            "revenue_4q": null,
            "common_shares": 228291,
            "book_valuer_per_share": 17.84,
            "book_valuer_per_share_4q_avg": 17.84,
            "equity": 407358,
            "current_ratio": 130.05,
            "debt_ratio": 42.55,
            "inventory_turnover_ratio": 1.62,
            "account_receivable_turnover_ratio": null,
            "reinvestment_rate": null,
            "research_to_sale_ratio": null,
            "price_fair": 0,
            "eps_avg_yearly": 0,
            "eps_latest_yearly": 0,
            "eps_growth_yearly": 0
        },
        "20012": {
            "year_quarter": 20012,
            "year": 2001,
            "quarter": 2,
            "eps": 1.55,
            "eps_growth_year": 38.39,
            "eps_4q": 6.71,
            "eps_4q_growth_year": 91.65,
            "roe": 8.34,
            "roe_4q": 16.689999999999998,
            "gross_profit": 56057,
            "gross_margin": 33.27,
            "gross_margin_4q_avg": 34.56,
            "net_income": 35359,
            "net_income_4q": null,
            "revenue": 168508,
            "revenue_4q": null,
            "common_shares": 228291,
            "book_valuer_per_share": 19.3,
            "book_valuer_per_share_4q_avg": 18.57,
            "equity": 440577,
            "current_ratio": 153.94,
            "debt_ratio": 35.97,
            "inventory_turnover_ratio": 2.02,
            "account_receivable_turnover_ratio": null,
            "reinvestment_rate": null,
            "research_to_sale_ratio": null,
            "price_fair": 0,
            "eps_avg_yearly": 0,
            "eps_latest_yearly": 0,
            "eps_growth_yearly": 0
        },
        "20013": {
            "year_quarter": 20013,
            "year": 2001,
            "quarter": 3,
            "eps": 0.58,
            "eps_growth_year": -66.47,
            "eps_4q": 4.11,
            "eps_4q_growth_year": -2.45,
            "roe": 4.15,
            "roe_4q": 20.84,
            "gross_profit": 39369,
            "gross_margin": 23.84,
            "gross_margin_4q_avg": 30.98,
            "net_income": 18690,
            "net_income_4q": null,
            "revenue": 165135,
            "revenue_4q": null,
            "common_shares": 228291,
            "book_valuer_per_share": 20.12,
            "book_valuer_per_share_4q_avg": 19.09,
            "equity": 459411,
            "current_ratio": 127.11,
            "debt_ratio": 35.66,
            "inventory_turnover_ratio": 3.17,
            "account_receivable_turnover_ratio": null,
            "reinvestment_rate": null,
            "research_to_sale_ratio": null,
            "price_fair": 0,
            "eps_avg_yearly": 0,
            "eps_latest_yearly": 0,
            "eps_growth_yearly": 0
        },
        "20014": {
            "year_quarter": 20014,
            "year": 2001,
            "quarter": 4,
            "eps": 1.64,
            "eps_growth_year": -18,
            "eps_4q": 4.3,
            "eps_4q_growth_year": -26.73,
            "roe": 10.97,
            "roe_4q": 31.810000000000002,
            "gross_profit": 70958,
            "gross_margin": 27.5,
            "gross_margin_4q_avg": 30.11,
            "net_income": 53391,
            "net_income_4q": null,
            "revenue": 257983,
            "revenue_4q": null,
            "common_shares": 228291,
            "book_valuer_per_share": 22.52,
            "book_valuer_per_share_4q_avg": 19.95,
            "equity": 514153,
            "current_ratio": 89.66,
            "debt_ratio": 51.18,
            "inventory_turnover_ratio": 3.31,
            "account_receivable_turnover_ratio": null,
            "reinvestment_rate": null,
            "research_to_sale_ratio": null,
            "price_fair": 0,
            "eps_avg_yearly": 0,
            "eps_latest_yearly": 0,
            "eps_growth_yearly": 0
        },
        "20021": {
            "year_quarter": 20021,
            "year": 2002,
            "quarter": 1,
            "eps": 1.09,
            "eps_growth_year": -23.78,
            "eps_4q": 4.32,
            "eps_4q_growth_year": -29.1,
            "roe": 5.72,
            "roe_4q": 29.180000000000003,
            "gross_profit": 68709,
            "gross_margin": 26.16,
            "gross_margin_4q_avg": 27.69,
            "net_income": 36245,
            "net_income_4q": null,
            "revenue": 262694,
            "revenue_4q": null,
            "common_shares": 365680,
            "book_valuer_per_share": 20.62,
            "book_valuer_per_share_4q_avg": 20.64,
            "equity": 753956,
            "current_ratio": 136.53,
            "debt_ratio": 35.94,
            "inventory_turnover_ratio": 3.2,
            "account_receivable_turnover_ratio": null,
            "reinvestment_rate": null,
            "research_to_sale_ratio": null,
            "price_fair": 13.08,
            "eps_avg_yearly": 4.36,
            "eps_latest_yearly": 4.36,
            "eps_growth_yearly": -134.15
        },
        "20022": {
            "year_quarter": 20022,
            "year": 2002,
            "quarter": 2,
            "eps": 1.38,
            "eps_growth_year": -10.97,
            "eps_4q": 4.63,
            "eps_4q_growth_year": -30.99,
            "roe": 5.95,
            "roe_4q": 26.79,
            "gross_profit": 74135,
            "gross_margin": 26.79,
            "gross_margin_4q_avg": 26.07,
            "net_income": 46013,
            "net_income_4q": null,
            "revenue": 276692,
            "revenue_4q": null,
            "common_shares": 365680,
            "book_valuer_per_share": 21.68,
            "book_valuer_per_share_4q_avg": 21.24,
            "equity": 792655,
            "current_ratio": 130.63,
            "debt_ratio": 35.29,
            "inventory_turnover_ratio": 4.2,
            "account_receivable_turnover_ratio": null,
            "reinvestment_rate": null,
            "research_to_sale_ratio": null,
            "price_fair": 14.82,
            "eps_avg_yearly": 4.94,
            "eps_latest_yearly": 5.52,
            "eps_growth_yearly": -13.86
        },
        "20023": {
            "year_quarter": 20023,
            "year": 2002,
            "quarter": 3,
            "eps": 1.42,
            "eps_growth_year": 144.83,
            "eps_4q": 5.14,
            "eps_4q_growth_year": 25.27,
            "roe": 6.31,
            "roe_4q": 28.950000000000003,
            "gross_profit": 77712,
            "gross_margin": 25.19,
            "gross_margin_4q_avg": 26.41,
            "net_income": 51728,
            "net_income_4q": null,
            "revenue": 308469,
            "revenue_4q": null,
            "common_shares": 365680,
            "book_valuer_per_share": 23.14,
            "book_valuer_per_share_4q_avg": 21.99,
            "equity": 846120,
            "current_ratio": 129.94,
            "debt_ratio": 35.72,
            "inventory_turnover_ratio": 4.78,
            "account_receivable_turnover_ratio": null,
            "reinvestment_rate": null,
            "research_to_sale_ratio": null,
            "price_fair": 15.56,
            "eps_avg_yearly": 5.19,
            "eps_latest_yearly": 5.68,
            "eps_growth_yearly": -5.38
        },
        "20024": {
            "year_quarter": 20024,
            "year": 2002,
            "quarter": 4,
            "eps": 0.88,
            "eps_growth_year": -46.34,
            "eps_4q": 3.6,
            "eps_4q_growth_year": -16.28,
            "roe": 4.98,
            "roe_4q": 22.959999999999997,
            "gross_profit": 67494,
            "gross_margin": 22.66,
            "gross_margin_4q_avg": 25.2,
            "net_income": 43308,
            "net_income_4q": null,
            "revenue": 297820,
            "revenue_4q": null,
            "common_shares": 496354,
            "book_valuer_per_share": 17.95,
            "book_valuer_per_share_4q_avg": 20.85,
            "equity": 891698,
            "current_ratio": 88.69,
            "debt_ratio": 55.06,
            "inventory_turnover_ratio": 2.91,
            "account_receivable_turnover_ratio": null,
            "reinvestment_rate": 191.98,
            "research_to_sale_ratio": null,
            "price_fair": 14.31,
            "eps_avg_yearly": 4.77,
            "eps_latest_yearly": 3.52,
            "eps_growth_yearly": -42.06
        },
        "20031": {
            "year_quarter": 20031,
            "year": 2003,
            "quarter": 1,
            "eps": 0.9,
            "eps_growth_year": -17.43,
            "eps_4q": 3.73,
            "eps_4q_growth_year": -13.61,
            "roe": 4.9,
            "roe_4q": 22.14,
            "gross_profit": 74208,
            "gross_margin": 25.34,
            "gross_margin_4q_avg": 25,
            "net_income": 44812,
            "net_income_4q": null,
            "revenue": 292837,
            "revenue_4q": null,
            "common_shares": 496354,
            "book_valuer_per_share": 18.86,
            "book_valuer_per_share_4q_avg": 20.41,
            "equity": 935965,
            "current_ratio": 150.59,
            "debt_ratio": 42.44,
            "inventory_turnover_ratio": 2.59,
            "account_receivable_turnover_ratio": null,
            "reinvestment_rate": 49.17,
            "research_to_sale_ratio": null,
            "price_fair": 13.61,
            "eps_avg_yearly": 4.54,
            "eps_latest_yearly": 3.6,
            "eps_growth_yearly": -31.83
        },
        "20032": {
            "year_quarter": 20032,
            "year": 2003,
            "quarter": 2,
            "eps": 1.02,
            "eps_growth_year": -26.09,
            "eps_4q": 3.28,
            "eps_4q_growth_year": -29.23,
            "roe": 6.53,
            "roe_4q": 22.72,
            "gross_profit": 78099,
            "gross_margin": 23.51,
            "gross_margin_4q_avg": 24.18,
            "net_income": 63239,
            "net_income_4q": null,
            "revenue": 332232,
            "revenue_4q": null,
            "common_shares": 617552,
            "book_valuer_per_share": 16.23,
            "book_valuer_per_share_4q_avg": 19.05,
            "equity": 1002016,
            "current_ratio": 103.18,
            "debt_ratio": 43.73,
            "inventory_turnover_ratio": 4.65,
            "account_receivable_turnover_ratio": null,
            "reinvestment_rate": 46.69,
            "research_to_sale_ratio": null,
            "price_fair": 13.38,
            "eps_avg_yearly": 4.46,
            "eps_latest_yearly": 4.08,
            "eps_growth_yearly": -17.64
        },
        "20033": {
            "year_quarter": 20033,
            "year": 2003,
            "quarter": 3,
            "eps": 1.34,
            "eps_growth_year": -5.63,
            "eps_4q": 3.78,
            "eps_4q_growth_year": -26.54,
            "roe": 7.74,
            "roe_4q": 24.150000000000002,
            "gross_profit": 68803,
            "gross_margin": 18.98,
            "gross_margin_4q_avg": 22.62,
            "net_income": 83163,
            "net_income_4q": null,
            "revenue": 362555,
            "revenue_4q": null,
            "common_shares": 641658,
            "book_valuer_per_share": 17.87,
            "book_valuer_per_share_4q_avg": 17.73,
            "equity": 1146755,
            "current_ratio": 95.64,
            "debt_ratio": 39.66,
            "inventory_turnover_ratio": 5.68,
            "account_receivable_turnover_ratio": null,
            "reinvestment_rate": 47.77,
            "research_to_sale_ratio": null,
            "price_fair": 58.78,
            "eps_avg_yearly": 4.59,
            "eps_latest_yearly": 5.36,
            "eps_growth_yearly": 2.81
        },
        "20034": {
            "year_quarter": 20034,
            "year": 2003,
            "quarter": 4,
            "eps": 1.31,
            "eps_growth_year": 48.86,
            "eps_4q": 4.36,
            "eps_4q_growth_year": 21.06,
            "roe": 6.75,
            "roe_4q": 25.92,
            "gross_profit": 86957,
            "gross_margin": 20.4,
            "gross_margin_4q_avg": 22.06,
            "net_income": 82097,
            "net_income_4q": null,
            "revenue": 426177,
            "revenue_4q": null,
            "common_shares": 654001,
            "book_valuer_per_share": 19.65,
            "book_valuer_per_share_4q_avg": 18.15,
            "equity": 1285740,
            "current_ratio": 83.68,
            "debt_ratio": 54.22,
            "inventory_turnover_ratio": 2.5,
            "account_receivable_turnover_ratio": null,
            "reinvestment_rate": 164.96,
            "research_to_sale_ratio": null,
            "price_fair": 52.96,
            "eps_avg_yearly": 4.67,
            "eps_latest_yearly": 5.24,
            "eps_growth_yearly": 1.34
        },
        "20041": {
            "year_quarter": 20041,
            "year": 2004,
            "quarter": 1,
            "eps": 1.2,
            "eps_growth_year": 33.33,
            "eps_4q": 4.67,
            "eps_4q_growth_year": 25.22,
            "roe": 5.99,
            "roe_4q": 27.01,
            "gross_profit": 96746,
            "gross_margin": 23.7,
            "gross_margin_4q_avg": 21.65,
            "net_income": 78926,
            "net_income_4q": null,
            "revenue": 408246,
            "revenue_4q": null,
            "common_shares": 656368,
            "book_valuer_per_share": 20.58,
            "book_valuer_per_share_4q_avg": 18.58,
            "equity": 1350561,
            "current_ratio": 141.9,
            "debt_ratio": 41.08,
            "inventory_turnover_ratio": 2.07,
            "account_receivable_turnover_ratio": null,
            "reinvestment_rate": 42.92,
            "research_to_sale_ratio": null,
            "price_fair": 14.05,
            "eps_avg_yearly": 4.68,
            "eps_latest_yearly": 4.8,
            "eps_growth_yearly": -2.54
        },
        "20042": {
            "year_quarter": 20042,
            "year": 2004,
            "quarter": 2,
            "eps": 0.87,
            "eps_growth_year": -14.71,
            "eps_4q": 3.57,
            "eps_4q_growth_year": 8.85,
            "roe": 5.63,
            "roe_4q": 26.11,
            "gross_profit": 91145,
            "gross_margin": 21.86,
            "gross_margin_4q_avg": 21.24,
            "net_income": 78815,
            "net_income_4q": null,
            "revenue": 416981,
            "revenue_4q": null,
            "common_shares": 656962,
            "book_valuer_per_share": 22.09,
            "book_valuer_per_share_4q_avg": 20.05,
            "equity": 1451426,
            "current_ratio": 141.59,
            "debt_ratio": 40.43,
            "inventory_turnover_ratio": 3.85,
            "account_receivable_turnover_ratio": null,
            "reinvestment_rate": 39.12,
            "research_to_sale_ratio": null,
            "price_fair": 13.69,
            "eps_avg_yearly": 4.56,
            "eps_latest_yearly": 3.48,
            "eps_growth_yearly": -13.29
        },
        "20043": {
            "year_quarter": 20043,
            "year": 2004,
            "quarter": 3,
            "eps": 0.58,
            "eps_growth_year": -56.72,
            "eps_4q": 3.22,
            "eps_4q_growth_year": -14.88,
            "roe": 3.56,
            "roe_4q": 21.93,
            "gross_profit": 93351,
            "gross_margin": 20.77,
            "gross_margin_4q_avg": 21.68,
            "net_income": 52763,
            "net_income_4q": null,
            "revenue": 449535,
            "revenue_4q": null,
            "common_shares": 915617,
            "book_valuer_per_share": 16.54,
            "book_valuer_per_share_4q_avg": 19.72,
            "equity": 1514153,
            "current_ratio": 119.46,
            "debt_ratio": 41.51,
            "inventory_turnover_ratio": 3.82,
            "account_receivable_turnover_ratio": null,
            "reinvestment_rate": 39.51,
            "research_to_sale_ratio": null,
            "price_fair": 13.08,
            "eps_avg_yearly": 4.36,
            "eps_latest_yearly": 2.32,
            "eps_growth_yearly": -24.2
        },
        "20044": {
            "year_quarter": 20044,
            "year": 2004,
            "quarter": 4,
            "eps": 0.45,
            "eps_growth_year": -65.65,
            "eps_4q": 2.78,
            "eps_4q_growth_year": -36.3,
            "roe": 2.72,
            "roe_4q": 17.9,
            "gross_profit": 76412,
            "gross_margin": 16.7,
            "gross_margin_4q_avg": 20.76,
            "net_income": 40688,
            "net_income_4q": null,
            "revenue": 457576,
            "revenue_4q": null,
            "common_shares": 916257,
            "book_valuer_per_share": 16.13,
            "book_valuer_per_share_4q_avg": 18.84,
            "equity": 1478781,
            "current_ratio": 86.67,
            "debt_ratio": 56.06,
            "inventory_turnover_ratio": 2.18,
            "account_receivable_turnover_ratio": null,
            "reinvestment_rate": 199.28,
            "research_to_sale_ratio": null,
            "price_fair": 12.44,
            "eps_avg_yearly": 4.15,
            "eps_latest_yearly": 1.8,
            "eps_growth_yearly": -29.65
        },
        "20051": {
            "year_quarter": 20051,
            "year": 2005,
            "quarter": 1,
            "eps": 0.72,
            "eps_growth_year": -40,
            "eps_4q": 2.62,
            "eps_4q_growth_year": -43.97,
            "roe": 4.38,
            "roe_4q": 16.29,
            "gross_profit": 77853,
            "gross_margin": 17.34,
            "gross_margin_4q_avg": 19.17,
            "net_income": 65317,
            "net_income_4q": null,
            "revenue": 448955,
            "revenue_4q": null,
            "common_shares": 916347,
            "book_valuer_per_share": 16.44,
            "book_valuer_per_share_4q_avg": 17.8,
            "equity": 1506228,
            "current_ratio": 111.91,
            "debt_ratio": 41.13,
            "inventory_turnover_ratio": 2.26,
            "account_receivable_turnover_ratio": null,
            "reinvestment_rate": 30.02,
            "research_to_sale_ratio": null,
            "price_fair": 12.15,
            "eps_avg_yearly": 4.05,
            "eps_latest_yearly": 2.88,
            "eps_growth_yearly": -8.91
        },
        "20052": {
            "year_quarter": 20052,
            "year": 2005,
            "quarter": 2,
            "eps": 0.43,
            "eps_growth_year": -50.57,
            "eps_4q": 1.99,
            "eps_4q_growth_year": -44.28,
            "roe": 2.94,
            "roe_4q": 13.600000000000001,
            "gross_profit": 53515,
            "gross_margin": 12.14,
            "gross_margin_4q_avg": 16.74,
            "net_income": 43856,
            "net_income_4q": null,
            "revenue": 440993,
            "revenue_4q": null,
            "common_shares": 916347,
            "book_valuer_per_share": 16.17,
            "book_valuer_per_share_4q_avg": 16.32,
            "equity": 1481383,
            "current_ratio": 102.75,
            "debt_ratio": 43.31,
            "inventory_turnover_ratio": 5.28,
            "account_receivable_turnover_ratio": null,
            "reinvestment_rate": 25.51,
            "research_to_sale_ratio": null,
            "price_fair": 11.65,
            "eps_avg_yearly": 3.88,
            "eps_latest_yearly": 1.72,
            "eps_growth_yearly": -19.78
        },
        "20053": {
            "year_quarter": 20053,
            "year": 2005,
            "quarter": 3,
            "eps": 0.55,
            "eps_growth_year": -5.17,
            "eps_4q": 2.03,
            "eps_4q_growth_year": -36.8,
            "roe": 3.51,
            "roe_4q": 13.549999999999999,
            "gross_profit": 69138,
            "gross_margin": 14.74,
            "gross_margin_4q_avg": 15.23,
            "net_income": 55587,
            "net_income_4q": null,
            "revenue": 469172,
            "revenue_4q": null,
            "common_shares": 1056144,
            "book_valuer_per_share": 15.92,
            "book_valuer_per_share_4q_avg": 16.17,
            "equity": 1681823,
            "current_ratio": 108.61,
            "debt_ratio": 40.2,
            "inventory_turnover_ratio": 5.97,
            "account_receivable_turnover_ratio": null,
            "reinvestment_rate": 15.28,
            "research_to_sale_ratio": null,
            "price_fair": 11.31,
            "eps_avg_yearly": 3.77,
            "eps_latest_yearly": 2.2,
            "eps_growth_yearly": -11.02
        },
        "20054": {
            "year_quarter": 20054,
            "year": 2005,
            "quarter": 4,
            "eps": 0.9,
            "eps_growth_year": 100,
            "eps_4q": 2.52,
            "eps_4q_growth_year": -9.38,
            "roe": 5.32,
            "roe_4q": 16.15,
            "gross_profit": 95867,
            "gross_margin": 20.07,
            "gross_margin_4q_avg": 16.07,
            "net_income": 91679,
            "net_income_4q": null,
            "revenue": 477589,
            "revenue_4q": null,
            "common_shares": 1056921,
            "book_valuer_per_share": 16.68,
            "book_valuer_per_share_4q_avg": 16.3,
            "equity": 1763201,
            "current_ratio": 93.69,
            "debt_ratio": 56.3,
            "inventory_turnover_ratio": 1.94,
            "account_receivable_turnover_ratio": null,
            "reinvestment_rate": 162.82,
            "research_to_sale_ratio": null,
            "price_fair": 58.56,
            "eps_avg_yearly": 3.76,
            "eps_latest_yearly": 3.6,
            "eps_growth_yearly": 5.58
        },
        "20061": {
            "year_quarter": 20061,
            "year": 2006,
            "quarter": 1,
            "eps": 0.88,
            "eps_growth_year": 22.22,
            "eps_4q": 2.72,
            "eps_4q_growth_year": 3.73,
            "roe": 5.08,
            "roe_4q": 16.85,
            "gross_profit": 102863,
            "gross_margin": 23.19,
            "gross_margin_4q_avg": 17.54,
            "net_income": 91574,
            "net_income_4q": null,
            "revenue": 443637,
            "revenue_4q": null,
            "common_shares": 1057151,
            "book_valuer_per_share": 17.45,
            "book_valuer_per_share_4q_avg": 16.56,
            "equity": 1844403,
            "current_ratio": 100.27,
            "debt_ratio": 39.06,
            "inventory_turnover_ratio": 1.66,
            "account_receivable_turnover_ratio": null,
            "reinvestment_rate": 2.43,
            "research_to_sale_ratio": null,
            "price_fair": 86.77,
            "eps_avg_yearly": 3.71,
            "eps_latest_yearly": 3.52,
            "eps_growth_yearly": 13.4
        },
        "20062": {
            "year_quarter": 20062,
            "year": 2006,
            "quarter": 2,
            "eps": 0.81,
            "eps_growth_year": 88.37,
            "eps_4q": 2.73,
            "eps_4q_growth_year": 37.31,
            "roe": 5.36,
            "roe_4q": 19.270000000000003,
            "gross_profit": 101774,
            "gross_margin": 26.52,
            "gross_margin_4q_avg": 21.13,
            "net_income": 100868,
            "net_income_4q": null,
            "revenue": 383737,
            "revenue_4q": null,
            "common_shares": 1057241,
            "book_valuer_per_share": 18.18,
            "book_valuer_per_share_4q_avg": 17.06,
            "equity": 1921838,
            "current_ratio": 91.05,
            "debt_ratio": 37.48,
            "inventory_turnover_ratio": 3.42,
            "account_receivable_turnover_ratio": null,
            "reinvestment_rate": 1.13,
            "research_to_sale_ratio": null,
            "price_fair": 52.63,
            "eps_avg_yearly": 3.57,
            "eps_latest_yearly": 3.24,
            "eps_growth_yearly": 4.76
        },
        "20063": {
            "year_quarter": 20063,
            "year": 2006,
            "quarter": 3,
            "eps": 0.97,
            "eps_growth_year": 76.36,
            "eps_4q": 3.24,
            "eps_4q_growth_year": 59.61,
            "roe": 6.01,
            "roe_4q": 21.770000000000003,
            "gross_profit": 102496,
            "gross_margin": 26.71,
            "gross_margin_4q_avg": 24.12,
            "net_income": 121163,
            "net_income_4q": null,
            "revenue": 383726,
            "revenue_4q": null,
            "common_shares": 1271884,
            "book_valuer_per_share": 16.59,
            "book_valuer_per_share_4q_avg": 17.23,
            "equity": 2110584,
            "current_ratio": 92.73,
            "debt_ratio": 35.55,
            "inventory_turnover_ratio": 3.22,
            "account_receivable_turnover_ratio": null,
            "reinvestment_rate": 1.02,
            "research_to_sale_ratio": null,
            "price_fair": 65.52,
            "eps_avg_yearly": 3.45,
            "eps_latest_yearly": 3.88,
            "eps_growth_yearly": 8.98
        },
        "20064": {
            "year_quarter": 20064,
            "year": 2006,
            "quarter": 4,
            "eps": 1.49,
            "eps_growth_year": 65.56,
            "eps_4q": 3.99,
            "eps_4q_growth_year": 58.42,
            "roe": 8.32,
            "roe_4q": 24.770000000000003,
            "gross_profit": 85863,
            "gross_margin": 23.94,
            "gross_margin_4q_avg": 25.09,
            "net_income": 187056,
            "net_income_4q": null,
            "revenue": 358632,
            "revenue_4q": null,
            "common_shares": 1319053,
            "book_valuer_per_share": 18.08,
            "book_valuer_per_share_4q_avg": 17.58,
            "equity": 2385258,
            "current_ratio": 106.91,
            "debt_ratio": 45.8,
            "inventory_turnover_ratio": 1.33,
            "account_receivable_turnover_ratio": null,
            "reinvestment_rate": 92.3,
            "research_to_sale_ratio": null,
            "price_fair": 126.18,
            "eps_avg_yearly": 3.61,
            "eps_latest_yearly": 5.96,
            "eps_growth_yearly": 31.89
        },
        "20071": {
            "year_quarter": 20071,
            "year": 2007,
            "quarter": 1,
            "eps": 1.02,
            "eps_growth_year": 15.91,
            "eps_4q": 4.11,
            "eps_4q_growth_year": 51.36,
            "roe": 5.44,
            "roe_4q": 25.130000000000003,
            "gross_profit": 65453,
            "gross_margin": 26.42,
            "gross_margin_4q_avg": 25.9,
            "net_income": 134957,
            "net_income_4q": null,
            "revenue": 247717,
            "revenue_4q": null,
            "common_shares": 1321546,
            "book_valuer_per_share": 19.47,
            "book_valuer_per_share_4q_avg": 18.08,
            "equity": 2573688,
            "current_ratio": 140.71,
            "debt_ratio": 23.48,
            "inventory_turnover_ratio": 0.95,
            "account_receivable_turnover_ratio": null,
            "reinvestment_rate": -0.53,
            "research_to_sale_ratio": null,
            "price_fair": 121.53,
            "eps_avg_yearly": 3.64,
            "eps_latest_yearly": 4.08,
            "eps_growth_yearly": 23.43
        },
        "20072": {
            "year_quarter": 20072,
            "year": 2007,
            "quarter": 2,
            "eps": 0.99,
            "eps_growth_year": 22.22,
            "eps_4q": 4.35,
            "eps_4q_growth_year": 59.51,
            "roe": 5.14,
            "roe_4q": 24.909999999999997,
            "gross_profit": 83084,
            "gross_margin": 29.05,
            "gross_margin_4q_avg": 26.53,
            "net_income": 130525,
            "net_income_4q": null,
            "revenue": 286035,
            "revenue_4q": null,
            "common_shares": 1322496,
            "book_valuer_per_share": 18.92,
            "book_valuer_per_share_4q_avg": 18.27,
            "equity": 2501652,
            "current_ratio": 96.71,
            "debt_ratio": 27.95,
            "inventory_turnover_ratio": 2.68,
            "account_receivable_turnover_ratio": null,
            "reinvestment_rate": -3.66,
            "research_to_sale_ratio": null,
            "price_fair": 106.52,
            "eps_avg_yearly": 3.63,
            "eps_latest_yearly": 3.96,
            "eps_growth_yearly": 19.36
        },
        "20073": {
            "year_quarter": 20073,
            "year": 2007,
            "quarter": 3,
            "eps": 1.58,
            "eps_growth_year": 62.89,
            "eps_4q": 4.68,
            "eps_4q_growth_year": 44.34,
            "roe": 8.78,
            "roe_4q": 27.68,
            "gross_profit": 89042,
            "gross_margin": 28.18,
            "gross_margin_4q_avg": 26.9,
            "net_income": 230407,
            "net_income_4q": null,
            "revenue": 316005,
            "revenue_4q": null,
            "common_shares": 1476116,
            "book_valuer_per_share": 18.62,
            "book_valuer_per_share_4q_avg": 18.77,
            "equity": 2747997,
            "current_ratio": 138.15,
            "debt_ratio": 26.12,
            "inventory_turnover_ratio": 2.36,
            "account_receivable_turnover_ratio": null,
            "reinvestment_rate": -5.54,
            "research_to_sale_ratio": null,
            "price_fair": 129.06,
            "eps_avg_yearly": 3.69,
            "eps_latest_yearly": 6.32,
            "eps_growth_yearly": 26.42
        },
        "20074": {
            "year_quarter": 20074,
            "year": 2007,
            "quarter": 4,
            "eps": 0.89,
            "eps_growth_year": -40.27,
            "eps_4q": 4.31,
            "eps_4q_growth_year": 8.2,
            "roe": 4.44,
            "roe_4q": 23.8,
            "gross_profit": 97997,
            "gross_margin": 28.99,
            "gross_margin_4q_avg": 28.16,
            "net_income": 128862,
            "net_income_4q": null,
            "revenue": 338062,
            "revenue_4q": null,
            "common_shares": 1475086,
            "book_valuer_per_share": 19.77,
            "book_valuer_per_share_4q_avg": 19.2,
            "equity": 3050715,
            "current_ratio": 91.56,
            "debt_ratio": 51,
            "inventory_turnover_ratio": 0.97,
            "account_receivable_turnover_ratio": null,
            "reinvestment_rate": 124.96,
            "research_to_sale_ratio": null,
            "price_fair": 93.37,
            "eps_avg_yearly": 3.58,
            "eps_latest_yearly": 3.56,
            "eps_growth_yearly": 16.06
        },
        "20081": {
            "year_quarter": 20081,
            "year": 2008,
            "quarter": 1,
            "eps": 0.27,
            "eps_growth_year": -73.53,
            "eps_4q": 3.7,
            "eps_4q_growth_year": -9.94,
            "roe": 1.3,
            "roe_4q": 19.66,
            "gross_profit": 138409,
            "gross_margin": 15.92,
            "gross_margin_4q_avg": 25.54,
            "net_income": 38554,
            "net_income_4q": null,
            "revenue": 869372,
            "revenue_4q": null,
            "common_shares": 1472556,
            "book_valuer_per_share": 18.52,
            "book_valuer_per_share_4q_avg": 18.96,
            "equity": 2858297,
            "current_ratio": 96.9,
            "debt_ratio": 52.98,
            "inventory_turnover_ratio": 1.85,
            "account_receivable_turnover_ratio": null,
            "reinvestment_rate": 174.93,
            "research_to_sale_ratio": null,
            "price_fair": 33.5,
            "eps_avg_yearly": 3.35,
            "eps_latest_yearly": 1.08,
            "eps_growth_yearly": 0.75
        },
        "20082": {
            "year_quarter": 20082,
            "year": 2008,
            "quarter": 2,
            "eps": 0.8,
            "eps_growth_year": -19.19,
            "eps_4q": 3.35,
            "eps_4q_growth_year": -23.11,
            "roe": 4.44,
            "roe_4q": 18.96,
            "gross_profit": 273459,
            "gross_margin": 22.97,
            "gross_margin_4q_avg": 24.02,
            "net_income": 122333,
            "net_income_4q": null,
            "revenue": 1190525,
            "revenue_4q": null,
            "common_shares": 1469940,
            "book_valuer_per_share": 17.07,
            "book_valuer_per_share_4q_avg": 18.5,
            "equity": 2652876,
            "current_ratio": 111.5,
            "debt_ratio": 57.48,
            "inventory_turnover_ratio": 2.37,
            "account_receivable_turnover_ratio": null,
            "reinvestment_rate": 156.72,
            "research_to_sale_ratio": null,
            "price_fair": 116.64,
            "eps_avg_yearly": 3.33,
            "eps_latest_yearly": 3.2,
            "eps_growth_yearly": 56.69
        },
        "20083": {
            "year_quarter": 20083,
            "year": 2008,
            "quarter": 3,
            "eps": 0.9,
            "eps_growth_year": -43.04,
            "eps_4q": 2.73,
            "eps_4q_growth_year": -41.8,
            "roe": 5,
            "roe_4q": 15.180000000000003,
            "gross_profit": 146747,
            "gross_margin": 14.94,
            "gross_margin_4q_avg": 20.71,
            "net_income": 136788,
            "net_income_4q": null,
            "revenue": 982208,
            "revenue_4q": null,
            "common_shares": 1555615,
            "book_valuer_per_share": 17.14,
            "book_valuer_per_share_4q_avg": 18.13,
            "equity": 2822860,
            "current_ratio": 132.69,
            "debt_ratio": 58.59,
            "inventory_turnover_ratio": 2.32,
            "account_receivable_turnover_ratio": null,
            "reinvestment_rate": 171.61,
            "research_to_sale_ratio": null,
            "price_fair": 119.44,
            "eps_avg_yearly": 3.41,
            "eps_latest_yearly": 3.6,
            "eps_growth_yearly": 68.15
        },
        "20084": {
            "year_quarter": 20084,
            "year": 2008,
            "quarter": 4,
            "eps": -0.14,
            "eps_growth_year": -115.73,
            "eps_4q": 1.77,
            "eps_4q_growth_year": -58.99,
            "roe": -0.95,
            "roe_4q": 9.790000000000001,
            "gross_profit": 99677,
            "gross_margin": 14.17,
            "gross_margin_4q_avg": 17,
            "net_income": -26506,
            "net_income_4q": null,
            "revenue": 703539,
            "revenue_4q": null,
            "common_shares": 1475615,
            "book_valuer_per_share": 17.84,
            "book_valuer_per_share_4q_avg": 17.64,
            "equity": 2784747,
            "current_ratio": 138.14,
            "debt_ratio": 54.87,
            "inventory_turnover_ratio": 2.08,
            "account_receivable_turnover_ratio": null,
            "reinvestment_rate": 97.39,
            "research_to_sale_ratio": null,
            "price_fair": 123.2,
            "eps_avg_yearly": 3.52,
            "eps_latest_yearly": 3.6,
            "eps_growth_yearly": 78.67
        },
        "20091": {
            "year_quarter": 20091,
            "year": 2009,
            "quarter": 1,
            "eps": 0.13,
            "eps_growth_year": -51.85,
            "eps_4q": 1.95,
            "eps_4q_growth_year": -47.43,
            "roe": 0.57,
            "roe_4q": 9.06,
            "gross_profit": 66183,
            "gross_margin": 10.47,
            "gross_margin_4q_avg": 15.64,
            "net_income": 16284,
            "net_income_4q": null,
            "revenue": 632403,
            "revenue_4q": null,
            "common_shares": 1432615,
            "book_valuer_per_share": 19.04,
            "book_valuer_per_share_4q_avg": 17.77,
            "equity": 2882923,
            "current_ratio": 133.26,
            "debt_ratio": 53.47,
            "inventory_turnover_ratio": 2.53,
            "account_receivable_turnover_ratio": 1.34,
            "reinvestment_rate": 192.77,
            "research_to_sale_ratio": null,
            "price_fair": 124.8,
            "eps_avg_yearly": 3.57,
            "eps_latest_yearly": 3.6,
            "eps_growth_yearly": 67.15
        },
        "20092": {
            "year_quarter": 20092,
            "year": 2009,
            "quarter": 2,
            "eps": -0.01,
            "eps_growth_year": -101.25,
            "eps_4q": 0.9,
            "eps_4q_growth_year": -73,
            "roe": -0.13,
            "roe_4q": 4.49,
            "gross_profit": 75854,
            "gross_margin": 10.84,
            "gross_margin_4q_avg": 12.61,
            "net_income": -3717,
            "net_income_4q": null,
            "revenue": 699854,
            "revenue_4q": null,
            "common_shares": 1432615,
            "book_valuer_per_share": 17.44,
            "book_valuer_per_share_4q_avg": 17.87,
            "equity": 2646466,
            "current_ratio": 117.59,
            "debt_ratio": 53.88,
            "inventory_turnover_ratio": 2.99,
            "account_receivable_turnover_ratio": 0.72,
            "reinvestment_rate": 189.59,
            "research_to_sale_ratio": null,
            "price_fair": 129.77,
            "eps_avg_yearly": 3.71,
            "eps_latest_yearly": 3.6,
            "eps_growth_yearly": 84.71
        },
        "20093": {
            "year_quarter": 20093,
            "year": 2009,
            "quarter": 3,
            "eps": 0.36,
            "eps_growth_year": -60,
            "eps_4q": 0.36,
            "eps_4q_growth_year": -86.82,
            "roe": 1.75,
            "roe_4q": 1.24,
            "gross_profit": 144662,
            "gross_margin": 16.48,
            "gross_margin_4q_avg": 12.99,
            "net_income": 46400,
            "net_income_4q": null,
            "revenue": 877658,
            "revenue_4q": null,
            "common_shares": 1433545,
            "book_valuer_per_share": 17.46,
            "book_valuer_per_share_4q_avg": 17.95,
            "equity": 2646295,
            "current_ratio": 121.9,
            "debt_ratio": 54.11,
            "inventory_turnover_ratio": 3.29,
            "account_receivable_turnover_ratio": 0.82,
            "reinvestment_rate": 183.26,
            "research_to_sale_ratio": null,
            "price_fair": 134.17,
            "eps_avg_yearly": 3.83,
            "eps_latest_yearly": 3.6,
            "eps_growth_yearly": 82.46
        },
        "20094": {
            "year_quarter": 20094,
            "year": 2009,
            "quarter": 4,
            "eps": 0.47,
            "eps_growth_year": null,
            "eps_4q": 0.83,
            "eps_4q_growth_year": -53.03,
            "roe": 2.81,
            "roe_4q": 5.000000000000001,
            "gross_profit": 140570,
            "gross_margin": 16.53,
            "gross_margin_4q_avg": 13.58,
            "net_income": 74883,
            "net_income_4q": null,
            "revenue": 850548,
            "revenue_4q": null,
            "common_shares": 1435685,
            "book_valuer_per_share": 17.83,
            "book_valuer_per_share_4q_avg": 17.94,
            "equity": 2674918,
            "current_ratio": 130.24,
            "debt_ratio": 54.08,
            "inventory_turnover_ratio": 2.97,
            "account_receivable_turnover_ratio": 0.73,
            "reinvestment_rate": 77.77,
            "research_to_sale_ratio": null,
            "price_fair": 129.15,
            "eps_avg_yearly": 3.69,
            "eps_latest_yearly": 1.88,
            "eps_growth_yearly": 71.44
        },
        "20101": {
            "year_quarter": 20101,
            "year": 2010,
            "quarter": 1,
            "eps": 0.27,
            "eps_growth_year": 107.69,
            "eps_4q": 1.1,
            "eps_4q_growth_year": -43.63,
            "roe": 1.45,
            "roe_4q": 5.88,
            "gross_profit": 114378,
            "gross_margin": 13.78,
            "gross_margin_4q_avg": 14.41,
            "net_income": 38903,
            "net_income_4q": null,
            "revenue": 830327,
            "revenue_4q": null,
            "common_shares": 1435685,
            "book_valuer_per_share": 18.56,
            "book_valuer_per_share_4q_avg": 17.82,
            "equity": 2699356,
            "current_ratio": 139.49,
            "debt_ratio": 54.1,
            "inventory_turnover_ratio": 2.54,
            "account_receivable_turnover_ratio": 1.39,
            "reinvestment_rate": 346.64,
            "research_to_sale_ratio": 1.7,
            "price_fair": 122.03,
            "eps_avg_yearly": 3.49,
            "eps_latest_yearly": 1.08,
            "eps_growth_yearly": 57.99
        },
        "20102": {
            "year_quarter": 20102,
            "year": 2010,
            "quarter": 2,
            "eps": 0.54,
            "eps_growth_year": null,
            "eps_4q": 1.64,
            "eps_4q_growth_year": 81.68,
            "roe": 2.84,
            "roe_4q": 8.85,
            "gross_profit": 155208,
            "gross_margin": 15.23,
            "gross_margin_4q_avg": 15.51,
            "net_income": 76718,
            "net_income_4q": null,
            "revenue": 1019018,
            "revenue_4q": null,
            "common_shares": 1435685,
            "book_valuer_per_share": 18.57,
            "book_valuer_per_share_4q_avg": 18.11,
            "equity": 2705468,
            "current_ratio": 90.07,
            "debt_ratio": 56.46,
            "inventory_turnover_ratio": 2.33,
            "account_receivable_turnover_ratio": 0.79,
            "reinvestment_rate": 360.96,
            "research_to_sale_ratio": 0.13,
            "price_fair": 118.88,
            "eps_avg_yearly": 3.4,
            "eps_latest_yearly": 2.16,
            "eps_growth_yearly": 93.98
        },
        "20103": {
            "year_quarter": 20103,
            "year": 2010,
            "quarter": 3,
            "eps": 0.26,
            "eps_growth_year": -26.88,
            "eps_4q": 1.55,
            "eps_4q_growth_year": 330.34,
            "roe": 1.41,
            "roe_4q": 8.51,
            "gross_profit": 121114,
            "gross_margin": 13.38,
            "gross_margin_4q_avg": 14.73,
            "net_income": 38011,
            "net_income_4q": null,
            "revenue": 905275,
            "revenue_4q": null,
            "common_shares": 1435685,
            "book_valuer_per_share": 18.54,
            "book_valuer_per_share_4q_avg": 18.38,
            "equity": 2699617,
            "current_ratio": 112.8,
            "debt_ratio": 54.11,
            "inventory_turnover_ratio": 1.96,
            "account_receivable_turnover_ratio": 0.69,
            "reinvestment_rate": 373,
            "research_to_sale_ratio": 1.51,
            "price_fair": 110.6,
            "eps_avg_yearly": 3.16,
            "eps_latest_yearly": 1.04,
            "eps_growth_yearly": 70.11
        },
        "20104": {
            "year_quarter": 20104,
            "year": 2010,
            "quarter": 4,
            "eps": 0.53,
            "eps_growth_year": 13.29,
            "eps_4q": 1.61,
            "eps_4q_growth_year": 93.12,
            "roe": 2.96,
            "roe_4q": 8.66,
            "gross_profit": 180570,
            "gross_margin": 18.45,
            "gross_margin_4q_avg": 15.21,
            "net_income": 79043,
            "net_income_4q": null,
            "revenue": 978546,
            "revenue_4q": null,
            "common_shares": 1435685,
            "book_valuer_per_share": 18.07,
            "book_valuer_per_share_4q_avg": 18.44,
            "equity": 2633087,
            "current_ratio": 118.51,
            "debt_ratio": 53.94,
            "inventory_turnover_ratio": 2.16,
            "account_receivable_turnover_ratio": 0.8,
            "reinvestment_rate": 250.15,
            "research_to_sale_ratio": 1.94,
            "price_fair": 99.4,
            "eps_avg_yearly": 2.84,
            "eps_latest_yearly": 2.12,
            "eps_growth_yearly": 86.86
        },
        "20111": {
            "year_quarter": 20111,
            "year": 2011,
            "quarter": 1,
            "eps": 0.26,
            "eps_growth_year": -3.7,
            "eps_4q": 1.59,
            "eps_4q_growth_year": 45.31,
            "roe": 1.36,
            "roe_4q": 8.57,
            "gross_profit": 114345,
            "gross_margin": 13.74,
            "gross_margin_4q_avg": 15.2,
            "net_income": 36233,
            "net_income_4q": null,
            "revenue": 832174,
            "revenue_4q": null,
            "common_shares": 1435685,
            "book_valuer_per_share": 18.55,
            "book_valuer_per_share_4q_avg": 18.43,
            "equity": 2701930,
            "current_ratio": 115.74,
            "debt_ratio": 54.52,
            "inventory_turnover_ratio": 1.89,
            "account_receivable_turnover_ratio": 0.69,
            "reinvestment_rate": 440.21,
            "research_to_sale_ratio": 1.21,
            "price_fair": 90.53,
            "eps_avg_yearly": 2.59,
            "eps_latest_yearly": 1.04,
            "eps_growth_yearly": 80.39
        },
        "20112": {
            "year_quarter": 20112,
            "year": 2011,
            "quarter": 2,
            "eps": 0.17,
            "eps_growth_year": -68.8,
            "eps_4q": 1.23,
            "eps_4q_growth_year": -25.32,
            "roe": 0.81,
            "roe_4q": 6.54,
            "gross_profit": 97863,
            "gross_margin": 10.31,
            "gross_margin_4q_avg": 13.97,
            "net_income": 21176,
            "net_income_4q": null,
            "revenue": 949102,
            "revenue_4q": null,
            "common_shares": 1391945,
            "book_valuer_per_share": 17.53,
            "book_valuer_per_share_4q_avg": 18.17,
            "equity": 2555668,
            "current_ratio": 110.13,
            "debt_ratio": 56.59,
            "inventory_turnover_ratio": 2.25,
            "account_receivable_turnover_ratio": 0.79,
            "reinvestment_rate": 480.58,
            "research_to_sale_ratio": 1.43,
            "price_fair": 80.97,
            "eps_avg_yearly": 2.31,
            "eps_latest_yearly": 0.68,
            "eps_growth_yearly": 69.83
        },
        "20113": {
            "year_quarter": 20113,
            "year": 2011,
            "quarter": 3,
            "eps": 0.41,
            "eps_growth_year": 55.2,
            "eps_4q": 1.38,
            "eps_4q_growth_year": -11.02,
            "roe": 2.21,
            "roe_4q": 7.34,
            "gross_profit": 134186,
            "gross_margin": 13.33,
            "gross_margin_4q_avg": 13.96,
            "net_income": 59106,
            "net_income_4q": null,
            "revenue": 1006545,
            "revenue_4q": null,
            "common_shares": 1391945,
            "book_valuer_per_share": 19.22,
            "book_valuer_per_share_4q_avg": 18.34,
            "equity": 2790118,
            "current_ratio": 95.31,
            "debt_ratio": 55.77,
            "inventory_turnover_ratio": 2.42,
            "account_receivable_turnover_ratio": 0.81,
            "reinvestment_rate": 625.37,
            "research_to_sale_ratio": 0.77,
            "price_fair": 67.32,
            "eps_avg_yearly": 1.92,
            "eps_latest_yearly": 1.64,
            "eps_growth_yearly": 97.03
        },
        "20114": {
            "year_quarter": 20114,
            "year": 2011,
            "quarter": 4,
            "eps": 0.26,
            "eps_growth_year": -50.58,
            "eps_4q": 1.12,
            "eps_4q_growth_year": -30.52,
            "roe": 1.35,
            "roe_4q": 5.73,
            "gross_profit": 122224,
            "gross_margin": 12.33,
            "gross_margin_4q_avg": 12.43,
            "net_income": 37754,
            "net_income_4q": null,
            "revenue": 991642,
            "revenue_4q": null,
            "common_shares": 1381815,
            "book_valuer_per_share": 19.55,
            "book_valuer_per_share_4q_avg": 18.71,
            "equity": 2802369,
            "current_ratio": 114.08,
            "debt_ratio": 54.36,
            "inventory_turnover_ratio": 2.57,
            "account_receivable_turnover_ratio": 0.8,
            "reinvestment_rate": 318,
            "research_to_sale_ratio": 1.86,
            "price_fair": 59.97,
            "eps_avg_yearly": 1.71,
            "eps_latest_yearly": 1.04,
            "eps_growth_yearly": 99.39
        },
        "20121": {
            "year_quarter": 20121,
            "year": 2012,
            "quarter": 1,
            "eps": 0.13,
            "eps_growth_year": -50,
            "eps_4q": 0.98,
            "eps_4q_growth_year": -38.5,
            "roe": 0.66,
            "roe_4q": 5.030000000000001,
            "gross_profit": 133950,
            "gross_margin": 15.25,
            "gross_margin_4q_avg": 12.81,
            "net_income": 18462,
            "net_income_4q": null,
            "revenue": 878253,
            "revenue_4q": null,
            "common_shares": 1381815,
            "book_valuer_per_share": 9.6,
            "book_valuer_per_share_4q_avg": 16.48,
            "equity": 2751511,
            "current_ratio": 101.77,
            "debt_ratio": 54.09,
            "inventory_turnover_ratio": 2.33,
            "account_receivable_turnover_ratio": 0.75,
            "reinvestment_rate": 310.55,
            "research_to_sale_ratio": 1.46,
            "price_fair": 58.33,
            "eps_avg_yearly": 1.67,
            "eps_latest_yearly": 0.52,
            "eps_growth_yearly": 105.94
        },
        "20122": {
            "year_quarter": 20122,
            "year": 2012,
            "quarter": 2,
            "eps": 0.04,
            "eps_growth_year": -77.84,
            "eps_4q": 0.85,
            "eps_4q_growth_year": -30.27,
            "roe": 0.12,
            "roe_4q": 4.34,
            "gross_profit": 81213,
            "gross_margin": 9.79,
            "gross_margin_4q_avg": 12.68,
            "net_income": 3377,
            "net_income_4q": null,
            "revenue": 829658,
            "revenue_4q": null,
            "common_shares": 1366815,
            "book_valuer_per_share": 18.7,
            "book_valuer_per_share_4q_avg": 16.77,
            "equity": 2659502,
            "current_ratio": 93.56,
            "debt_ratio": 53.86,
            "inventory_turnover_ratio": 2.24,
            "account_receivable_turnover_ratio": 0.75,
            "reinvestment_rate": 391.26,
            "research_to_sale_ratio": 1.69,
            "price_fair": 38.77,
            "eps_avg_yearly": 1.41,
            "eps_latest_yearly": 0.16,
            "eps_growth_yearly": 17.43
        },
        "20123": {
            "year_quarter": 20123,
            "year": 2012,
            "quarter": 3,
            "eps": 0.14,
            "eps_growth_year": -65.3,
            "eps_4q": 0.58,
            "eps_4q_growth_year": -57.94,
            "roe": 0.73,
            "roe_4q": 2.8600000000000003,
            "gross_profit": 118149,
            "gross_margin": 12.27,
            "gross_margin_4q_avg": 12.41,
            "net_income": 19248,
            "net_income_4q": null,
            "revenue": 962941,
            "revenue_4q": null,
            "common_shares": 1366815,
            "book_valuer_per_share": 18.4,
            "book_valuer_per_share_4q_avg": 16.56,
            "equity": 2615943,
            "current_ratio": 96.63,
            "debt_ratio": 52.78,
            "inventory_turnover_ratio": 2.64,
            "account_receivable_turnover_ratio": 0.9,
            "reinvestment_rate": 367.47,
            "research_to_sale_ratio": 1.55,
            "price_fair": 40.6,
            "eps_avg_yearly": 1.16,
            "eps_latest_yearly": 0.56,
            "eps_growth_yearly": 96.6
        },
        "20124": {
            "year_quarter": 20124,
            "year": 2012,
            "quarter": 4,
            "eps": -0.11,
            "eps_growth_year": -142.35,
            "eps_4q": 0.2,
            "eps_4q_growth_year": -81.68,
            "roe": -0.66,
            "roe_4q": 0.85,
            "gross_profit": 55538,
            "gross_margin": 7.41,
            "gross_margin_4q_avg": 11.18,
            "net_income": -17114,
            "net_income_4q": null,
            "revenue": 749568,
            "revenue_4q": null,
            "common_shares": 1354495,
            "book_valuer_per_share": 18.44,
            "book_valuer_per_share_4q_avg": 16.29,
            "equity": 2599675,
            "current_ratio": 108.02,
            "debt_ratio": 51.48,
            "inventory_turnover_ratio": 2.32,
            "account_receivable_turnover_ratio": 0.75,
            "reinvestment_rate": 318.42,
            "research_to_sale_ratio": 2.21,
            "price_fair": 40.6,
            "eps_avg_yearly": 1.16,
            "eps_latest_yearly": 0.56,
            "eps_growth_yearly": 96.6
        },
        "20131": {
            "year_quarter": 20131,
            "year": 2013,
            "quarter": 1,
            "eps": -0.27,
            "eps_growth_year": -307.69,
            "eps_4q": -0.2,
            "eps_4q_growth_year": -120.14,
            "roe": -1.57,
            "roe_4q": -1.38,
            "gross_profit": 32634,
            "gross_margin": 5.03,
            "gross_margin_4q_avg": 8.63,
            "net_income": -40965,
            "net_income_4q": null,
            "revenue": 649252,
            "revenue_4q": null,
            "common_shares": 1354495,
            "book_valuer_per_share": 18.59,
            "book_valuer_per_share_4q_avg": 18.53,
            "equity": 2618119,
            "current_ratio": 105.65,
            "debt_ratio": 51.07,
            "inventory_turnover_ratio": 1.88,
            "account_receivable_turnover_ratio": 0.75,
            "reinvestment_rate": -140.9,
            "research_to_sale_ratio": 2.2,
            "price_fair": 40.6,
            "eps_avg_yearly": 1.16,
            "eps_latest_yearly": 0.56,
            "eps_growth_yearly": 96.6
        },
        "20132": {
            "year_quarter": 20132,
            "year": 2013,
            "quarter": 2,
            "eps": -0.12,
            "eps_growth_year": -423.78,
            "eps_4q": -0.36,
            "eps_4q_growth_year": -141.82,
            "roe": -0.77,
            "roe_4q": -2.27,
            "gross_profit": 45084,
            "gross_margin": 5.44,
            "gross_margin_4q_avg": 7.54,
            "net_income": -19913,
            "net_income_4q": null,
            "revenue": 828232,
            "revenue_4q": null,
            "common_shares": 1342905,
            "book_valuer_per_share": 18.28,
            "book_valuer_per_share_4q_avg": 18.43,
            "equity": 2557448,
            "current_ratio": 94.69,
            "debt_ratio": 52.73,
            "inventory_turnover_ratio": 2.25,
            "account_receivable_turnover_ratio": 0.93,
            "reinvestment_rate": -115.16,
            "research_to_sale_ratio": 2.07,
            "price_fair": 40.6,
            "eps_avg_yearly": 1.16,
            "eps_latest_yearly": 0.56,
            "eps_growth_yearly": 96.6
        },
        "20133": {
            "year_quarter": 20133,
            "year": 2013,
            "quarter": 3,
            "eps": -0.24,
            "eps_growth_year": -269.29,
            "eps_4q": -0.74,
            "eps_4q_growth_year": -227.24,
            "roe": -1.28,
            "roe_4q": -4.28,
            "gross_profit": 58162,
            "gross_margin": 7.34,
            "gross_margin_4q_avg": 6.31,
            "net_income": -31749,
            "net_income_4q": null,
            "revenue": 792532,
            "revenue_4q": null,
            "common_shares": 1342905,
            "book_valuer_per_share": 17.82,
            "book_valuer_per_share_4q_avg": 18.28,
            "equity": 2394708,
            "current_ratio": 87.56,
            "debt_ratio": 54.03,
            "inventory_turnover_ratio": 2.22,
            "account_receivable_turnover_ratio": 0.81,
            "reinvestment_rate": -129.58,
            "research_to_sale_ratio": 1.95,
            "price_fair": 40.6,
            "eps_avg_yearly": 1.16,
            "eps_latest_yearly": 0.56,
            "eps_growth_yearly": 96.6
        },
        "20134": {
            "year_quarter": 20134,
            "year": 2013,
            "quarter": 4,
            "eps": 0.13,
            "eps_growth_year": null,
            "eps_4q": -0.5,
            "eps_4q_growth_year": -345.67,
            "roe": 0.7,
            "roe_4q": -2.92,
            "gross_profit": 98357,
            "gross_margin": 11.59,
            "gross_margin_4q_avg": 7.35,
            "net_income": 16824,
            "net_income_4q": null,
            "revenue": 848940,
            "revenue_4q": null,
            "common_shares": 1342905,
            "book_valuer_per_share": 18.29,
            "book_valuer_per_share_4q_avg": 18.25,
            "equity": 2442586,
            "current_ratio": 94.06,
            "debt_ratio": 54.31,
            "inventory_turnover_ratio": 2.5,
            "account_receivable_turnover_ratio": 0.81,
            "reinvestment_rate": -145.01,
            "research_to_sale_ratio": 3.7,
            "price_fair": 38.31,
            "eps_avg_yearly": 1.09,
            "eps_latest_yearly": 0.56,
            "eps_growth_yearly": 94.27
        },
        "20141": {
            "year_quarter": 20141,
            "year": 2014,
            "quarter": 1,
            "eps": -0.1,
            "eps_growth_year": null,
            "eps_4q": -0.34,
            "eps_4q_growth_year": null,
            "roe": -0.57,
            "roe_4q": -1.92,
            "gross_profit": 85918,
            "gross_margin": 12.22,
            "gross_margin_4q_avg": 9.15,
            "net_income": -13772,
            "net_income_4q": null,
            "revenue": 703362,
            "revenue_4q": null,
            "common_shares": 1342905,
            "book_valuer_per_share": 18.21,
            "book_valuer_per_share_4q_avg": 18.15,
            "equity": 2424172,
            "current_ratio": 96.65,
            "debt_ratio": 54.09,
            "inventory_turnover_ratio": 2.22,
            "account_receivable_turnover_ratio": 0.66,
            "reinvestment_rate": -988.98,
            "research_to_sale_ratio": 3.19,
            "price_fair": 38.36,
            "eps_avg_yearly": 1.1,
            "eps_latest_yearly": 0.56,
            "eps_growth_yearly": 120.72
        },
        "20142": {
            "year_quarter": 20142,
            "year": 2014,
            "quarter": 2,
            "eps": 0.03,
            "eps_growth_year": null,
            "eps_4q": -0.19,
            "eps_4q_growth_year": null,
            "roe": 0.16,
            "roe_4q": -0.99,
            "gross_profit": 83772,
            "gross_margin": 11.11,
            "gross_margin_4q_avg": 10.57,
            "net_income": 3819,
            "net_income_4q": null,
            "revenue": 753759,
            "revenue_4q": null,
            "common_shares": 1330645,
            "book_valuer_per_share": 17.14,
            "book_valuer_per_share_4q_avg": 17.87,
            "equity": 2282201,
            "current_ratio": 93.52,
            "debt_ratio": 55.76,
            "inventory_turnover_ratio": 2.48,
            "account_receivable_turnover_ratio": 0.73,
            "reinvestment_rate": -1420,
            "research_to_sale_ratio": 3.07,
            "price_fair": 34.22,
            "eps_avg_yearly": 0.98,
            "eps_latest_yearly": 0.56,
            "eps_growth_yearly": 89.69
        },
        "20143": {
            "year_quarter": 20143,
            "year": 2014,
            "quarter": 3,
            "eps": 0.16,
            "eps_growth_year": null,
            "eps_4q": 0.22,
            "eps_4q_growth_year": null,
            "roe": 0.93,
            "roe_4q": 1.2200000000000002,
            "gross_profit": 127208,
            "gross_margin": 15.15,
            "gross_margin_4q_avg": 12.52,
            "net_income": 21639,
            "net_income_4q": null,
            "revenue": 839893,
            "revenue_4q": null,
            "common_shares": 1330645,
            "book_valuer_per_share": 17.73,
            "book_valuer_per_share_4q_avg": 17.84,
            "equity": 2361155,
            "current_ratio": 100.05,
            "debt_ratio": 55.56,
            "inventory_turnover_ratio": 2.6,
            "account_receivable_turnover_ratio": 0.75,
            "reinvestment_rate": -1452.43,
            "research_to_sale_ratio": 2.87,
            "price_fair": 32.67,
            "eps_avg_yearly": 0.93,
            "eps_latest_yearly": 0.64,
            "eps_growth_yearly": 305.32
        },
        "20144": {
            "year_quarter": 20144,
            "year": 2014,
            "quarter": 4,
            "eps": 0.01,
            "eps_growth_year": -89.13,
            "eps_4q": 0.1,
            "eps_4q_growth_year": null,
            "roe": 0.07,
            "roe_4q": 0.59,
            "gross_profit": 83166,
            "gross_margin": 10.31,
            "gross_margin_4q_avg": 12.2,
            "net_income": 1763,
            "net_income_4q": null,
            "revenue": 806893,
            "revenue_4q": null,
            "common_shares": 1330645,
            "book_valuer_per_share": 18.29,
            "book_valuer_per_share_4q_avg": 17.84,
            "equity": 2418935,
            "current_ratio": 101.69,
            "debt_ratio": 53.96,
            "inventory_turnover_ratio": 2.53,
            "account_receivable_turnover_ratio": 0.67,
            "reinvestment_rate": -2168.88,
            "research_to_sale_ratio": 2.95,
            "price_fair": 24.58,
            "eps_avg_yearly": 0.7,
            "eps_latest_yearly": 0.04,
            "eps_growth_yearly": 217.5
        },
        "20151": {
            "year_quarter": 20151,
            "year": 2015,
            "quarter": 1,
            "eps": -0.61,
            "eps_growth_year": null,
            "eps_4q": -0.41,
            "eps_4q_growth_year": null,
            "roe": -3.43,
            "roe_4q": -2.27,
            "gross_profit": 15951,
            "gross_margin": 2.62,
            "gross_margin_4q_avg": 9.8,
            "net_income": -81184,
            "net_income_4q": null,
            "revenue": 607981,
            "revenue_4q": null,
            "common_shares": 1330645,
            "book_valuer_per_share": 17.51,
            "book_valuer_per_share_4q_avg": 17.67,
            "equity": 2315012,
            "current_ratio": 96.63,
            "debt_ratio": 53.45,
            "inventory_turnover_ratio": 2.18,
            "account_receivable_turnover_ratio": 0.55,
            "reinvestment_rate": -32893.36,
            "research_to_sale_ratio": 3.61,
            "price_fair": 23.1,
            "eps_avg_yearly": 0.66,
            "eps_latest_yearly": 0.04,
            "eps_growth_yearly": 270.16
        },
        "20152": {
            "year_quarter": 20152,
            "year": 2015,
            "quarter": 2,
            "eps": -0.56,
            "eps_growth_year": -1966.67,
            "eps_4q": -0.99,
            "eps_4q_growth_year": null,
            "roe": -3.29,
            "roe_4q": -5.720000000000001,
            "gross_profit": -2101,
            "gross_margin": -0.37,
            "gross_margin_4q_avg": 6.93,
            "net_income": -73878,
            "net_income_4q": null,
            "revenue": 575131,
            "revenue_4q": null,
            "common_shares": 1330645,
            "book_valuer_per_share": 16.43,
            "book_valuer_per_share_4q_avg": 17.49,
            "equity": 2172279,
            "current_ratio": 94.37,
            "debt_ratio": 54.05,
            "inventory_turnover_ratio": 2.42,
            "account_receivable_turnover_ratio": 0.61,
            "reinvestment_rate": null,
            "research_to_sale_ratio": 3.87,
            "price_fair": 23,
            "eps_avg_yearly": 0.66,
            "eps_latest_yearly": 0.04,
            "eps_growth_yearly": 328.54
        },
        "20153": {
            "year_quarter": 20153,
            "year": 2015,
            "quarter": 3,
            "eps": -0.84,
            "eps_growth_year": -625,
            "eps_4q": -2.02,
            "eps_4q_growth_year": -1036.43,
            "roe": -5.12,
            "roe_4q": -11.77,
            "gross_profit": 19079,
            "gross_margin": 2.87,
            "gross_margin_4q_avg": 3.86,
            "net_income": -110003,
            "net_income_4q": null,
            "revenue": 664740,
            "revenue_4q": null,
            "common_shares": 1330645,
            "book_valuer_per_share": 16.32,
            "book_valuer_per_share_4q_avg": 17.14,
            "equity": 2127754,
            "current_ratio": 88.14,
            "debt_ratio": 54,
            "inventory_turnover_ratio": 2.89,
            "account_receivable_turnover_ratio": 0.72,
            "reinvestment_rate": null,
            "research_to_sale_ratio": 3.71,
            "price_fair": 17.27,
            "eps_avg_yearly": 0.49,
            "eps_latest_yearly": 0.04,
            "eps_growth_yearly": 289.18
        },
        "20154": {
            "year_quarter": 20154,
            "year": 2015,
            "quarter": 4,
            "eps": -1.16,
            "eps_growth_year": -8564.58,
            "eps_4q": -3.2,
            "eps_4q_growth_year": -3211.56,
            "roe": -7.45,
            "roe_4q": -19.29,
            "gross_profit": 16236,
            "gross_margin": 2.38,
            "gross_margin_4q_avg": 1.88,
            "net_income": -151438,
            "net_income_4q": null,
            "revenue": 681548,
            "revenue_4q": null,
            "common_shares": 1330645,
            "book_valuer_per_share": 14.91,
            "book_valuer_per_share_4q_avg": 16.29,
            "equity": 1939325,
            "current_ratio": 84.78,
            "debt_ratio": 57.58,
            "inventory_turnover_ratio": 2.86,
            "account_receivable_turnover_ratio": 0.68,
            "reinvestment_rate": null,
            "research_to_sale_ratio": 6.08,
            "price_fair": 13.44,
            "eps_avg_yearly": 0.38,
            "eps_latest_yearly": 0.04,
            "eps_growth_yearly": 376.28
        },
        "20161": {
            "year_quarter": 20161,
            "year": 2016,
            "quarter": 1,
            "eps": -0.55,
            "eps_growth_year": null,
            "eps_4q": -3.13,
            "eps_4q_growth_year": null,
            "roe": -3.77,
            "roe_4q": -19.63,
            "gross_profit": 39316,
            "gross_margin": 5.65,
            "gross_margin_4q_avg": 2.63,
            "net_income": -71355,
            "net_income_4q": null,
            "revenue": 696345,
            "revenue_4q": null,
            "common_shares": 1330645,
            "book_valuer_per_share": 14.17,
            "book_valuer_per_share_4q_avg": 15.46,
            "equity": 1842036,
            "current_ratio": 85.59,
            "debt_ratio": 58.01,
            "inventory_turnover_ratio": 2.73,
            "account_receivable_turnover_ratio": 0.68,
            "reinvestment_rate": null,
            "research_to_sale_ratio": 3.28,
            "price_fair": 12.25,
            "eps_avg_yearly": 0.35,
            "eps_latest_yearly": 0.04,
            "eps_growth_yearly": 520.35
        },
        "20162": {
            "year_quarter": 20162,
            "year": 2016,
            "quarter": 2,
            "eps": -0.32,
            "eps_growth_year": null,
            "eps_4q": -2.88,
            "eps_4q_growth_year": null,
            "roe": -2.33,
            "roe_4q": -18.67,
            "gross_profit": 75205,
            "gross_margin": 9.4,
            "gross_margin_4q_avg": 5.08,
            "net_income": -41754,
            "net_income_4q": null,
            "revenue": 800060,
            "revenue_4q": null,
            "common_shares": 1330645,
            "book_valuer_per_share": 13.37,
            "book_valuer_per_share_4q_avg": 14.69,
            "equity": 1738202,
            "current_ratio": 84.13,
            "debt_ratio": 59.71,
            "inventory_turnover_ratio": 3.09,
            "account_receivable_turnover_ratio": 0.75,
            "reinvestment_rate": null,
            "research_to_sale_ratio": 2.79,
            "price_fair": 14.47,
            "eps_avg_yearly": 0.41,
            "eps_latest_yearly": 0.04,
            "eps_growth_yearly": 786.11
        },
        "20163": {
            "year_quarter": 20163,
            "year": 2016,
            "quarter": 3,
            "eps": -0.28,
            "eps_growth_year": null,
            "eps_4q": -2.31,
            "eps_4q_growth_year": null,
            "roe": -2.11,
            "roe_4q": -15.66,
            "gross_profit": 111665,
            "gross_margin": 14.22,
            "gross_margin_4q_avg": 7.91,
            "net_income": -35910,
            "net_income_4q": null,
            "revenue": 785381,
            "revenue_4q": null,
            "common_shares": 1330645,
            "book_valuer_per_share": 12.78,
            "book_valuer_per_share_4q_avg": 13.81,
            "equity": 1662210,
            "current_ratio": 84.35,
            "debt_ratio": 59.58,
            "inventory_turnover_ratio": 2.76,
            "account_receivable_turnover_ratio": 0.72,
            "reinvestment_rate": null,
            "research_to_sale_ratio": 2.42,
            "price_fair": 11.9,
            "eps_avg_yearly": 0.34,
            "eps_latest_yearly": 0.04,
            "eps_growth_yearly": 679.17
        },
        "20164": {
            "year_quarter": 20164,
            "year": 2016,
            "quarter": 4,
            "eps": 0.04,
            "eps_growth_year": null,
            "eps_4q": -1.11,
            "eps_4q_growth_year": null,
            "roe": 0.31,
            "roe_4q": -7.9,
            "gross_profit": 103978,
            "gross_margin": 11.83,
            "gross_margin_4q_avg": 10.28,
            "net_income": 5146,
            "net_income_4q": null,
            "revenue": 879294,
            "revenue_4q": null,
            "common_shares": 1330645,
            "book_valuer_per_share": 12.78,
            "book_valuer_per_share_4q_avg": 13.28,
            "equity": 1661216,
            "current_ratio": 83.29,
            "debt_ratio": 60.28,
            "inventory_turnover_ratio": 2.66,
            "account_receivable_turnover_ratio": 0.78,
            "reinvestment_rate": null,
            "research_to_sale_ratio": 2.23,
            "price_fair": 11.9,
            "eps_avg_yearly": 0.34,
            "eps_latest_yearly": 0.04,
            "eps_growth_yearly": 679.17
        },
        "20171": {
            "year_quarter": 20171,
            "year": 2017,
            "quarter": 1,
            "eps": 0.37,
            "eps_growth_year": null,
            "eps_4q": -0.18,
            "eps_4q_growth_year": null,
            "roe": 2.93,
            "roe_4q": -1.1999999999999997,
            "gross_profit": 162013,
            "gross_margin": 19.44,
            "gross_margin_4q_avg": 13.72,
            "net_income": 48371,
            "net_income_4q": null,
            "revenue": 833405,
            "revenue_4q": null,
            "common_shares": 1330645,
            "book_valuer_per_share": 12.61,
            "book_valuer_per_share_4q_avg": 12.89,
            "equity": 1639162,
            "current_ratio": 89.85,
            "debt_ratio": 60.37,
            "inventory_turnover_ratio": 1.85,
            "account_receivable_turnover_ratio": 0.71,
            "reinvestment_rate": null,
            "research_to_sale_ratio": 2.01,
            "price_fair": 25.2,
            "eps_avg_yearly": 0.72,
            "eps_latest_yearly": 1.48,
            "eps_growth_yearly": 1552.78
        },
        "20172": {
            "year_quarter": 20172,
            "year": 2017,
            "quarter": 2,
            "eps": 0.51,
            "eps_growth_year": null,
            "eps_4q": 0.64,
            "eps_4q_growth_year": null,
            "roe": 3.97,
            "roe_4q": 5.1,
            "gross_profit": 147899,
            "gross_margin": 15.38,
            "gross_margin_4q_avg": 15.22,
            "net_income": 66019,
            "net_income_4q": null,
            "revenue": 961642,
            "revenue_4q": null,
            "common_shares": 1330645,
            "book_valuer_per_share": 12.96,
            "book_valuer_per_share_4q_avg": 12.78,
            "equity": 1685079,
            "current_ratio": 91.04,
            "debt_ratio": 61.8,
            "inventory_turnover_ratio": 2.04,
            "account_receivable_turnover_ratio": 0.75,
            "reinvestment_rate": null,
            "research_to_sale_ratio": 1.76,
            "price_fair": 36.75,
            "eps_avg_yearly": 1.05,
            "eps_latest_yearly": 2.04,
            "eps_growth_yearly": 1202.42
        },
        "20173": {
            "year_quarter": 20173,
            "year": 2017,
            "quarter": 3,
            "eps": 0.38,
            "eps_growth_year": null,
            "eps_4q": 1.3,
            "eps_4q_growth_year": null,
            "roe": 2.86,
            "roe_4q": 10.07,
            "gross_profit": 119016,
            "gross_margin": 12.04,
            "gross_margin_4q_avg": 14.67,
            "net_income": 49008,
            "net_income_4q": null,
            "revenue": 988671,
            "revenue_4q": null,
            "common_shares": 1330645,
            "book_valuer_per_share": 13.43,
            "book_valuer_per_share_4q_avg": 12.95,
            "equity": 1745665,
            "current_ratio": 90.49,
            "debt_ratio": 59.8,
            "inventory_turnover_ratio": 2.27,
            "account_receivable_turnover_ratio": 0.72,
            "reinvestment_rate": null,
            "research_to_sale_ratio": 1.75,
            "price_fair": 40.04,
            "eps_avg_yearly": 1.14,
            "eps_latest_yearly": 1.52,
            "eps_growth_yearly": 941.54
        },
        "20174": {
            "year_quarter": 20174,
            "year": 2017,
            "quarter": 4,
            "eps": 0.37,
            "eps_growth_year": 837.51,
            "eps_4q": 1.63,
            "eps_4q_growth_year": null,
            "roe": 2.74,
            "roe_4q": 12.5,
            "gross_profit": 143532,
            "gross_margin": 13.42,
            "gross_margin_4q_avg": 15.07,
            "net_income": 48432,
            "net_income_4q": null,
            "revenue": 1069638,
            "revenue_4q": null,
            "common_shares": 1330645,
            "book_valuer_per_share": 13.78,
            "book_valuer_per_share_4q_avg": 13.2,
            "equity": 1792322,
            "current_ratio": 94.71,
            "debt_ratio": 60.57,
            "inventory_turnover_ratio": 2.47,
            "account_receivable_turnover_ratio": 0.76,
            "reinvestment_rate": null,
            "research_to_sale_ratio": 1.54,
            "price_fair": 42,
            "eps_avg_yearly": 1.2,
            "eps_latest_yearly": 1.48,
            "eps_growth_yearly": 782.87
        },
        "20181": {
            "year_quarter": 20181,
            "year": 2018,
            "quarter": 1,
            "eps": 0.3,
            "eps_growth_year": -18.92,
            "eps_4q": 1.56,
            "eps_4q_growth_year": null,
            "roe": 2.18,
            "roe_4q": 11.75,
            "gross_profit": 103114,
            "gross_margin": 11.12,
            "gross_margin_4q_avg": 12.99,
            "net_income": 39629,
            "net_income_4q": null,
            "revenue": 927671,
            "revenue_4q": null,
            "common_shares": 1321645,
            "book_valuer_per_share": 14.17,
            "book_valuer_per_share_4q_avg": 13.59,
            "equity": 1841835,
            "current_ratio": 96.48,
            "debt_ratio": 58.66,
            "inventory_turnover_ratio": 2.16,
            "account_receivable_turnover_ratio": 0.66,
            "reinvestment_rate": null,
            "research_to_sale_ratio": 1.66,
            "price_fair": 42,
            "eps_avg_yearly": 1.2,
            "eps_latest_yearly": 1.2,
            "eps_growth_yearly": 660.22
        },
        "20182": {
            "year_quarter": 20182,
            "year": 2018,
            "quarter": 2,
            "eps": -0.1,
            "eps_growth_year": -119.61,
            "eps_4q": 0.95,
            "eps_4q_growth_year": 47.52,
            "roe": -0.75,
            "roe_4q": 7.029999999999999,
            "gross_profit": 100891,
            "gross_margin": 9.54,
            "gross_margin_4q_avg": 11.53,
            "net_income": -13599,
            "net_income_4q": null,
            "revenue": 1057075,
            "revenue_4q": null,
            "common_shares": 1321645,
            "book_valuer_per_share": 13.63,
            "book_valuer_per_share_4q_avg": 13.75,
            "equity": 1771851,
            "current_ratio": 91.41,
            "debt_ratio": 62.85,
            "inventory_turnover_ratio": 2.47,
            "account_receivable_turnover_ratio": 0.77,
            "reinvestment_rate": null,
            "research_to_sale_ratio": 1.16,
            "price_fair": 42,
            "eps_avg_yearly": 1.2,
            "eps_latest_yearly": 1.2,
            "eps_growth_yearly": 660.22
        },
        "20183": {
            "year_quarter": 20183,
            "year": 2018,
            "quarter": 3,
            "eps": -0.04,
            "eps_growth_year": -110.53,
            "eps_4q": 0.53,
            "eps_4q_growth_year": -59.23,
            "roe": -0.33,
            "roe_4q": 3.8400000000000003,
            "gross_profit": 170293,
            "gross_margin": 15.94,
            "gross_margin_4q_avg": 12.51,
            "net_income": -5717,
            "net_income_4q": null,
            "revenue": 1068550,
            "revenue_4q": null,
            "common_shares": 1321645,
            "book_valuer_per_share": 13.33,
            "book_valuer_per_share_4q_avg": 13.73,
            "equity": 1732750,
            "current_ratio": 90.96,
            "debt_ratio": 62.67,
            "inventory_turnover_ratio": 2.37,
            "account_receivable_turnover_ratio": 0.78,
            "reinvestment_rate": null,
            "research_to_sale_ratio": 2.19,
            "price_fair": 45.27,
            "eps_avg_yearly": 1.29,
            "eps_latest_yearly": 1.2,
            "eps_growth_yearly": 481.36
        },
        "20184": {
            "year_quarter": 20184,
            "year": 2018,
            "quarter": 4,
            "eps": -0.83,
            "eps_growth_year": -323.97,
            "eps_4q": -0.68,
            "eps_4q_growth_year": -141.61,
            "roe": -6.46,
            "roe_4q": -5.359999999999999,
            "gross_profit": 131996,
            "gross_margin": 13.96,
            "gross_margin_4q_avg": 12.64,
            "net_income": -108342,
            "net_income_4q": null,
            "revenue": 945416,
            "revenue_4q": null,
            "common_shares": 1299645,
            "book_valuer_per_share": 12.47,
            "book_valuer_per_share_4q_avg": 13.4,
            "equity": 1621802,
            "current_ratio": 88.89,
            "debt_ratio": 63.3,
            "inventory_turnover_ratio": 2.51,
            "account_receivable_turnover_ratio": 0.71,
            "reinvestment_rate": null,
            "research_to_sale_ratio": 2.22,
            "price_fair": 54.04,
            "eps_avg_yearly": 1.54,
            "eps_latest_yearly": 1.2,
            "eps_growth_yearly": 652.64
        },
        "20191": {
            "year_quarter": 20191,
            "year": 2019,
            "quarter": 1,
            "eps": 0.36,
            "eps_growth_year": 20,
            "eps_4q": -0.63,
            "eps_4q_growth_year": -140.04,
            "roe": 2.8,
            "roe_4q": -4.74,
            "gross_profit": 130091,
            "gross_margin": 18.82,
            "gross_margin_4q_avg": 14.57,
            "net_income": 46469,
            "net_income_4q": null,
            "revenue": 691238,
            "revenue_4q": null,
            "common_shares": 1299645,
            "book_valuer_per_share": 13.01,
            "book_valuer_per_share_4q_avg": 13.11,
            "equity": 1692230,
            "current_ratio": 95.63,
            "debt_ratio": 59.71,
            "inventory_turnover_ratio": 2.16,
            "account_receivable_turnover_ratio": 0.57,
            "reinvestment_rate": null,
            "research_to_sale_ratio": 2.48,
            "price_fair": 54.04,
            "eps_avg_yearly": 1.54,
            "eps_latest_yearly": 1.2,
            "eps_growth_yearly": 652.64
        },
        "20192": {
            "year_quarter": 20192,
            "year": 2019,
            "quarter": 2,
            "eps": 0.49,
            "eps_growth_year": null,
            "eps_4q": -0.03,
            "eps_4q_growth_year": -103.24,
            "roe": 3.72,
            "roe_4q": -0.2700000000000004,
            "gross_profit": 150864,
            "gross_margin": 17.97,
            "gross_margin_4q_avg": 16.67,
            "net_income": 63714,
            "net_income_4q": null,
            "revenue": 839419,
            "revenue_4q": null,
            "common_shares": 1299645,
            "book_valuer_per_share": 13.33,
            "book_valuer_per_share_4q_avg": 13.04,
            "equity": 1733738,
            "current_ratio": 95.78,
            "debt_ratio": 57.99,
            "inventory_turnover_ratio": 3.02,
            "account_receivable_turnover_ratio": 0.76,
            "reinvestment_rate": null,
            "research_to_sale_ratio": 2.36,
            "price_fair": 56.47,
            "eps_avg_yearly": 1.61,
            "eps_latest_yearly": 1.96,
            "eps_growth_yearly": 567.94
        },
        "20193": {
            "year_quarter": 20193,
            "year": 2019,
            "quarter": 3,
            "eps": 0.16,
            "eps_growth_year": null,
            "eps_4q": 0.17,
            "eps_4q_growth_year": -67.66,
            "roe": 1.19,
            "roe_4q": 1.25,
            "gross_profit": 110798,
            "gross_margin": 14.48,
            "gross_margin_4q_avg": 16.31,
            "net_income": 20509,
            "net_income_4q": null,
            "revenue": 765332,
            "revenue_4q": null,
            "common_shares": 1299645,
            "book_valuer_per_share": 13.18,
            "book_valuer_per_share_4q_avg": 13,
            "equity": 1713588,
            "current_ratio": 95.68,
            "debt_ratio": 57.4,
            "inventory_turnover_ratio": 3.02,
            "account_receivable_turnover_ratio": 0.71,
            "reinvestment_rate": null,
            "research_to_sale_ratio": 2.28,
            "price_fair": 51.6,
            "eps_avg_yearly": 1.47,
            "eps_latest_yearly": 0.64,
            "eps_growth_yearly": 448.32
        },
        "20194": {
            "year_quarter": 20194,
            "year": 2019,
            "quarter": 4,
            "eps": 3.19,
            "eps_growth_year": null,
            "eps_4q": 4.2,
            "eps_4q_growth_year": null,
            "roe": 22.08,
            "roe_4q": 29.79,
            "gross_profit": 133582,
            "gross_margin": 17.8,
            "gross_margin_4q_avg": 17.27,
            "net_income": 414865,
            "net_income_4q": null,
            "revenue": 750254,
            "revenue_4q": null,
            "common_shares": 1299645,
            "book_valuer_per_share": 15.73,
            "book_valuer_per_share_4q_avg": 13.81,
            "equity": 2044851,
            "current_ratio": 107.03,
            "debt_ratio": 47.85,
            "inventory_turnover_ratio": 2.7,
            "account_receivable_turnover_ratio": 0.74,
            "reinvestment_rate": -109.8,
            "research_to_sale_ratio": 2.25,
            "price_fair": 100.98,
            "eps_avg_yearly": 2.89,
            "eps_latest_yearly": 12.76,
            "eps_growth_yearly": 1339.16
        },
        "20201": {
            "year_quarter": 20201,
            "year": 2020,
            "quarter": 1,
            "eps": 0.02,
            "eps_growth_year": -94.44,
            "eps_4q": 3.88,
            "eps_4q_growth_year": null,
            "roe": 0.13,
            "roe_4q": 27.119999999999997,
            "gross_profit": 81212,
            "gross_margin": 13.53,
            "gross_margin_4q_avg": 15.95,
            "net_income": 2563,
            "net_income_4q": null,
            "revenue": 600081,
            "revenue_4q": null,
            "common_shares": 1299645,
            "book_valuer_per_share": 15.73,
            "book_valuer_per_share_4q_avg": 14.49,
            "equity": 2033593,
            "current_ratio": 107.01,
            "debt_ratio": 46.94,
            "inventory_turnover_ratio": 2.18,
            "account_receivable_turnover_ratio": 0.62,
            "reinvestment_rate": -79.58,
            "research_to_sale_ratio": 2.35,
            "price_fair": 90.07,
            "eps_avg_yearly": 2.57,
            "eps_latest_yearly": 0.08,
            "eps_growth_yearly": 1146.19
        },
        "20202": {
            "year_quarter": 20202,
            "year": 2020,
            "quarter": 2,
            "eps": 0.42,
            "eps_growth_year": -14.29,
            "eps_4q": 3.82,
            "eps_4q_growth_year": null,
            "roe": 2.73,
            "roe_4q": 26.13,
            "gross_profit": 155506,
            "gross_margin": 19.71,
            "gross_margin_4q_avg": 16.38,
            "net_income": 55137,
            "net_income_4q": null,
            "revenue": 789086,
            "revenue_4q": null,
            "common_shares": 1289145,
            "book_valuer_per_share": 15.52,
            "book_valuer_per_share_4q_avg": 15.04,
            "equity": 2002366,
            "current_ratio": 104.78,
            "debt_ratio": 48.89,
            "inventory_turnover_ratio": 2.65,
            "account_receivable_turnover_ratio": 0.8,
            "reinvestment_rate": -58.05,
            "research_to_sale_ratio": 1.94,
            "price_fair": 86.94,
            "eps_avg_yearly": 2.48,
            "eps_latest_yearly": 1.68,
            "eps_growth_yearly": 1831.58
        },
        "20203": {
            "year_quarter": 20203,
            "year": 2020,
            "quarter": 3,
            "eps": 0.93,
            "eps_growth_year": 481.25,
            "eps_4q": 4.59,
            "eps_4q_growth_year": 2586.51,
            "roe": 5.8,
            "roe_4q": 30.74,
            "gross_profit": 209482,
            "gross_margin": 22.55,
            "gross_margin_4q_avg": 18.4,
            "net_income": 119758,
            "net_income_4q": null,
            "revenue": 928871,
            "revenue_4q": null,
            "common_shares": 1289145,
            "book_valuer_per_share": 16.49,
            "book_valuer_per_share_4q_avg": 15.87,
            "equity": 2126833,
            "current_ratio": 107.01,
            "debt_ratio": 50,
            "inventory_turnover_ratio": 2.68,
            "account_receivable_turnover_ratio": 0.8,
            "reinvestment_rate": -20.54,
            "research_to_sale_ratio": 1.75,
            "price_fair": 90.87,
            "eps_avg_yearly": 2.6,
            "eps_latest_yearly": 3.72,
            "eps_growth_yearly": 1709.22
        },
        "20204": {
            "year_quarter": 20204,
            "year": 2020,
            "quarter": 4,
            "eps": 1.3,
            "eps_growth_year": -59.18,
            "eps_4q": 2.68,
            "eps_4q_growth_year": -36.19,
            "roe": 7.08,
            "roe_4q": 15.74,
            "gross_profit": 219343,
            "gross_margin": 23.1,
            "gross_margin_4q_avg": 19.72,
            "net_income": 168367,
            "net_income_4q": null,
            "revenue": 949390,
            "revenue_4q": null,
            "common_shares": 1289145,
            "book_valuer_per_share": 19.2,
            "book_valuer_per_share_4q_avg": 16.74,
            "equity": 2629064,
            "current_ratio": 129.6,
            "debt_ratio": 47.93,
            "inventory_turnover_ratio": 2.37,
            "account_receivable_turnover_ratio": 0.73,
            "reinvestment_rate": 3.04,
            "research_to_sale_ratio": 3.47,
            "price_fair": 98.47,
            "eps_avg_yearly": 2.81,
            "eps_latest_yearly": 5.2,
            "eps_growth_yearly": 1580.05
        },
        "20211": {
            "year_quarter": 20211,
            "year": 2021,
            "quarter": 1,
            "eps": 0.62,
            "eps_growth_year": 3000,
            "eps_4q": 3.28,
            "eps_4q_growth_year": -15.6,
            "roe": 3.22,
            "roe_4q": 18.830000000000002,
            "gross_profit": 202813,
            "gross_margin": 22.3,
            "gross_margin_4q_avg": 21.92,
            "net_income": 85869,
            "net_income_4q": null,
            "revenue": 909634,
            "revenue_4q": null,
            "common_shares": 1289145,
            "book_valuer_per_share": 19.73,
            "book_valuer_per_share_4q_avg": 17.74,
            "equity": 2709077,
            "current_ratio": 123.53,
            "debt_ratio": 50.06,
            "inventory_turnover_ratio": 2.03,
            "account_receivable_turnover_ratio": 0.69,
            "reinvestment_rate": 32.76,
            "research_to_sale_ratio": 2.12,
            "price_fair": 101.38,
            "eps_avg_yearly": 2.9,
            "eps_latest_yearly": 2.48,
            "eps_growth_yearly": 1287.61
        },
        "20212": {
            "year_quarter": 20212,
            "year": 2021,
            "quarter": 2,
            "eps": 0.63,
            "eps_growth_year": 50,
            "eps_4q": 3.48,
            "eps_4q_growth_year": -9.06,
            "roe": 3.16,
            "roe_4q": 19.26,
            "gross_profit": 213181,
            "gross_margin": 21.94,
            "gross_margin_4q_avg": 22.47,
            "net_income": 85539,
            "net_income_4q": null,
            "revenue": 971652,
            "revenue_4q": null,
            "common_shares": 1289145,
            "book_valuer_per_share": 19.64,
            "book_valuer_per_share_4q_avg": 18.77,
            "equity": 2705576,
            "current_ratio": 114.97,
            "debt_ratio": 51.48,
            "inventory_turnover_ratio": 2.01,
            "account_receivable_turnover_ratio": 0.71,
            "reinvestment_rate": 49.39,
            "research_to_sale_ratio": 2.27,
            "price_fair": 102.78,
            "eps_avg_yearly": 2.94,
            "eps_latest_yearly": 2.52,
            "eps_growth_yearly": 1275.54
        },
        "20213": {
            "year_quarter": 20213,
            "year": 2021,
            "quarter": 3,
            "eps": 0.63,
            "eps_growth_year": -32.26,
            "eps_4q": 3.18,
            "eps_4q_growth_year": -30.82,
            "roe": 3.14,
            "roe_4q": 16.6,
            "gross_profit": 202940,
            "gross_margin": 21.64,
            "gross_margin_4q_avg": 22.25,
            "net_income": 86464,
            "net_income_4q": null,
            "revenue": 937729,
            "revenue_4q": null,
            "common_shares": 1289145,
            "book_valuer_per_share": 20.26,
            "book_valuer_per_share_4q_avg": 19.71,
            "equity": 2795642,
            "current_ratio": 116.29,
            "debt_ratio": 52.26,
            "inventory_turnover_ratio": 2.03,
            "account_receivable_turnover_ratio": 0.69,
            "reinvestment_rate": 64.73,
            "research_to_sale_ratio": 2.44,
            "price_fair": 105.7,
            "eps_avg_yearly": 3.02,
            "eps_latest_yearly": 2.52,
            "eps_growth_yearly": 1284.04
        },
        "20214": {
            "year_quarter": 20214,
            "year": 2021,
            "quarter": 4,
            "eps": 1.06,
            "eps_growth_year": -18.66,
            "eps_4q": 3.14,
            "eps_4q_growth_year": 17.35,
            "roe": 4.61,
            "roe_4q": 14.13,
            "gross_profit": 185654,
            "gross_margin": 21.09,
            "gross_margin_4q_avg": 21.74,
            "net_income": 129112,
            "net_income_4q": null,
            "revenue": 880278,
            "revenue_4q": null,
            "common_shares": 1160230,
            "book_valuer_per_share": 22.56,
            "book_valuer_per_share_4q_avg": 20.55,
            "equity": 2804611,
            "current_ratio": 76.43,
            "debt_ratio": 59.29,
            "inventory_turnover_ratio": 1.97,
            "account_receivable_turnover_ratio": 0.69,
            "reinvestment_rate": 158.98,
            "research_to_sale_ratio": 2.64,
            "price_fair": 113.75,
            "eps_avg_yearly": 3.25,
            "eps_latest_yearly": 4.24,
            "eps_growth_yearly": 1307.66
        },
        "20221": {
            "year_quarter": 20221,
            "year": 2022,
            "quarter": 1,
            "eps": -0.02,
            "eps_growth_year": -103.23,
            "eps_4q": 2.44,
            "eps_4q_growth_year": -25.56,
            "roe": -0.12,
            "roe_4q": 10.790000000000001,
            "gross_profit": 134768,
            "gross_margin": 14.9,
            "gross_margin_4q_avg": 19.89,
            "net_income": -3471,
            "net_income_4q": null,
            "revenue": 904705,
            "revenue_4q": null,
            "common_shares": 1160230,
            "book_valuer_per_share": 23.14,
            "book_valuer_per_share_4q_avg": 21.4,
            "equity": 2883330,
            "current_ratio": 76.98,
            "debt_ratio": 59.54,
            "inventory_turnover_ratio": 2.27,
            "account_receivable_turnover_ratio": 0.7,
            "reinvestment_rate": 177.61,
            "research_to_sale_ratio": 2.16,
            "price_fair": 120.27,
            "eps_avg_yearly": 3.44,
            "eps_latest_yearly": 4.24,
            "eps_growth_yearly": 1433.42
        },
        "20222": {
            "year_quarter": 20222,
            "year": 2022,
            "quarter": 2,
            "eps": 0.09,
            "eps_growth_year": -85.71,
            "eps_4q": 1.85,
            "eps_4q_growth_year": -46.85,
            "roe": 0.42,
            "roe_4q": 8.05,
            "gross_profit": 183018,
            "gross_margin": 19.85,
            "gross_margin_4q_avg": 19.37,
            "net_income": 11717,
            "net_income_4q": null,
            "revenue": 922232,
            "revenue_4q": null,
            "common_shares": 1160230,
            "book_valuer_per_share": 22.07,
            "book_valuer_per_share_4q_avg": 22.01,
            "equity": 2722958,
            "current_ratio": 71.16,
            "debt_ratio": 61.54,
            "inventory_turnover_ratio": 2.41,
            "account_receivable_turnover_ratio": 0.67,
            "reinvestment_rate": 175.98,
            "research_to_sale_ratio": 2.47,
            "price_fair": 120.27,
            "eps_avg_yearly": 3.44,
            "eps_latest_yearly": 4.24,
            "eps_growth_yearly": 1433.42
        },
        "20223": {
            "year_quarter": 20223,
            "year": 2022,
            "quarter": 3,
            "eps": -0.17,
            "eps_growth_year": -126.98,
            "eps_4q": 0.98,
            "eps_4q_growth_year": -69.3,
            "roe": -0.79,
            "roe_4q": 4.12,
            "gross_profit": 118824,
            "gross_margin": 15.76,
            "gross_margin_4q_avg": 17.9,
            "net_income": -21594,
            "net_income_4q": null,
            "revenue": 754148,
            "revenue_4q": null,
            "common_shares": 1143540,
            "book_valuer_per_share": 22.17,
            "book_valuer_per_share_4q_avg": 22.49,
            "equity": 2732322,
            "current_ratio": 66.83,
            "debt_ratio": 60.15,
            "inventory_turnover_ratio": 2.35,
            "account_receivable_turnover_ratio": 0.56,
            "reinvestment_rate": 195.87,
            "research_to_sale_ratio": 2.38,
            "price_fair": 120.27,
            "eps_avg_yearly": 3.44,
            "eps_latest_yearly": 4.24,
            "eps_growth_yearly": 1433.42
        },
        "20224": {
            "year_quarter": 20224,
            "year": 2022,
            "quarter": 4,
            "eps": -1.2,
            "eps_growth_year": -212.99,
            "eps_4q": -1.3,
            "eps_4q_growth_year": -141.35,
            "roe": -5.7,
            "roe_4q": -6.19,
            "gross_profit": -10949,
            "gross_margin": -2.25,
            "gross_margin_4q_avg": 12.07,
            "net_income": -149932,
            "net_income_4q": null,
            "revenue": 486980,
            "revenue_4q": null,
            "common_shares": 1133540,
            "book_valuer_per_share": 20.74,
            "book_valuer_per_share_4q_avg": 22.03,
            "equity": 2527881,
            "current_ratio": 62,
            "debt_ratio": 63.35,
            "inventory_turnover_ratio": 1.93,
            "account_receivable_turnover_ratio": 0.41,
            "reinvestment_rate": 213.74,
            "research_to_sale_ratio": 15.28,
            "price_fair": 120.27,
            "eps_avg_yearly": 3.44,
            "eps_latest_yearly": 4.24,
            "eps_growth_yearly": 1433.42
        },
        "20231": {
            "year_quarter": 20231,
            "year": 2023,
            "quarter": 1,
            "eps": -0.98,
            "eps_growth_year": null,
            "eps_4q": -2.26,
            "eps_4q_growth_year": -192.89,
            "roe": -5.08,
            "roe_4q": -11.15,
            "gross_profit": -45820,
            "gross_margin": -9.02,
            "gross_margin_4q_avg": 6.09,
            "net_income": -123659,
            "net_income_4q": null,
            "revenue": 508130,
            "revenue_4q": null,
            "common_shares": 1133540,
            "book_valuer_per_share": 19.49,
            "book_valuer_per_share_4q_avg": 21.12,
            "equity": 2342404,
            "current_ratio": 76.15,
            "debt_ratio": 68.54,
            "inventory_turnover_ratio": 1.99,
            "account_receivable_turnover_ratio": 0.53,
            "reinvestment_rate": 275.56,
            "research_to_sale_ratio": 5.22,
            "price_fair": 120.27,
            "eps_avg_yearly": 3.44,
            "eps_latest_yearly": 4.24,
            "eps_growth_yearly": 1433.42
        },
        "20232": {
            "year_quarter": 20232,
            "year": 2023,
            "quarter": 2,
            "eps": -0.46,
            "eps_growth_year": -611.11,
            "eps_4q": -2.81,
            "eps_4q_growth_year": -251.9,
            "roe": -2.54,
            "roe_4q": -14.11,
            "gross_profit": 10714,
            "gross_margin": 1.51,
            "gross_margin_4q_avg": 1.5,
            "net_income": -58008,
            "net_income_4q": null,
            "revenue": 709464,
            "revenue_4q": null,
            "common_shares": 1133540,
            "book_valuer_per_share": 18.7,
            "book_valuer_per_share_4q_avg": 20.28,
            "equity": 2222008,
            "current_ratio": 67.7,
            "debt_ratio": 68.84,
            "inventory_turnover_ratio": 2.6,
            "account_receivable_turnover_ratio": 0.76,
            "reinvestment_rate": 313.74,
            "research_to_sale_ratio": 3.84,
            "price_fair": 125.44,
            "eps_avg_yearly": 3.58,
            "eps_latest_yearly": 4.24,
            "eps_growth_yearly": 1562.32
        },
        "20233": {
            "year_quarter": 20233,
            "year": 2023,
            "quarter": 3,
            "eps": -0.64,
            "eps_growth_year": null,
            "eps_4q": -3.28,
            "eps_4q_growth_year": -436.27,
            "roe": -3.59,
            "roe_4q": -16.91,
            "gross_profit": 2204,
            "gross_margin": 0.3,
            "gross_margin_4q_avg": -2.37,
            "net_income": -79305,
            "net_income_4q": null,
            "revenue": 727105,
            "revenue_4q": null,
            "common_shares": 1133540,
            "book_valuer_per_share": 18.48,
            "book_valuer_per_share_4q_avg": 19.35,
            "equity": 2193209,
            "current_ratio": 64.21,
            "debt_ratio": 69.7,
            "inventory_turnover_ratio": 2.71,
            "account_receivable_turnover_ratio": 0.66,
            "reinvestment_rate": 372.12,
            "research_to_sale_ratio": 3.39,
            "price_fair": 136.89,
            "eps_avg_yearly": 3.91,
            "eps_latest_yearly": 4.24,
            "eps_growth_yearly": 1765.84
        }
    },
    "months": {
        "2002-01": {
            "month": "2002-01",
            "price": "103.56",
            "revenue": 96119
        },
        "2002-02": {
            "month": "2002-02",
            "price": "88.79",
            "revenue": 66062
        },
        "2002-03": {
            "month": "2002-03",
            "price": "85.40",
            "revenue": 100513
        },
        "2002-04": {
            "month": "2002-04",
            "price": "83.98",
            "revenue": 102845
        },
        "2002-05": {
            "month": "2002-05",
            "price": "71.11",
            "revenue": 85594
        },
        "2002-06": {
            "month": "2002-06",
            "price": "67.28",
            "revenue": 88253
        },
        "2002-07": {
            "month": "2002-07",
            "price": "58.09",
            "revenue": 94488
        },
        "2002-08": {
            "month": "2002-08",
            "price": "61.50",
            "revenue": 112529
        },
        "2002-09": {
            "month": "2002-09",
            "price": "64.32",
            "revenue": 101451
        },
        "2002-10": {
            "month": "2002-10",
            "price": "60.50",
            "revenue": 101259
        },
        "2002-11": {
            "month": "2002-11",
            "price": "55.07",
            "revenue": 96549
        },
        "2002-12": {
            "month": "2002-12",
            "price": "51.52",
            "revenue": 100012
        },
        "2003-01": {
            "month": "2003-01",
            "price": "47.55",
            "revenue": 103084
        },
        "2003-02": {
            "month": "2003-02",
            "price": "46.01",
            "revenue": 81605
        },
        "2003-03": {
            "month": "2003-03",
            "price": "43.71",
            "revenue": 108148
        },
        "2003-04": {
            "month": "2003-04",
            "price": "42.29",
            "revenue": 119025
        },
        "2003-05": {
            "month": "2003-05",
            "price": "44.46",
            "revenue": 107794
        },
        "2003-06": {
            "month": "2003-06",
            "price": "45.73",
            "revenue": 105413
        },
        "2003-07": {
            "month": "2003-07",
            "price": "44.39",
            "revenue": 110623
        },
        "2003-08": {
            "month": "2003-08",
            "price": "48.94",
            "revenue": 121280
        },
        "2003-09": {
            "month": "2003-09",
            "price": "53.81",
            "revenue": 130652
        },
        "2003-10": {
            "month": "2003-10",
            "price": "50.95",
            "revenue": 137694
        },
        "2003-11": {
            "month": "2003-11",
            "price": "50.57",
            "revenue": 142454
        },
        "2003-12": {
            "month": "2003-12",
            "price": "58.59",
            "revenue": 146029
        },
        "2004-01": {
            "month": "2004-01",
            "price": "57.97",
            "revenue": 116991
        },
        "2004-02": {
            "month": "2004-02",
            "price": "57.85",
            "revenue": 142287
        },
        "2004-03": {
            "month": "2004-03",
            "price": "56.15",
            "revenue": 148960
        },
        "2004-04": {
            "month": "2004-04",
            "price": "56.95",
            "revenue": 140432
        },
        "2004-05": {
            "month": "2004-05",
            "price": "51.81",
            "revenue": 149964
        },
        "2004-06": {
            "month": "2004-06",
            "price": "48.56",
            "revenue": 131584
        },
        "2004-07": {
            "month": "2004-07",
            "price": "38.45",
            "revenue": 140003
        },
        "2004-08": {
            "month": "2004-08",
            "price": "31.36",
            "revenue": 150742
        },
        "2004-09": {
            "month": "2004-09",
            "price": "31.13",
            "revenue": 158790
        },
        "2004-10": {
            "month": "2004-10",
            "price": "29.10",
            "revenue": 167895
        },
        "2004-11": {
            "month": "2004-11",
            "price": "27.95",
            "revenue": 163669
        },
        "2004-12": {
            "month": "2004-12",
            "price": "27.03",
            "revenue": 126011
        },
        "2005-01": {
            "month": "2005-01",
            "price": "24.81",
            "revenue": 163542
        },
        "2005-02": {
            "month": "2005-02",
            "price": "25.94",
            "revenue": 128792
        },
        "2005-03": {
            "month": "2005-03",
            "price": "28.96",
            "revenue": 156621
        },
        "2005-04": {
            "month": "2005-04",
            "price": "26.94",
            "revenue": 149547
        },
        "2005-05": {
            "month": "2005-05",
            "price": "24.84",
            "revenue": 164022
        },
        "2005-06": {
            "month": "2005-06",
            "price": "26.89",
            "revenue": 127425
        },
        "2005-07": {
            "month": "2005-07",
            "price": "30.24",
            "revenue": 141540
        },
        "2005-08": {
            "month": "2005-08",
            "price": "28.59",
            "revenue": 152100
        },
        "2005-09": {
            "month": "2005-09",
            "price": "23.63",
            "revenue": 175532
        },
        "2005-10": {
            "month": "2005-10",
            "price": "24.66",
            "revenue": 301392
        },
        "2005-11": {
            "month": "2005-11",
            "price": "23.99",
            "revenue": 154531
        },
        "2005-12": {
            "month": "2005-12",
            "price": "27.42",
            "revenue": 287590
        },
        "2006-01": {
            "month": "2006-01",
            "price": "27.10",
            "revenue": 279524
        },
        "2006-02": {
            "month": "2006-02",
            "price": "27.00",
            "revenue": 268695
        },
        "2006-03": {
            "month": "2006-03",
            "price": "26.18",
            "revenue": 306672
        },
        "2006-04": {
            "month": "2006-04",
            "price": "28.18",
            "revenue": 300293
        },
        "2006-05": {
            "month": "2006-05",
            "price": "29.22",
            "revenue": 306344
        },
        "2006-06": {
            "month": "2006-06",
            "price": "27.93",
            "revenue": 288342
        },
        "2006-07": {
            "month": "2006-07",
            "price": "28.42",
            "revenue": 290150
        },
        "2006-08": {
            "month": "2006-08",
            "price": "28.59",
            "revenue": 305095
        },
        "2006-09": {
            "month": "2006-09",
            "price": "27.58",
            "revenue": 340035
        },
        "2006-10": {
            "month": "2006-10",
            "price": "29.07",
            "revenue": 345027
        },
        "2006-11": {
            "month": "2006-11",
            "price": "37.74",
            "revenue": 345514
        },
        "2006-12": {
            "month": "2006-12",
            "price": "37.90",
            "revenue": 330707
        },
        "2007-01": {
            "month": "2007-01",
            "price": "41.52",
            "revenue": 361496
        },
        "2007-02": {
            "month": "2007-02",
            "price": "44.65",
            "revenue": 265205
        },
        "2007-03": {
            "month": "2007-03",
            "price": "45.30",
            "revenue": 348171
        },
        "2007-04": {
            "month": "2007-04",
            "price": "49.02",
            "revenue": 340205
        },
        "2007-05": {
            "month": "2007-05",
            "price": "47.09",
            "revenue": 315286
        },
        "2007-06": {
            "month": "2007-06",
            "price": "49.02",
            "revenue": 284034
        },
        "2007-07": {
            "month": "2007-07",
            "price": "51.26",
            "revenue": 335971
        },
        "2007-08": {
            "month": "2007-08",
            "price": "46.28",
            "revenue": 333976
        },
        "2007-09": {
            "month": "2007-09",
            "price": "43.46",
            "revenue": 354965
        },
        "2007-10": {
            "month": "2007-10",
            "price": "41.88",
            "revenue": 416164
        },
        "2007-11": {
            "month": "2007-11",
            "price": "41.87",
            "revenue": 389002
        },
        "2007-12": {
            "month": "2007-12",
            "price": "37.56",
            "revenue": 369117
        },
        "2008-01": {
            "month": "2008-01",
            "price": "33.19",
            "revenue": 301277
        },
        "2008-02": {
            "month": "2008-02",
            "price": "34.19",
            "revenue": 229268
        },
        "2008-03": {
            "month": "2008-03",
            "price": "35.60",
            "revenue": 330393
        },
        "2008-04": {
            "month": "2008-04",
            "price": "38.18",
            "revenue": 365937
        },
        "2008-05": {
            "month": "2008-05",
            "price": "35.58",
            "revenue": 363788
        },
        "2008-06": {
            "month": "2008-06",
            "price": "28.75",
            "revenue": 380290
        },
        "2008-07": {
            "month": "2008-07",
            "price": "25.45",
            "revenue": 327497
        },
        "2008-08": {
            "month": "2008-08",
            "price": "25.84",
            "revenue": 350687
        },
        "2008-09": {
            "month": "2008-09",
            "price": "21.75",
            "revenue": 362442
        },
        "2008-10": {
            "month": "2008-10",
            "price": "17.10",
            "revenue": 283542
        },
        "2008-11": {
            "month": "2008-11",
            "price": "13.96",
            "revenue": 239433
        },
        "2008-12": {
            "month": "2008-12",
            "price": "13.07",
            "revenue": 213133
        },
        "2009-01": {
            "month": "2009-01",
            "price": "12.65",
            "revenue": 165422
        },
        "2009-02": {
            "month": "2009-02",
            "price": "13.04",
            "revenue": 211912
        },
        "2009-03": {
            "month": "2009-03",
            "price": "15.16",
            "revenue": 253826
        },
        "2009-04": {
            "month": "2009-04",
            "price": "17.15",
            "revenue": 239155
        },
        "2009-05": {
            "month": "2009-05",
            "price": "17.34",
            "revenue": 223931
        },
        "2009-06": {
            "month": "2009-06",
            "price": "15.62",
            "revenue": 226536
        },
        "2009-07": {
            "month": "2009-07",
            "price": "15.74",
            "revenue": 291875
        },
        "2009-08": {
            "month": "2009-08",
            "price": "15.98",
            "revenue": 289541
        },
        "2009-09": {
            "month": "2009-09",
            "price": "17.85",
            "revenue": 302556
        },
        "2009-10": {
            "month": "2009-10",
            "price": "20.70",
            "revenue": 295039
        },
        "2009-11": {
            "month": "2009-11",
            "price": "20.15",
            "revenue": 292720
        },
        "2009-12": {
            "month": "2009-12",
            "price": "23.78",
            "revenue": 267859
        },
        "2010-01": {
            "month": "2010-01",
            "price": "25.26",
            "revenue": 291531
        },
        "2010-02": {
            "month": "2010-02",
            "price": "21.79",
            "revenue": 229097
        },
        "2010-03": {
            "month": "2010-03",
            "price": "23.73",
            "revenue": 300015
        },
        "2010-04": {
            "month": "2010-04",
            "price": "24.25",
            "revenue": 325770
        },
        "2010-05": {
            "month": "2010-05",
            "price": "21.90",
            "revenue": 340883
        },
        "2010-06": {
            "month": "2010-06",
            "price": "20.80",
            "revenue": 362177
        },
        "2010-07": {
            "month": "2010-07",
            "price": "22.23",
            "revenue": 303295
        },
        "2010-08": {
            "month": "2010-08",
            "price": "22.14",
            "revenue": 283119
        },
        "2010-09": {
            "month": "2010-09",
            "price": "20.54",
            "revenue": 315464
        },
        "2010-10": {
            "month": "2010-10",
            "price": "20.12",
            "revenue": 300731
        },
        "2010-11": {
            "month": "2010-11",
            "price": "20.83",
            "revenue": 346358
        },
        "2010-12": {
            "month": "2010-12",
            "price": "26.45",
            "revenue": 341828
        },
        "2011-01": {
            "month": "2011-01",
            "price": "24.89",
            "revenue": 279395
        },
        "2011-02": {
            "month": "2011-02",
            "price": "23.55",
            "revenue": 224126
        },
        "2011-03": {
            "month": "2011-03",
            "price": "22.50",
            "revenue": 323915
        },
        "2011-04": {
            "month": "2011-04",
            "price": "21.24",
            "revenue": 308996
        },
        "2011-05": {
            "month": "2011-05",
            "price": "20.39",
            "revenue": 313746
        },
        "2011-06": {
            "month": "2011-06",
            "price": "20.05",
            "revenue": 317720
        },
        "2011-07": {
            "month": "2011-07",
            "price": "18.38",
            "revenue": 307074
        },
        "2011-08": {
            "month": "2011-08",
            "price": "16.32",
            "revenue": 350253
        },
        "2011-09": {
            "month": "2011-09",
            "price": "17.50",
            "revenue": 361247
        },
        "2011-10": {
            "month": "2011-10",
            "price": "17.95",
            "revenue": 340110
        },
        "2011-11": {
            "month": "2011-11",
            "price": "16.47",
            "revenue": 348440
        },
        "2011-12": {
            "month": "2011-12",
            "price": "15.38",
            "revenue": 305135
        },
        "2012-01": {
            "month": "2012-01",
            "price": "14.65",
            "revenue": 262118
        },
        "2012-02": {
            "month": "2012-02",
            "price": "15.99",
            "revenue": 289210
        },
        "2012-03": {
            "month": "2012-03",
            "price": "15.88",
            "revenue": 326341
        },
        "2012-04": {
            "month": "2012-04",
            "price": "14.53",
            "revenue": 264800
        },
        "2012-05": {
            "month": "2012-05",
            "price": "13.31",
            "revenue": 295651
        },
        "2012-06": {
            "month": "2012-06",
            "price": "12.98",
            "revenue": 268726
        },
        "2012-07": {
            "month": "2012-07",
            "price": "12.44",
            "revenue": 330796
        },
        "2012-08": {
            "month": "2012-08",
            "price": "12.22",
            "revenue": 319486
        },
        "2012-09": {
            "month": "2012-09",
            "price": "12.58",
            "revenue": 311751
        },
        "2012-10": {
            "month": "2012-10",
            "price": "11.81",
            "revenue": 262545
        },
        "2012-11": {
            "month": "2012-11",
            "price": "11.21",
            "revenue": 266030
        },
        "2012-12": {
            "month": "2012-12",
            "price": "11.90",
            "revenue": 233521
        },
        "2013-01": {
            "month": "2013-01",
            "price": "11.63",
            "revenue": 245968
        },
        "2013-02": {
            "month": "2013-02",
            "price": "11.45",
            "revenue": 164807
        },
        "2013-03": {
            "month": "2013-03",
            "price": "11.31",
            "revenue": 238478
        },
        "2013-04": {
            "month": "2013-04",
            "price": "11.22",
            "revenue": 290862
        },
        "2013-05": {
            "month": "2013-05",
            "price": "11.43",
            "revenue": 303682
        },
        "2013-06": {
            "month": "2013-06",
            "price": "11.24",
            "revenue": 233682
        },
        "2013-07": {
            "month": "2013-07",
            "price": "10.88",
            "revenue": 263557
        },
        "2013-08": {
            "month": "2013-08",
            "price": "10.66",
            "revenue": 265618
        },
        "2013-09": {
            "month": "2013-09",
            "price": "10.53",
            "revenue": 263408
        },
        "2013-10": {
            "month": "2013-10",
            "price": "10.58",
            "revenue": 267739
        },
        "2013-11": {
            "month": "2013-11",
            "price": "10.25",
            "revenue": 302994
        },
        "2013-12": {
            "month": "2013-12",
            "price": "10.35",
            "revenue": 278166
        },
        "2014-01": {
            "month": "2014-01",
            "price": "11.53",
            "revenue": 239919
        },
        "2014-02": {
            "month": "2014-02",
            "price": "11.66",
            "revenue": 194111
        },
        "2014-03": {
            "month": "2014-03",
            "price": "11.75",
            "revenue": 270591
        },
        "2014-04": {
            "month": "2014-04",
            "price": "12.58",
            "revenue": 268417
        },
        "2014-05": {
            "month": "2014-05",
            "price": "12.06",
            "revenue": 234778
        },
        "2014-06": {
            "month": "2014-06",
            "price": "12.43",
            "revenue": 250587
        },
        "2014-07": {
            "month": "2014-07",
            "price": "12.64",
            "revenue": 274613
        },
        "2014-08": {
            "month": "2014-08",
            "price": "12.66",
            "revenue": 290656
        },
        "2014-09": {
            "month": "2014-09",
            "price": "12.52",
            "revenue": 274259
        },
        "2014-10": {
            "month": "2014-10",
            "price": "11.51",
            "revenue": 270555
        },
        "2014-11": {
            "month": "2014-11",
            "price": "11.35",
            "revenue": 268991
        },
        "2014-12": {
            "month": "2014-12",
            "price": "11.97",
            "revenue": 266307
        },
        "2015-01": {
            "month": "2015-01",
            "price": "12.72",
            "revenue": 245544
        },
        "2015-02": {
            "month": "2015-02",
            "price": "13.60",
            "revenue": 143271
        },
        "2015-03": {
            "month": "2015-03",
            "price": "12.71",
            "revenue": 216390
        },
        "2015-04": {
            "month": "2015-04",
            "price": "11.82",
            "revenue": 202643
        },
        "2015-05": {
            "month": "2015-05",
            "price": "11.73",
            "revenue": 177434
        },
        "2015-06": {
            "month": "2015-06",
            "price": "10.34",
            "revenue": 188793
        },
        "2015-07": {
            "month": "2015-07",
            "price": "9.44",
            "revenue": 207381
        },
        "2015-08": {
            "month": "2015-08",
            "price": "8.57",
            "revenue": 230378
        },
        "2015-09": {
            "month": "2015-09",
            "price": "8.43",
            "revenue": 219309
        },
        "2015-10": {
            "month": "2015-10",
            "price": "8.77",
            "revenue": 209174
        },
        "2015-11": {
            "month": "2015-11",
            "price": "8.39",
            "revenue": 232504
        },
        "2015-12": {
            "month": "2015-12",
            "price": "9.29",
            "revenue": 251031
        },
        "2016-01": {
            "month": "2016-01",
            "price": "8.57",
            "revenue": 232979
        },
        "2016-02": {
            "month": "2016-02",
            "price": "8.46",
            "revenue": 182691
        },
        "2016-03": {
            "month": "2016-03",
            "price": "8.93",
            "revenue": 274835
        },
        "2016-04": {
            "month": "2016-04",
            "price": "8.79",
            "revenue": 251458
        },
        "2016-05": {
            "month": "2016-05",
            "price": "8.27",
            "revenue": 287518
        },
        "2016-06": {
            "month": "2016-06",
            "price": "8.02",
            "revenue": 270583
        },
        "2016-07": {
            "month": "2016-07",
            "price": "8.97",
            "revenue": 259688
        },
        "2016-08": {
            "month": "2016-08",
            "price": "9.06",
            "revenue": 249336
        },
        "2016-09": {
            "month": "2016-09",
            "price": "8.98",
            "revenue": 257710
        },
        "2016-10": {
            "month": "2016-10",
            "price": "9.67",
            "revenue": 270890
        },
        "2016-11": {
            "month": "2016-11",
            "price": "10.04",
            "revenue": 301722
        },
        "2016-12": {
            "month": "2016-12",
            "price": "10.23",
            "revenue": 318520
        },
        "2017-01": {
            "month": "2017-01",
            "price": "11.51",
            "revenue": 258616
        },
        "2017-02": {
            "month": "2017-02",
            "price": "12.03",
            "revenue": 251932
        },
        "2017-03": {
            "month": "2017-03",
            "price": "14.61",
            "revenue": 324967
        },
        "2017-04": {
            "month": "2017-04",
            "price": "15.61",
            "revenue": 313695
        },
        "2017-05": {
            "month": "2017-05",
            "price": "17.90",
            "revenue": 336254
        },
        "2017-06": {
            "month": "2017-06",
            "price": "18.31",
            "revenue": 326430
        },
        "2017-07": {
            "month": "2017-07",
            "price": "19.12",
            "revenue": 323335
        },
        "2017-08": {
            "month": "2017-08",
            "price": "19.29",
            "revenue": 340741
        },
        "2017-09": {
            "month": "2017-09",
            "price": "19.46",
            "revenue": 327262
        },
        "2017-10": {
            "month": "2017-10",
            "price": "18.28",
            "revenue": 325863
        },
        "2017-11": {
            "month": "2017-11",
            "price": "17.55",
            "revenue": 357098
        },
        "2017-12": {
            "month": "2017-12",
            "price": "16.69",
            "revenue": 386131
        },
        "2018-01": {
            "month": "2018-01",
            "price": "17.99",
            "revenue": 350066
        },
        "2018-02": {
            "month": "2018-02",
            "price": "18.93",
            "revenue": 223809
        },
        "2018-03": {
            "month": "2018-03",
            "price": "26.03",
            "revenue": 353695
        },
        "2018-04": {
            "month": "2018-04",
            "price": "33.16",
            "revenue": 327467
        },
        "2018-05": {
            "month": "2018-05",
            "price": "29.24",
            "revenue": 375446
        },
        "2018-06": {
            "month": "2018-06",
            "price": "25.07",
            "revenue": 356378
        },
        "2018-07": {
            "month": "2018-07",
            "price": "21.88",
            "revenue": 339038
        },
        "2018-08": {
            "month": "2018-08",
            "price": "18.94",
            "revenue": 374986
        },
        "2018-09": {
            "month": "2018-09",
            "price": "16.40",
            "revenue": 354511
        },
        "2018-10": {
            "month": "2018-10",
            "price": "15.66",
            "revenue": 347107
        },
        "2018-11": {
            "month": "2018-11",
            "price": "16.20",
            "revenue": 309872
        },
        "2018-12": {
            "month": "2018-12",
            "price": "16.64",
            "revenue": 288912
        },
        "2019-01": {
            "month": "2019-01",
            "price": "15.08",
            "revenue": 244524
        },
        "2019-02": {
            "month": "2019-02",
            "price": "18.03",
            "revenue": 193064
        },
        "2019-03": {
            "month": "2019-03",
            "price": "20.18",
            "revenue": 253798
        },
        "2019-04": {
            "month": "2019-04",
            "price": "18.53",
            "revenue": 300783
        },
        "2019-05": {
            "month": "2019-05",
            "price": "18.19",
            "revenue": 290754
        },
        "2019-06": {
            "month": "2019-06",
            "price": "19.78",
            "revenue": 247738
        },
        "2019-07": {
            "month": "2019-07",
            "price": "19.66",
            "revenue": 258053
        },
        "2019-08": {
            "month": "2019-08",
            "price": "21.15",
            "revenue": 261030
        },
        "2019-09": {
            "month": "2019-09",
            "price": "22.41",
            "revenue": 246239
        },
        "2019-10": {
            "month": "2019-10",
            "price": "21.73",
            "revenue": 246113
        },
        "2019-11": {
            "month": "2019-11",
            "price": "20.89",
            "revenue": 253314
        },
        "2019-12": {
            "month": "2019-12",
            "price": "22.42",
            "revenue": 250835
        },
        "2020-01": {
            "month": "2020-01",
            "price": "20.81",
            "revenue": 183120
        },
        "2020-02": {
            "month": "2020-02",
            "price": "18.12",
            "revenue": 135474
        },
        "2020-03": {
            "month": "2020-03",
            "price": "15.46",
            "revenue": 280120
        },
        "2020-04": {
            "month": "2020-04",
            "price": "17.15",
            "revenue": 269471
        },
        "2020-05": {
            "month": "2020-05",
            "price": "18.17",
            "revenue": 257861
        },
        "2020-06": {
            "month": "2020-06",
            "price": "18.15",
            "revenue": 259375
        },
        "2020-07": {
            "month": "2020-07",
            "price": "19.28",
            "revenue": 306738
        },
        "2020-08": {
            "month": "2020-08",
            "price": "21.41",
            "revenue": 303988
        },
        "2020-09": {
            "month": "2020-09",
            "price": "25.64",
            "revenue": 318310
        },
        "2020-10": {
            "month": "2020-10",
            "price": "26.16",
            "revenue": 322493
        },
        "2020-11": {
            "month": "2020-11",
            "price": "28.59",
            "revenue": 307277
        },
        "2020-12": {
            "month": "2020-12",
            "price": "29.02",
            "revenue": 319511
        },
        "2021-01": {
            "month": "2021-01",
            "price": "30.24",
            "revenue": 325202
        },
        "2021-02": {
            "month": "2021-02",
            "price": "30.66",
            "revenue": 224712
        },
        "2021-03": {
            "month": "2021-03",
            "price": "31.78",
            "revenue": 365133
        },
        "2021-04": {
            "month": "2021-04",
            "price": "34.53",
            "revenue": 343205
        },
        "2021-05": {
            "month": "2021-05",
            "price": "27.42",
            "revenue": 329697
        },
        "2021-06": {
            "month": "2021-06",
            "price": "28.05",
            "revenue": 314041
        },
        "2021-07": {
            "month": "2021-07",
            "price": "28.16",
            "revenue": 302738
        },
        "2021-08": {
            "month": "2021-08",
            "price": "25.42",
            "revenue": 312948
        },
        "2021-09": {
            "month": "2021-09",
            "price": "24.46",
            "revenue": 299654
        },
        "2021-10": {
            "month": "2021-10",
            "price": "23.25",
            "revenue": 309809
        },
        "2021-11": {
            "month": "2021-11",
            "price": "25.87",
            "revenue": 308111
        },
        "2021-12": {
            "month": "2021-12",
            "price": "27.99",
            "revenue": 326376
        },
        "2022-01": {
            "month": "2022-01",
            "price": "29.47",
            "revenue": 319389
        },
        "2022-02": {
            "month": "2022-02",
            "price": "27.87",
            "revenue": 236038
        },
        "2022-03": {
            "month": "2022-03",
            "price": "27.73",
            "revenue": 349275
        },
        "2022-04": {
            "month": "2022-04",
            "price": "27.08",
            "revenue": 278910
        },
        "2022-05": {
            "month": "2022-05",
            "price": "23.83",
            "revenue": 317831
        },
        "2022-06": {
            "month": "2022-06",
            "price": "23.48",
            "revenue": 325524
        },
        "2022-07": {
            "month": "2022-07",
            "price": "23.01",
            "revenue": 282373
        },
        "2022-08": {
            "month": "2022-08",
            "price": "23.32",
            "revenue": 258525
        },
        "2022-09": {
            "month": "2022-09",
            "price": "22.23",
            "revenue": 213228
        },
        "2022-10": {
            "month": "2022-10",
            "price": "18.86",
            "revenue": 208648
        },
        "2022-11": {
            "month": "2022-11",
            "price": "19.36",
            "revenue": 147993
        },
        "2022-12": {
            "month": "2022-12",
            "price": "19.63",
            "revenue": 130277
        },
        "2023-01": {
            "month": "2023-01",
            "price": "19.08",
            "revenue": 126552
        },
        "2023-02": {
            "month": "2023-02",
            "price": "19.41",
            "revenue": 158001
        },
        "2023-03": {
            "month": "2023-03",
            "price": "19.25",
            "revenue": 223545
        },
        "2023-04": {
            "month": "2023-04",
            "price": "18.75",
            "revenue": 265309
        },
        "2023-05": {
            "month": "2023-05",
            "price": "17.84",
            "revenue": 241665
        },
        "2023-06": {
            "month": "2023-06",
            "price": "17.60",
            "revenue": 200180
        },
        "2023-07": {
            "month": "2023-07",
            "price": "17.50",
            "revenue": 200405
        },
        "2023-08": {
            "month": "2023-08",
            "price": "17.06",
            "revenue": 253717
        },
        "2023-09": {
            "month": "2023-09",
            "price": "17.00",
            "revenue": 262450
        },
        "2023-10": {
            "month": "2023-10",
            "price": "16.85",
            "revenue": 210885
        },
        "2023-11": {
            "month": "2023-11",
            "price": "16.33",
            "revenue": 200149
        },
        "2023-12": {
            "month": "2023-12",
            "price": "16.17",
            "revenue": 256948
        }
    }
}
