{
    "summary": {
        "stock_name": "友勁",
        "stock_id": "6142",
        "category": "通信網路",
        "main_business": "1.研發、生產、製造、加工等及銷售電腦網路系統設備及其零組件<br>2.前項產品之進出口貿易業務<br>3.電信管制設頻器材製造業及輸入業",
        "website_url": "http://www.cameo.com.tw",
        "ceo": "鄭吉智",
        "pe_ratio": -95,
        "report_year_from": 2001,
        "report_year_to": 2023,
        "age": 23,
        "eps_negative_percentage": 35,
        "eps_growth_avg": {
            "last_all": -38.38,
            "last_2y": -87.39,
            "last_4y": -87.39,
            "last_8y": -91.59,
            "last_12y": -85.14,
            "last_16y": -55.51,
            "last_20y": -39.61,
            "at_2006_last_3y": 0.15,
            "at_2007_last_3y": 16.3,
            "at_2008_last_3y": 2.83,
            "at_2009_last_3y": -21.93,
            "at_2010_last_3y": -11.07,
            "at_2011_last_3y": -45.18,
            "at_2012_last_3y": -40.45,
            "at_2013_last_3y": -52.8,
            "at_2014_last_3y": -78.69,
            "at_2015_last_3y": -68.03,
            "at_2016_last_3y": -68.03,
            "at_2017_last_3y": -100,
            "at_2018_last_3y": -100,
            "at_2019_last_3y": -100,
            "at_2020_last_3y": -100,
            "at_2021_last_3y": null,
            "at_2022_last_3y": -74.77,
            "at_2023_last_3y": -87.39,
            "at_2024_last_3y": -87.39,
            "at_2006_last_all": -4.11,
            "at_2007_last_all": 2.64,
            "at_2008_last_all": -6.21,
            "at_2009_last_all": -5.31,
            "at_2010_last_all": -7.21,
            "at_2011_last_all": -16.48,
            "at_2012_last_all": -16.48,
            "at_2013_last_all": -18.26,
            "at_2014_last_all": -25.08,
            "at_2015_last_all": -25.08,
            "at_2016_last_all": -25.08,
            "at_2017_last_all": -30.84,
            "at_2018_last_all": -30.84,
            "at_2019_last_all": -30.84,
            "at_2020_last_all": -30.84,
            "at_2021_last_all": -30.84,
            "at_2022_last_all": -33.98,
            "at_2023_last_all": -38.38,
            "at_2024_last_all": -38.38
        },
        "latest_eps": -0.11,
        "latest_price": 10.45,
        "latest_roe": -1.16,
        "latest_gross_margin": -8.6,
        "latest_equity": 3150714,
        "latest_revenue": 248953,
        "latest_gross_profit": -21414,
        "latest_net_income": -26007,
        "latest_debt_ratio": 26.02,
        "latest_current_ratio": 490.53,
        "latest_account_receivable_turnover_ratio": 0.71,
        "latest_inventory_turnover_ratio": 0.43,
        "latest_reinvestment_rate": -2283.3,
        "latest_research_to_sale_ratio": 18.85
    },
    "eps_dividends": {
        "2001": {
            "cash": 0,
            "stock": 0,
            "eps": 4.82
        },
        "2002": {
            "cash": 0.6,
            "stock": 3,
            "eps": 3.8
        },
        "2003": {
            "cash": 0.8,
            "stock": 1.8,
            "eps": 2.73
        },
        "2004": {
            "cash": 2,
            "stock": 0,
            "eps": 2.58
        },
        "2005": {
            "cash": 0.2,
            "stock": 1.63,
            "eps": 5.37
        },
        "2006": {
            "cash": 2.73,
            "stock": 1,
            "eps": 1.84
        },
        "2007": {
            "cash": 1,
            "stock": 0.6,
            "eps": 2.51
        },
        "2008": {
            "cash": 0.2,
            "stock": 1.84,
            "eps": 1.02
        },
        "2009": {
            "cash": 0.1,
            "stock": 0.3,
            "eps": 1.03
        },
        "2010": {
            "cash": 0.12,
            "stock": 1.3,
            "eps": 0.8
        },
        "2011": {
            "cash": 0.1,
            "stock": 0.6,
            "eps": -0.49
        },
        "2012": {
            "cash": 0,
            "stock": 0,
            "eps": 0.61
        },
        "2013": {
            "cash": 0.55,
            "stock": 0,
            "eps": 0.39
        },
        "2014": {
            "cash": 0.4,
            "stock": 0,
            "eps": -0.89
        },
        "2015": {
            "cash": 0,
            "stock": 0,
            "eps": -0.56
        },
        "2016": {
            "cash": 0,
            "stock": 0,
            "eps": 0.6
        },
        "2017": {
            "cash": 0.56,
            "stock": 0,
            "eps": -0.77
        },
        "2018": {
            "cash": 0,
            "stock": 0,
            "eps": -0.83
        },
        "2019": {
            "cash": 0,
            "stock": 0,
            "eps": -1.27
        },
        "2020": {
            "cash": 0,
            "stock": 0,
            "eps": -1.7
        },
        "2021": {
            "cash": 0,
            "stock": 0,
            "eps": 1.11
        },
        "2022": {
            "cash": 0,
            "stock": 0,
            "eps": 0.28
        },
        "2023": {
            "cash": 0.22,
            "stock": 0,
            "eps": -0.12
        }
    },
    "dividends": {
        "2002-06-10": {
            "cash": 0.6,
            "stock": 3
        },
        "2003-03-27": {
            "cash": 0.8,
            "stock": 1.8
        },
        "2004-02-16": {
            "cash": 2,
            "stock": 0
        },
        "2005-02-21": {
            "cash": 0.2,
            "stock": 1.63
        },
        "2006-04-26": {
            "cash": 2.73,
            "stock": 1
        },
        "2007-04-02": {
            "cash": 1,
            "stock": 0.6
        },
        "2008-04-15": {
            "cash": 0.2,
            "stock": 1.84
        },
        "2009-03-31": {
            "cash": 0.1,
            "stock": 0.3
        },
        "2010-03-19": {
            "cash": 0.12,
            "stock": 1.3
        },
        "2011-03-18": {
            "cash": 0.1,
            "stock": 0.6
        },
        "2013-03-28": {
            "cash": 0.55,
            "stock": 0
        },
        "2014-09-24": {
            "cash": 0.4,
            "stock": 0
        },
        "2017-09-15": {
            "cash": 0.56,
            "stock": 0
        },
        "2023-09-15": {
            "cash": 0.22,
            "stock": 0
        }
    },
    "prices": {
        "200101": "無",
        "200102": "無",
        "200103": "無",
        "200104": "無",
        "200105": "無",
        "200106": "無",
        "200107": "無",
        "200108": "無",
        "200109": "無",
        "200110": "無",
        "200111": "無",
        "200112": "無",
        "200201": "48.92",
        "200202": "81.33",
        "200203": "86.64",
        "200204": "74.29",
        "200205": "59.98",
        "200206": "59.35",
        "200207": "52.76",
        "200208": "42.32",
        "200209": "38.18",
        "200210": "33.94",
        "200211": "33.49",
        "200212": "31.05",
        "200301": "30.55",
        "200302": "29.63",
        "200303": "26.50",
        "200304": "27.70",
        "200305": "29.27",
        "200306": "32.36",
        "200307": "31.54",
        "200308": "27.29",
        "200309": "24.66",
        "200310": "24.03",
        "200311": "26.78",
        "200312": "31.39",
        "200401": "34.40",
        "200402": "32.24",
        "200403": "28.52",
        "200404": "28.01",
        "200405": "24.51",
        "200406": "23.26",
        "200407": "23.91",
        "200408": "24.58",
        "200409": "26.50",
        "200410": "24.46",
        "200411": "26.42",
        "200412": "29.00",
        "200501": "26.74",
        "200502": "29.30",
        "200503": "38.06",
        "200504": "38.31",
        "200505": "37.03",
        "200506": "39.31",
        "200507": "48.23",
        "200508": "42.11",
        "200509": "40.42",
        "200510": "38.34",
        "200511": "37.73",
        "200512": "40.48",
        "200601": "41.10",
        "200602": "36.01",
        "200603": "31.90",
        "200604": "33.97",
        "200605": "31.76",
        "200606": "26.63",
        "200607": "25.84",
        "200608": "25.28",
        "200609": "23.65",
        "200610": "21.99",
        "200611": "23.39",
        "200612": "29.46",
        "200701": "29.02",
        "200702": "28.16",
        "200703": "33.02",
        "200704": "35.97",
        "200705": "40.36",
        "200706": "41.54",
        "200707": "43.90",
        "200708": "33.78",
        "200709": "33.69",
        "200710": "35.91",
        "200711": "30.04",
        "200712": "27.59",
        "200801": "23.19",
        "200802": "21.31",
        "200803": "23.17",
        "200804": "25.08",
        "200805": "22.47",
        "200806": "20.36",
        "200807": "16.66",
        "200808": "17.53",
        "200809": "13.20",
        "200810": "10.62",
        "200811": "9.64",
        "200812": "9.11",
        "200901": "10.74",
        "200902": "9.85",
        "200903": "10.88",
        "200904": "12.78",
        "200905": "13.61",
        "200906": "13.90",
        "200907": "15.00",
        "200908": "15.50",
        "200909": "16.59",
        "200910": "17.65",
        "200911": "17.75",
        "200912": "18.09",
        "201001": "18.23",
        "201002": "16.08",
        "201003": "16.92",
        "201004": "18.19",
        "201005": "17.05",
        "201006": "16.73",
        "201007": "17.08",
        "201008": "17.47",
        "201009": "15.79",
        "201010": "16.32",
        "201011": "14.67",
        "201012": "15.37",
        "201101": "14.88",
        "201102": "13.86",
        "201103": "12.95",
        "201104": "13.09",
        "201105": "12.12",
        "201106": "11.98",
        "201107": "11.11",
        "201108": "9.20",
        "201109": "8.63",
        "201110": "9.01",
        "201111": "9.10",
        "201112": "8.28",
        "201201": "8.30",
        "201202": "10.07",
        "201203": "10.23",
        "201204": "8.17",
        "201205": "7.49",
        "201206": "6.88",
        "201207": "7.55",
        "201208": "7.65",
        "201209": "7.76",
        "201210": "7.10",
        "201211": "6.88",
        "201212": "7.23",
        "201301": "7.53",
        "201302": "7.43",
        "201303": "7.72",
        "201304": "9.39",
        "201305": "10.14",
        "201306": "9.92",
        "201307": "9.72",
        "201308": "8.93",
        "201309": "9.00",
        "201310": "9.43",
        "201311": "8.99",
        "201312": "8.83",
        "201401": "9.48",
        "201402": "9.84",
        "201403": "9.73",
        "201404": "9.53",
        "201405": "8.91",
        "201406": "8.94",
        "201407": "9.19",
        "201408": "8.52",
        "201409": "7.79",
        "201410": "6.73",
        "201411": "6.26",
        "201412": "6.81",
        "201501": "7.24",
        "201502": "7.12",
        "201503": "6.88",
        "201504": "6.52",
        "201505": "6.08",
        "201506": "5.14",
        "201507": "4.54",
        "201508": "3.93",
        "201509": "4.15",
        "201510": "4.45",
        "201511": "4.76",
        "201512": "5.66",
        "201601": "5.27",
        "201602": "5.58",
        "201603": "5.78",
        "201604": "5.44",
        "201605": "5.48",
        "201606": "5.71",
        "201607": "6.11",
        "201608": "6.27",
        "201609": "6.17",
        "201610": "6.15",
        "201611": "5.80",
        "201612": "5.96",
        "201701": "6.32",
        "201702": "6.52",
        "201703": "7.48",
        "201704": "9.22",
        "201705": "8.38",
        "201706": "8.21",
        "201707": "8.48",
        "201708": "8.52",
        "201709": "8.45",
        "201710": "8.41",
        "201711": "8.14",
        "201712": "7.99",
        "201801": "8.25",
        "201802": "7.53",
        "201803": "7.96",
        "201804": "7.56",
        "201805": "7.04",
        "201806": "8.02",
        "201807": "7.73",
        "201808": "7.83",
        "201809": "8.49",
        "201810": "7.87",
        "201811": "8.16",
        "201812": "8.46",
        "201901": "8.44",
        "201902": "8.57",
        "201903": "9.19",
        "201904": "8.58",
        "201905": "8.01",
        "201906": "7.40",
        "201907": "8.18",
        "201908": "8.45",
        "201909": "8.21",
        "201910": "8.14",
        "201911": "8.01",
        "201912": "7.80",
        "202001": "7.52",
        "202002": "7.00",
        "202003": "5.44",
        "202004": "6.27",
        "202005": "7.08",
        "202006": "8.64",
        "202007": "9.68",
        "202008": "8.22",
        "202009": "8.33",
        "202010": "8.06",
        "202011": "7.75",
        "202012": "9.38",
        "202101": "8.60",
        "202102": "9.93",
        "202103": "12.09",
        "202104": "15.99",
        "202105": "12.19",
        "202106": "12.14",
        "202107": "12.72",
        "202108": "12.08",
        "202109": "11.69",
        "202110": "11.64",
        "202111": "11.75",
        "202112": "11.24",
        "202201": "10.43",
        "202202": "9.78",
        "202203": "9.38",
        "202204": "9.85",
        "202205": "8.97",
        "202206": "9.02",
        "202207": "8.40",
        "202208": "9.68",
        "202209": "9.77",
        "202210": "9.14",
        "202211": "9.68",
        "202212": "10.02",
        "202301": "10.11",
        "202302": "11.39",
        "202303": "12.56",
        "202304": "13.76",
        "202305": "12.88",
        "202306": "12.93",
        "202307": "12.69",
        "202308": "11.21",
        "202309": "10.62",
        "202310": "9.72",
        "202311": "9.68",
        "202312": "10.10"
    },
    "quarters": {
        "20011": {
            "year_quarter": 20011,
            "year": 2001,
            "quarter": 1,
            "eps": 1.11,
            "eps_growth_year": null,
            "eps_4q": null,
            "eps_4q_growth_year": null,
            "roe": 6.33,
            "roe_4q": 6.33,
            "gross_profit": 129360,
            "gross_margin": 14.83,
            "gross_margin_4q_avg": 14.83,
            "net_income": 64224,
            "net_income_4q": null,
            "revenue": 872185,
            "revenue_4q": null,
            "common_shares": 578028,
            "book_valuer_per_share": 18.1,
            "book_valuer_per_share_4q_avg": 18.1,
            "equity": 1046000,
            "current_ratio": 182.03,
            "debt_ratio": 45.74,
            "inventory_turnover_ratio": 1.85,
            "account_receivable_turnover_ratio": null,
            "reinvestment_rate": null,
            "research_to_sale_ratio": null,
            "price_fair": 0,
            "eps_avg_yearly": 0,
            "eps_latest_yearly": 0,
            "eps_growth_yearly": 0
        },
        "20012": {
            "year_quarter": 20012,
            "year": 2001,
            "quarter": 2,
            "eps": 1.33,
            "eps_growth_year": null,
            "eps_4q": null,
            "eps_4q_growth_year": null,
            "roe": 7.08,
            "roe_4q": 13.41,
            "gross_profit": 139829,
            "gross_margin": 17.6,
            "gross_margin_4q_avg": 16.22,
            "net_income": 76790,
            "net_income_4q": null,
            "revenue": 794609,
            "revenue_4q": null,
            "common_shares": 578028,
            "book_valuer_per_share": 19.42,
            "book_valuer_per_share_4q_avg": 18.76,
            "equity": 1122289,
            "current_ratio": 185.59,
            "debt_ratio": 44.44,
            "inventory_turnover_ratio": 1.72,
            "account_receivable_turnover_ratio": null,
            "reinvestment_rate": null,
            "research_to_sale_ratio": null,
            "price_fair": 0,
            "eps_avg_yearly": 0,
            "eps_latest_yearly": 0,
            "eps_growth_yearly": 0
        },
        "20013": {
            "year_quarter": 20013,
            "year": 2001,
            "quarter": 3,
            "eps": 0.51,
            "eps_growth_year": null,
            "eps_4q": null,
            "eps_4q_growth_year": null,
            "roe": 3,
            "roe_4q": 16.41,
            "gross_profit": 130275,
            "gross_margin": 15.58,
            "gross_margin_4q_avg": 16,
            "net_income": 34147,
            "net_income_4q": null,
            "revenue": 835946,
            "revenue_4q": null,
            "common_shares": 674622,
            "book_valuer_per_share": 17.14,
            "book_valuer_per_share_4q_avg": 18.22,
            "equity": 1156436,
            "current_ratio": 194.54,
            "debt_ratio": 42.12,
            "inventory_turnover_ratio": 2.06,
            "account_receivable_turnover_ratio": null,
            "reinvestment_rate": null,
            "research_to_sale_ratio": null,
            "price_fair": 0,
            "eps_avg_yearly": 0,
            "eps_latest_yearly": 0,
            "eps_growth_yearly": 0
        },
        "20014": {
            "year_quarter": 20014,
            "year": 2001,
            "quarter": 4,
            "eps": 1.87,
            "eps_growth_year": null,
            "eps_4q": 4.47,
            "eps_4q_growth_year": null,
            "roe": 10.32,
            "roe_4q": 26.729999999999997,
            "gross_profit": 173740,
            "gross_margin": 15.32,
            "gross_margin_4q_avg": 15.83,
            "net_income": 125818,
            "net_income_4q": null,
            "revenue": 1133936,
            "revenue_4q": null,
            "common_shares": 674622,
            "book_valuer_per_share": 19.01,
            "book_valuer_per_share_4q_avg": 18.42,
            "equity": 1282388,
            "current_ratio": 186.99,
            "debt_ratio": 45.07,
            "inventory_turnover_ratio": 3.26,
            "account_receivable_turnover_ratio": null,
            "reinvestment_rate": null,
            "research_to_sale_ratio": null,
            "price_fair": 0,
            "eps_avg_yearly": 0,
            "eps_latest_yearly": 0,
            "eps_growth_yearly": 0
        },
        "20021": {
            "year_quarter": 20021,
            "year": 2002,
            "quarter": 1,
            "eps": 1.2,
            "eps_growth_year": 8.11,
            "eps_4q": 4.71,
            "eps_4q_growth_year": null,
            "roe": 6.12,
            "roe_4q": 26.520000000000003,
            "gross_profit": 146078,
            "gross_margin": 15.75,
            "gross_margin_4q_avg": 16.06,
            "net_income": 80940,
            "net_income_4q": null,
            "revenue": 927231,
            "revenue_4q": null,
            "common_shares": 674622,
            "book_valuer_per_share": 20.21,
            "book_valuer_per_share_4q_avg": 18.95,
            "equity": 1363328,
            "current_ratio": 189.84,
            "debt_ratio": 44.84,
            "inventory_turnover_ratio": 2.29,
            "account_receivable_turnover_ratio": null,
            "reinvestment_rate": null,
            "research_to_sale_ratio": null,
            "price_fair": 14.4,
            "eps_avg_yearly": 4.8,
            "eps_latest_yearly": 4.8,
            "eps_growth_yearly": -143.32
        },
        "20022": {
            "year_quarter": 20022,
            "year": 2002,
            "quarter": 2,
            "eps": 0.67,
            "eps_growth_year": -49.62,
            "eps_4q": 4.21,
            "eps_4q_growth_year": null,
            "roe": 3.34,
            "roe_4q": 22.78,
            "gross_profit": 113077,
            "gross_margin": 12.84,
            "gross_margin_4q_avg": 14.87,
            "net_income": 45545,
            "net_income_4q": null,
            "revenue": 880884,
            "revenue_4q": null,
            "common_shares": 674622,
            "book_valuer_per_share": 20.24,
            "book_valuer_per_share_4q_avg": 19.15,
            "equity": 1365378,
            "current_ratio": 214.17,
            "debt_ratio": 39.1,
            "inventory_turnover_ratio": 2.18,
            "account_receivable_turnover_ratio": null,
            "reinvestment_rate": null,
            "research_to_sale_ratio": null,
            "price_fair": 11.22,
            "eps_avg_yearly": 3.74,
            "eps_latest_yearly": 2.68,
            "eps_growth_yearly": -159.99
        },
        "20023": {
            "year_quarter": 20023,
            "year": 2002,
            "quarter": 3,
            "eps": 0.76,
            "eps_growth_year": 49.02,
            "eps_4q": 3.57,
            "eps_4q_growth_year": null,
            "roe": 4.88,
            "roe_4q": 24.66,
            "gross_profit": 132702,
            "gross_margin": 13.26,
            "gross_margin_4q_avg": 14.29,
            "net_income": 68319,
            "net_income_4q": null,
            "revenue": 1000553,
            "revenue_4q": null,
            "common_shares": 902008,
            "book_valuer_per_share": 15.89,
            "book_valuer_per_share_4q_avg": 18.84,
            "equity": 1433066,
            "current_ratio": 199.51,
            "debt_ratio": 42.34,
            "inventory_turnover_ratio": 2.62,
            "account_receivable_turnover_ratio": null,
            "reinvestment_rate": null,
            "research_to_sale_ratio": null,
            "price_fair": 10.52,
            "eps_avg_yearly": 3.51,
            "eps_latest_yearly": 3.04,
            "eps_growth_yearly": -88.75
        },
        "20024": {
            "year_quarter": 20024,
            "year": 2002,
            "quarter": 4,
            "eps": 1.17,
            "eps_growth_year": -37.43,
            "eps_4q": 3.32,
            "eps_4q_growth_year": -25.76,
            "roe": 7.13,
            "roe_4q": 21.47,
            "gross_profit": 176286,
            "gross_margin": 15.18,
            "gross_margin_4q_avg": 14.26,
            "net_income": 105951,
            "net_income_4q": null,
            "revenue": 1161500,
            "revenue_4q": null,
            "common_shares": 902008,
            "book_valuer_per_share": 17.06,
            "book_valuer_per_share_4q_avg": 18.35,
            "equity": 1539189,
            "current_ratio": 209.67,
            "debt_ratio": 40.06,
            "inventory_turnover_ratio": 3.06,
            "account_receivable_turnover_ratio": null,
            "reinvestment_rate": null,
            "research_to_sale_ratio": null,
            "price_fair": 11.4,
            "eps_avg_yearly": 3.8,
            "eps_latest_yearly": 4.68,
            "eps_growth_yearly": -12.62
        },
        "20031": {
            "year_quarter": 20031,
            "year": 2003,
            "quarter": 1,
            "eps": 0.75,
            "eps_growth_year": -37.5,
            "eps_4q": 3.17,
            "eps_4q_growth_year": -32.63,
            "roe": 4.32,
            "roe_4q": 19.669999999999998,
            "gross_profit": 131768,
            "gross_margin": 14.23,
            "gross_margin_4q_avg": 13.88,
            "net_income": 68031,
            "net_income_4q": null,
            "revenue": 926280,
            "revenue_4q": null,
            "common_shares": 902008,
            "book_valuer_per_share": 17.82,
            "book_valuer_per_share_4q_avg": 17.75,
            "equity": 1607221,
            "current_ratio": 223.85,
            "debt_ratio": 37.36,
            "inventory_turnover_ratio": 2.67,
            "account_receivable_turnover_ratio": null,
            "reinvestment_rate": null,
            "research_to_sale_ratio": null,
            "price_fair": 10.92,
            "eps_avg_yearly": 3.64,
            "eps_latest_yearly": 3,
            "eps_growth_yearly": -38.81
        },
        "20032": {
            "year_quarter": 20032,
            "year": 2003,
            "quarter": 2,
            "eps": 0.74,
            "eps_growth_year": 10.45,
            "eps_4q": 3.41,
            "eps_4q_growth_year": -19.08,
            "roe": 4.19,
            "roe_4q": 20.52,
            "gross_profit": 114310,
            "gross_margin": 13.01,
            "gross_margin_4q_avg": 13.92,
            "net_income": 67163,
            "net_income_4q": null,
            "revenue": 878528,
            "revenue_4q": null,
            "common_shares": 902008,
            "book_valuer_per_share": 17.7,
            "book_valuer_per_share_4q_avg": 17.12,
            "equity": 1596809,
            "current_ratio": 210.64,
            "debt_ratio": 38.2,
            "inventory_turnover_ratio": 2.44,
            "account_receivable_turnover_ratio": null,
            "reinvestment_rate": null,
            "research_to_sale_ratio": null,
            "price_fair": 10.58,
            "eps_avg_yearly": 3.53,
            "eps_latest_yearly": 2.96,
            "eps_growth_yearly": -33.23
        },
        "20033": {
            "year_quarter": 20033,
            "year": 2003,
            "quarter": 3,
            "eps": 0.55,
            "eps_growth_year": -27.63,
            "eps_4q": 2.78,
            "eps_4q_growth_year": -22.16,
            "roe": 3.66,
            "roe_4q": 19.3,
            "gross_profit": 130475,
            "gross_margin": 12.65,
            "gross_margin_4q_avg": 13.77,
            "net_income": 59578,
            "net_income_4q": null,
            "revenue": 1031515,
            "revenue_4q": null,
            "common_shares": 1089370,
            "book_valuer_per_share": 15.2,
            "book_valuer_per_share_4q_avg": 16.95,
            "equity": 1656387,
            "current_ratio": 214.61,
            "debt_ratio": 37.67,
            "inventory_turnover_ratio": 2.75,
            "account_receivable_turnover_ratio": null,
            "reinvestment_rate": null,
            "research_to_sale_ratio": null,
            "price_fair": 10.01,
            "eps_avg_yearly": 3.34,
            "eps_latest_yearly": 2.2,
            "eps_growth_yearly": -43.16
        },
        "20034": {
            "year_quarter": 20034,
            "year": 2003,
            "quarter": 4,
            "eps": 0.69,
            "eps_growth_year": -41.03,
            "eps_4q": 2.47,
            "eps_4q_growth_year": -25.76,
            "roe": 4.47,
            "roe_4q": 16.64,
            "gross_profit": 165819,
            "gross_margin": 12.17,
            "gross_margin_4q_avg": 13.02,
            "net_income": 75692,
            "net_income_4q": null,
            "revenue": 1363042,
            "revenue_4q": null,
            "common_shares": 1089369,
            "book_valuer_per_share": 15.9,
            "book_valuer_per_share_4q_avg": 16.66,
            "equity": 1731832,
            "current_ratio": 188.81,
            "debt_ratio": 44.1,
            "inventory_turnover_ratio": 2.99,
            "account_receivable_turnover_ratio": null,
            "reinvestment_rate": null,
            "research_to_sale_ratio": null,
            "price_fair": 9.8,
            "eps_avg_yearly": 3.27,
            "eps_latest_yearly": 2.76,
            "eps_growth_yearly": -25.03
        },
        "20041": {
            "year_quarter": 20041,
            "year": 2004,
            "quarter": 1,
            "eps": 0.47,
            "eps_growth_year": -37.33,
            "eps_4q": 2.34,
            "eps_4q_growth_year": -26.38,
            "roe": 2.9,
            "roe_4q": 15.219999999999999,
            "gross_profit": 138626,
            "gross_margin": 11.97,
            "gross_margin_4q_avg": 12.45,
            "net_income": 50985,
            "net_income_4q": null,
            "revenue": 1157882,
            "revenue_4q": null,
            "common_shares": 1089370,
            "book_valuer_per_share": 16.35,
            "book_valuer_per_share_4q_avg": 16.29,
            "equity": 1781022,
            "current_ratio": 208.28,
            "debt_ratio": 38.78,
            "inventory_turnover_ratio": 2.2,
            "account_receivable_turnover_ratio": null,
            "reinvestment_rate": null,
            "research_to_sale_ratio": null,
            "price_fair": 9.33,
            "eps_avg_yearly": 3.11,
            "eps_latest_yearly": 1.88,
            "eps_growth_yearly": -36.42
        },
        "20042": {
            "year_quarter": 20042,
            "year": 2004,
            "quarter": 2,
            "eps": 0.74,
            "eps_growth_year": 0,
            "eps_4q": 2.45,
            "eps_4q_growth_year": -28.12,
            "roe": 4.71,
            "roe_4q": 15.739999999999998,
            "gross_profit": 163583,
            "gross_margin": 12.09,
            "gross_margin_4q_avg": 12.22,
            "net_income": 80558,
            "net_income_4q": null,
            "revenue": 1353173,
            "revenue_4q": null,
            "common_shares": 1089370,
            "book_valuer_per_share": 15.04,
            "book_valuer_per_share_4q_avg": 15.62,
            "equity": 1637943,
            "current_ratio": 169.43,
            "debt_ratio": 47.32,
            "inventory_turnover_ratio": 2.49,
            "account_receivable_turnover_ratio": null,
            "reinvestment_rate": null,
            "research_to_sale_ratio": null,
            "price_fair": 9.29,
            "eps_avg_yearly": 3.1,
            "eps_latest_yearly": 2.96,
            "eps_growth_yearly": -9.8
        },
        "20043": {
            "year_quarter": 20043,
            "year": 2004,
            "quarter": 3,
            "eps": 0.68,
            "eps_growth_year": 23.64,
            "eps_4q": 2.54,
            "eps_4q_growth_year": -8.35,
            "roe": 4.51,
            "roe_4q": 16.59,
            "gross_profit": 172059,
            "gross_margin": 13.35,
            "gross_margin_4q_avg": 12.4,
            "net_income": 75588,
            "net_income_4q": null,
            "revenue": 1288617,
            "revenue_4q": null,
            "common_shares": 1113370,
            "book_valuer_per_share": 15.39,
            "book_valuer_per_share_4q_avg": 15.67,
            "equity": 1713849,
            "current_ratio": 186.06,
            "debt_ratio": 42.71,
            "inventory_turnover_ratio": 2.31,
            "account_receivable_turnover_ratio": null,
            "reinvestment_rate": null,
            "research_to_sale_ratio": null,
            "price_fair": 9.19,
            "eps_avg_yearly": 3.06,
            "eps_latest_yearly": 2.72,
            "eps_growth_yearly": -11.86
        },
        "20044": {
            "year_quarter": 20044,
            "year": 2004,
            "quarter": 4,
            "eps": 0.69,
            "eps_growth_year": 0,
            "eps_4q": 2.55,
            "eps_4q_growth_year": 3.45,
            "roe": 4.39,
            "roe_4q": 16.509999999999998,
            "gross_profit": 232249,
            "gross_margin": 13.8,
            "gross_margin_4q_avg": 12.8,
            "net_income": 76813,
            "net_income_4q": null,
            "revenue": 1682466,
            "revenue_4q": null,
            "common_shares": 1113369,
            "book_valuer_per_share": 16.01,
            "book_valuer_per_share_4q_avg": 15.7,
            "equity": 1782930,
            "current_ratio": 172.57,
            "debt_ratio": 47.71,
            "inventory_turnover_ratio": 3.43,
            "account_receivable_turnover_ratio": null,
            "reinvestment_rate": 7.63,
            "research_to_sale_ratio": null,
            "price_fair": 9.11,
            "eps_avg_yearly": 3.04,
            "eps_latest_yearly": 2.76,
            "eps_growth_yearly": -10.38
        },
        "20051": {
            "year_quarter": 20051,
            "year": 2005,
            "quarter": 1,
            "eps": 1.26,
            "eps_growth_year": 168.09,
            "eps_4q": 3.34,
            "eps_4q_growth_year": 43.16,
            "roe": 7.6,
            "roe_4q": 21.21,
            "gross_profit": 331479,
            "gross_margin": 15.17,
            "gross_margin_4q_avg": 13.6,
            "net_income": 140824,
            "net_income_4q": null,
            "revenue": 2184407,
            "revenue_4q": null,
            "common_shares": 1113369,
            "book_valuer_per_share": 17.27,
            "book_valuer_per_share_4q_avg": 15.93,
            "equity": 1922750,
            "current_ratio": 148.71,
            "debt_ratio": 57.31,
            "inventory_turnover_ratio": 3.31,
            "account_receivable_turnover_ratio": null,
            "reinvestment_rate": 7.31,
            "research_to_sale_ratio": null,
            "price_fair": 82.44,
            "eps_avg_yearly": 3.19,
            "eps_latest_yearly": 5.04,
            "eps_growth_yearly": 15.84
        },
        "20052": {
            "year_quarter": 20052,
            "year": 2005,
            "quarter": 2,
            "eps": 1.42,
            "eps_growth_year": 91.89,
            "eps_4q": 3.62,
            "eps_4q_growth_year": 47.52,
            "roe": 9.47,
            "roe_4q": 25.97,
            "gross_profit": 458023,
            "gross_margin": 15.72,
            "gross_margin_4q_avg": 14.51,
            "net_income": 189650,
            "net_income_4q": null,
            "revenue": 2913748,
            "revenue_4q": null,
            "common_shares": 1113369,
            "book_valuer_per_share": 18.72,
            "book_valuer_per_share_4q_avg": 16.85,
            "equity": 2084436,
            "current_ratio": 146.73,
            "debt_ratio": 57,
            "inventory_turnover_ratio": 3.02,
            "account_receivable_turnover_ratio": null,
            "reinvestment_rate": 4.19,
            "research_to_sale_ratio": null,
            "price_fair": 95.44,
            "eps_avg_yearly": 3.37,
            "eps_latest_yearly": 5.68,
            "eps_growth_yearly": 18.33
        },
        "20053": {
            "year_quarter": 20053,
            "year": 2005,
            "quarter": 3,
            "eps": 1.83,
            "eps_growth_year": 169.12,
            "eps_4q": 4.88,
            "eps_4q_growth_year": 91.84,
            "roe": 11.02,
            "roe_4q": 32.480000000000004,
            "gross_profit": 458112,
            "gross_margin": 16.37,
            "gross_margin_4q_avg": 15.27,
            "net_income": 244282,
            "net_income_4q": null,
            "revenue": 2799080,
            "revenue_4q": null,
            "common_shares": 1331249,
            "book_valuer_per_share": 17.64,
            "book_valuer_per_share_4q_avg": 17.41,
            "equity": 2347822,
            "current_ratio": 153.24,
            "debt_ratio": 54.06,
            "inventory_turnover_ratio": 2.8,
            "account_receivable_turnover_ratio": null,
            "reinvestment_rate": 3.41,
            "research_to_sale_ratio": null,
            "price_fair": 126.43,
            "eps_avg_yearly": 3.63,
            "eps_latest_yearly": 7.32,
            "eps_growth_yearly": 24.81
        },
        "20054": {
            "year_quarter": 20054,
            "year": 2005,
            "quarter": 4,
            "eps": 0.86,
            "eps_growth_year": 24.64,
            "eps_4q": 5.16,
            "eps_4q_growth_year": 102.23,
            "roe": 4.44,
            "roe_4q": 32.53,
            "gross_profit": 428789,
            "gross_margin": 13.69,
            "gross_margin_4q_avg": 15.24,
            "net_income": 115000,
            "net_income_4q": null,
            "revenue": 3132379,
            "revenue_4q": null,
            "common_shares": 1481348,
            "book_valuer_per_share": 18.88,
            "book_valuer_per_share_4q_avg": 18.13,
            "equity": 2827993,
            "current_ratio": 121.91,
            "debt_ratio": 58.79,
            "inventory_turnover_ratio": 2.75,
            "account_receivable_turnover_ratio": null,
            "reinvestment_rate": 80.75,
            "research_to_sale_ratio": null,
            "price_fair": 72.43,
            "eps_avg_yearly": 3.62,
            "eps_latest_yearly": 3.44,
            "eps_growth_yearly": 10.01
        },
        "20061": {
            "year_quarter": 20061,
            "year": 2006,
            "quarter": 1,
            "eps": 0.61,
            "eps_growth_year": -51.59,
            "eps_4q": 4.29,
            "eps_4q_growth_year": 28.22,
            "roe": 3.19,
            "roe_4q": 28.119999999999997,
            "gross_profit": 260737,
            "gross_margin": 12.06,
            "gross_margin_4q_avg": 14.46,
            "net_income": 91035,
            "net_income_4q": null,
            "revenue": 2161897,
            "revenue_4q": null,
            "common_shares": 1481348,
            "book_valuer_per_share": 19.48,
            "book_valuer_per_share_4q_avg": 18.68,
            "equity": 2885602,
            "current_ratio": 170.07,
            "debt_ratio": 45.18,
            "inventory_turnover_ratio": 1.6,
            "account_receivable_turnover_ratio": null,
            "reinvestment_rate": 7.45,
            "research_to_sale_ratio": null,
            "price_fair": 75.35,
            "eps_avg_yearly": 3.47,
            "eps_latest_yearly": 2.44,
            "eps_growth_yearly": 11.7
        },
        "20062": {
            "year_quarter": 20062,
            "year": 2006,
            "quarter": 2,
            "eps": 0.11,
            "eps_growth_year": -92.25,
            "eps_4q": 2.69,
            "eps_4q_growth_year": -25.63,
            "roe": 0.72,
            "roe_4q": 19.37,
            "gross_profit": 234322,
            "gross_margin": 10.13,
            "gross_margin_4q_avg": 13.06,
            "net_income": 19207,
            "net_income_4q": null,
            "revenue": 2313403,
            "revenue_4q": null,
            "common_shares": 1481348,
            "book_valuer_per_share": 16.73,
            "book_valuer_per_share_4q_avg": 18.18,
            "equity": 2478857,
            "current_ratio": 144.09,
            "debt_ratio": 51.47,
            "inventory_turnover_ratio": 1.69,
            "account_receivable_turnover_ratio": null,
            "reinvestment_rate": 9.08,
            "research_to_sale_ratio": null,
            "price_fair": 40.82,
            "eps_avg_yearly": 3.33,
            "eps_latest_yearly": 0.44,
            "eps_growth_yearly": 2.25
        },
        "20063": {
            "year_quarter": 20063,
            "year": 2006,
            "quarter": 3,
            "eps": 0.63,
            "eps_growth_year": -65.57,
            "eps_4q": 1.97,
            "eps_4q_growth_year": -59.61,
            "roe": 4.16,
            "roe_4q": 12.510000000000002,
            "gross_profit": 272298,
            "gross_margin": 10.76,
            "gross_margin_4q_avg": 11.66,
            "net_income": 105795,
            "net_income_4q": null,
            "revenue": 2530799,
            "revenue_4q": null,
            "common_shares": 1481348,
            "book_valuer_per_share": 17.64,
            "book_valuer_per_share_4q_avg": 18.18,
            "equity": 2612428,
            "current_ratio": 134.89,
            "debt_ratio": 54.65,
            "inventory_turnover_ratio": 1.85,
            "account_receivable_turnover_ratio": null,
            "reinvestment_rate": 8.55,
            "research_to_sale_ratio": null,
            "price_fair": 115.5,
            "eps_avg_yearly": 3.3,
            "eps_latest_yearly": 2.52,
            "eps_growth_yearly": 117.07
        },
        "20064": {
            "year_quarter": 20064,
            "year": 2006,
            "quarter": 4,
            "eps": 0.49,
            "eps_growth_year": -43.02,
            "eps_4q": 1.76,
            "eps_4q_growth_year": -65.81,
            "roe": 3.06,
            "roe_4q": 11.13,
            "gross_profit": 268958,
            "gross_margin": 10.62,
            "gross_margin_4q_avg": 10.89,
            "net_income": 83133,
            "net_income_4q": null,
            "revenue": 2532111,
            "revenue_4q": null,
            "common_shares": 1685483,
            "book_valuer_per_share": 16.09,
            "book_valuer_per_share_4q_avg": 17.49,
            "equity": 2820163,
            "current_ratio": 121.75,
            "debt_ratio": 56.46,
            "inventory_turnover_ratio": 1.99,
            "account_receivable_turnover_ratio": null,
            "reinvestment_rate": 76.17,
            "research_to_sale_ratio": null,
            "price_fair": 109.55,
            "eps_avg_yearly": 3.13,
            "eps_latest_yearly": 1.96,
            "eps_growth_yearly": 98.03
        },
        "20071": {
            "year_quarter": 20071,
            "year": 2007,
            "quarter": 1,
            "eps": 0.57,
            "eps_growth_year": -6.56,
            "eps_4q": 1.8,
            "eps_4q_growth_year": -58.08,
            "roe": 3.4,
            "roe_4q": 11.340000000000002,
            "gross_profit": 232514,
            "gross_margin": 9.78,
            "gross_margin_4q_avg": 10.32,
            "net_income": 96655,
            "net_income_4q": null,
            "revenue": 2377133,
            "revenue_4q": null,
            "common_shares": 1685483,
            "book_valuer_per_share": 17.01,
            "book_valuer_per_share_4q_avg": 16.87,
            "equity": 2866293,
            "current_ratio": 173.4,
            "debt_ratio": 53.63,
            "inventory_turnover_ratio": 1.93,
            "account_receivable_turnover_ratio": null,
            "reinvestment_rate": -5.35,
            "research_to_sale_ratio": null,
            "price_fair": 107.98,
            "eps_avg_yearly": 3.09,
            "eps_latest_yearly": 2.28,
            "eps_growth_yearly": 111.09
        },
        "20072": {
            "year_quarter": 20072,
            "year": 2007,
            "quarter": 2,
            "eps": 0.76,
            "eps_growth_year": 590.91,
            "eps_4q": 2.32,
            "eps_4q_growth_year": -13.58,
            "roe": 4.87,
            "roe_4q": 15.49,
            "gross_profit": 295941,
            "gross_margin": 10.46,
            "gross_margin_4q_avg": 10.41,
            "net_income": 138782,
            "net_income_4q": null,
            "revenue": 2828014,
            "revenue_4q": null,
            "common_shares": 1685483,
            "book_valuer_per_share": 16.79,
            "book_valuer_per_share_4q_avg": 16.88,
            "equity": 2829735,
            "current_ratio": 162.71,
            "debt_ratio": 54.79,
            "inventory_turnover_ratio": 2.22,
            "account_receivable_turnover_ratio": null,
            "reinvestment_rate": -6.16,
            "research_to_sale_ratio": null,
            "price_fair": 108.15,
            "eps_avg_yearly": 3.09,
            "eps_latest_yearly": 3.04,
            "eps_growth_yearly": 119.75
        },
        "20073": {
            "year_quarter": 20073,
            "year": 2007,
            "quarter": 3,
            "eps": 0.86,
            "eps_growth_year": 36.51,
            "eps_4q": 2.62,
            "eps_4q_growth_year": 32.92,
            "roe": 5.34,
            "roe_4q": 16.67,
            "gross_profit": 387725,
            "gross_margin": 11.96,
            "gross_margin_4q_avg": 10.71,
            "net_income": 155637,
            "net_income_4q": null,
            "revenue": 3240823,
            "revenue_4q": null,
            "common_shares": 1814612,
            "book_valuer_per_share": 16.52,
            "book_valuer_per_share_4q_avg": 16.6,
            "equity": 2998299,
            "current_ratio": 144.96,
            "debt_ratio": 60.85,
            "inventory_turnover_ratio": 2.07,
            "account_receivable_turnover_ratio": null,
            "reinvestment_rate": -6.4,
            "research_to_sale_ratio": null,
            "price_fair": 110.86,
            "eps_avg_yearly": 3.17,
            "eps_latest_yearly": 3.44,
            "eps_growth_yearly": 129.46
        },
        "20074": {
            "year_quarter": 20074,
            "year": 2007,
            "quarter": 4,
            "eps": 0.32,
            "eps_growth_year": -34.69,
            "eps_4q": 2.49,
            "eps_4q_growth_year": 41.48,
            "roe": 1.9,
            "roe_4q": 15.51,
            "gross_profit": 293671,
            "gross_margin": 9.24,
            "gross_margin_4q_avg": 10.36,
            "net_income": 57542,
            "net_income_4q": null,
            "revenue": 3179704,
            "revenue_4q": null,
            "common_shares": 1814612,
            "book_valuer_per_share": 16.94,
            "book_valuer_per_share_4q_avg": 16.82,
            "equity": 3073963,
            "current_ratio": 143.69,
            "debt_ratio": 62.4,
            "inventory_turnover_ratio": 1.95,
            "account_receivable_turnover_ratio": null,
            "reinvestment_rate": 65.33,
            "research_to_sale_ratio": null,
            "price_fair": 107.63,
            "eps_avg_yearly": 3.08,
            "eps_latest_yearly": 1.28,
            "eps_growth_yearly": 107.4
        },
        "20081": {
            "year_quarter": 20081,
            "year": 2008,
            "quarter": 1,
            "eps": -0.02,
            "eps_growth_year": -103.51,
            "eps_4q": 1.85,
            "eps_4q_growth_year": 2.82,
            "roe": -0.12,
            "roe_4q": 11.989999999999998,
            "gross_profit": 343425,
            "gross_margin": 12.71,
            "gross_margin_4q_avg": 11.09,
            "net_income": -3768,
            "net_income_4q": null,
            "revenue": 2701295,
            "revenue_4q": null,
            "common_shares": 1814612,
            "book_valuer_per_share": 16.92,
            "book_valuer_per_share_4q_avg": 16.79,
            "equity": 3069663,
            "current_ratio": 133.31,
            "debt_ratio": 65.96,
            "inventory_turnover_ratio": 1.63,
            "account_receivable_turnover_ratio": null,
            "reinvestment_rate": 58.69,
            "research_to_sale_ratio": null,
            "price_fair": 110.41,
            "eps_avg_yearly": 3.15,
            "eps_latest_yearly": 1.28,
            "eps_growth_yearly": 123.06
        },
        "20082": {
            "year_quarter": 20082,
            "year": 2008,
            "quarter": 2,
            "eps": 0.4,
            "eps_growth_year": -47.37,
            "eps_4q": 1.34,
            "eps_4q_growth_year": -42.44,
            "roe": 2.91,
            "roe_4q": 10.03,
            "gross_profit": 369910,
            "gross_margin": 12.34,
            "gross_margin_4q_avg": 11.56,
            "net_income": 89326,
            "net_income_4q": null,
            "revenue": 2998811,
            "revenue_4q": null,
            "common_shares": 1814612,
            "book_valuer_per_share": 16.88,
            "book_valuer_per_share_4q_avg": 16.82,
            "equity": 3063730,
            "current_ratio": 130.41,
            "debt_ratio": 68.85,
            "inventory_turnover_ratio": 1.68,
            "account_receivable_turnover_ratio": null,
            "reinvestment_rate": 51.22,
            "research_to_sale_ratio": null,
            "price_fair": 110.9,
            "eps_avg_yearly": 3.17,
            "eps_latest_yearly": 1.28,
            "eps_growth_yearly": 115.44
        },
        "20083": {
            "year_quarter": 20083,
            "year": 2008,
            "quarter": 3,
            "eps": 0.93,
            "eps_growth_year": 8.14,
            "eps_4q": 1.58,
            "eps_4q_growth_year": -39.74,
            "roe": 6.48,
            "roe_4q": 11.170000000000002,
            "gross_profit": 379489,
            "gross_margin": 10.02,
            "gross_margin_4q_avg": 11.08,
            "net_income": 205037,
            "net_income_4q": null,
            "revenue": 3786624,
            "revenue_4q": null,
            "common_shares": 2209063,
            "book_valuer_per_share": 14.8,
            "book_valuer_per_share_4q_avg": 16.39,
            "equity": 3268502,
            "current_ratio": 133.33,
            "debt_ratio": 70.05,
            "inventory_turnover_ratio": 2.21,
            "account_receivable_turnover_ratio": null,
            "reinvestment_rate": 49.47,
            "research_to_sale_ratio": null,
            "price_fair": 113.4,
            "eps_avg_yearly": 3.24,
            "eps_latest_yearly": 3.72,
            "eps_growth_yearly": 155.61
        },
        "20084": {
            "year_quarter": 20084,
            "year": 2008,
            "quarter": 4,
            "eps": -0.29,
            "eps_growth_year": -190.62,
            "eps_4q": 1.02,
            "eps_4q_growth_year": -59.12,
            "roe": -1.99,
            "roe_4q": 7.28,
            "gross_profit": 288379,
            "gross_margin": 10.7,
            "gross_margin_4q_avg": 11.44,
            "net_income": -64674,
            "net_income_4q": null,
            "revenue": 2694085,
            "revenue_4q": null,
            "common_shares": 2209063,
            "book_valuer_per_share": 14.62,
            "book_valuer_per_share_4q_avg": 15.81,
            "equity": 3230442,
            "current_ratio": 143.98,
            "debt_ratio": 63.45,
            "inventory_turnover_ratio": 1.8,
            "account_receivable_turnover_ratio": 1.72,
            "reinvestment_rate": 51.17,
            "research_to_sale_ratio": null,
            "price_fair": 114.69,
            "eps_avg_yearly": 3.28,
            "eps_latest_yearly": 3.72,
            "eps_growth_yearly": 167.13
        },
        "20091": {
            "year_quarter": 20091,
            "year": 2009,
            "quarter": 1,
            "eps": 0.19,
            "eps_growth_year": null,
            "eps_4q": 1.22,
            "eps_4q_growth_year": -34.04,
            "roe": 1.3,
            "roe_4q": 8.700000000000001,
            "gross_profit": 270957,
            "gross_margin": 11.82,
            "gross_margin_4q_avg": 11.22,
            "net_income": 42406,
            "net_income_4q": null,
            "revenue": 2293035,
            "revenue_4q": null,
            "common_shares": 2209063,
            "book_valuer_per_share": 15.01,
            "book_valuer_per_share_4q_avg": 15.33,
            "equity": 3314852,
            "current_ratio": 137.36,
            "debt_ratio": 55.79,
            "inventory_turnover_ratio": 1.82,
            "account_receivable_turnover_ratio": 0.87,
            "reinvestment_rate": 51.39,
            "research_to_sale_ratio": null,
            "price_fair": 109.55,
            "eps_avg_yearly": 3.13,
            "eps_latest_yearly": 3.72,
            "eps_growth_yearly": 153.52
        },
        "20092": {
            "year_quarter": 20092,
            "year": 2009,
            "quarter": 2,
            "eps": 0.28,
            "eps_growth_year": -30,
            "eps_4q": 1.08,
            "eps_4q_growth_year": -19.01,
            "roe": 1.92,
            "roe_4q": 7.71,
            "gross_profit": 384339,
            "gross_margin": 13.18,
            "gross_margin_4q_avg": 11.43,
            "net_income": 63691,
            "net_income_4q": null,
            "revenue": 2916460,
            "revenue_4q": null,
            "common_shares": 2209063,
            "book_valuer_per_share": 15.09,
            "book_valuer_per_share_4q_avg": 14.88,
            "equity": 3333572,
            "current_ratio": 135.05,
            "debt_ratio": 58.16,
            "inventory_turnover_ratio": 2.41,
            "account_receivable_turnover_ratio": 1.14,
            "reinvestment_rate": 48.94,
            "research_to_sale_ratio": null,
            "price_fair": 96.25,
            "eps_avg_yearly": 2.75,
            "eps_latest_yearly": 1.12,
            "eps_growth_yearly": 165.08
        },
        "20093": {
            "year_quarter": 20093,
            "year": 2009,
            "quarter": 3,
            "eps": 0.28,
            "eps_growth_year": -69.89,
            "eps_4q": 0.46,
            "eps_4q_growth_year": -70.82,
            "roe": 1.9,
            "roe_4q": 3.13,
            "gross_profit": 354964,
            "gross_margin": 12.69,
            "gross_margin_4q_avg": 12.1,
            "net_income": 64136,
            "net_income_4q": null,
            "revenue": 2797864,
            "revenue_4q": null,
            "common_shares": 2275335,
            "book_valuer_per_share": 14.99,
            "book_valuer_per_share_4q_avg": 14.93,
            "equity": 3410945,
            "current_ratio": 136.96,
            "debt_ratio": 58.11,
            "inventory_turnover_ratio": 2.11,
            "account_receivable_turnover_ratio": 0.98,
            "reinvestment_rate": 50.22,
            "research_to_sale_ratio": null,
            "price_fair": 78.17,
            "eps_avg_yearly": 2.23,
            "eps_latest_yearly": 1.12,
            "eps_growth_yearly": 155.45
        },
        "20094": {
            "year_quarter": 20094,
            "year": 2009,
            "quarter": 4,
            "eps": 0.28,
            "eps_growth_year": null,
            "eps_4q": 1.03,
            "eps_4q_growth_year": 0.63,
            "roe": 1.83,
            "roe_4q": 6.95,
            "gross_profit": 355677,
            "gross_margin": 11.34,
            "gross_margin_4q_avg": 12.26,
            "net_income": 63311,
            "net_income_4q": null,
            "revenue": 3136459,
            "revenue_4q": null,
            "common_shares": 2275335,
            "book_valuer_per_share": 15.4,
            "book_valuer_per_share_4q_avg": 15.12,
            "equity": 3504126,
            "current_ratio": 130.09,
            "debt_ratio": 59.85,
            "inventory_turnover_ratio": 2.11,
            "account_receivable_turnover_ratio": 2.11,
            "reinvestment_rate": 131.63,
            "research_to_sale_ratio": null,
            "price_fair": 71.4,
            "eps_avg_yearly": 2.04,
            "eps_latest_yearly": 1.12,
            "eps_growth_yearly": 173.12
        },
        "20101": {
            "year_quarter": 20101,
            "year": 2010,
            "quarter": 1,
            "eps": 0.37,
            "eps_growth_year": 94.74,
            "eps_4q": 1.21,
            "eps_4q_growth_year": -0.82,
            "roe": 2.37,
            "roe_4q": 8.02,
            "gross_profit": 402510,
            "gross_margin": 12.21,
            "gross_margin_4q_avg": 12.36,
            "net_income": 83986,
            "net_income_4q": null,
            "revenue": 3295633,
            "revenue_4q": null,
            "common_shares": 2275335,
            "book_valuer_per_share": 15.71,
            "book_valuer_per_share_4q_avg": 15.3,
            "equity": 3574819,
            "current_ratio": 122.8,
            "debt_ratio": 65.36,
            "inventory_turnover_ratio": 1.76,
            "account_receivable_turnover_ratio": 1.13,
            "reinvestment_rate": 237.69,
            "research_to_sale_ratio": 4.71,
            "price_fair": 68.6,
            "eps_avg_yearly": 1.96,
            "eps_latest_yearly": 1.48,
            "eps_growth_yearly": 193.53
        },
        "20102": {
            "year_quarter": 20102,
            "year": 2010,
            "quarter": 2,
            "eps": 0.19,
            "eps_growth_year": -32.13,
            "eps_4q": 1.01,
            "eps_4q_growth_year": -6.56,
            "roe": 1.37,
            "roe_4q": 7.470000000000001,
            "gross_profit": 392153,
            "gross_margin": 10.22,
            "gross_margin_4q_avg": 11.62,
            "net_income": 48862,
            "net_income_4q": null,
            "revenue": 3836218,
            "revenue_4q": null,
            "common_shares": 2275335,
            "book_valuer_per_share": 15.65,
            "book_valuer_per_share_4q_avg": 15.44,
            "equity": 3560110,
            "current_ratio": 119.55,
            "debt_ratio": 69.68,
            "inventory_turnover_ratio": 1.74,
            "account_receivable_turnover_ratio": 1.19,
            "reinvestment_rate": 225.73,
            "research_to_sale_ratio": 4.09,
            "price_fair": 69.53,
            "eps_avg_yearly": 1.99,
            "eps_latest_yearly": 0.76,
            "eps_growth_yearly": 204.63
        },
        "20103": {
            "year_quarter": 20103,
            "year": 2010,
            "quarter": 3,
            "eps": 0.11,
            "eps_growth_year": -59.83,
            "eps_4q": 0.88,
            "eps_4q_growth_year": 89.96,
            "roe": 0.8,
            "roe_4q": 6.37,
            "gross_profit": 332317,
            "gross_margin": 9.17,
            "gross_margin_4q_avg": 10.74,
            "net_income": 28917,
            "net_income_4q": null,
            "revenue": 3622615,
            "revenue_4q": null,
            "common_shares": 2571129,
            "book_valuer_per_share": 14.14,
            "book_valuer_per_share_4q_avg": 15.23,
            "equity": 3636106,
            "current_ratio": 108.07,
            "debt_ratio": 68.3,
            "inventory_turnover_ratio": 1.79,
            "account_receivable_turnover_ratio": 1.02,
            "reinvestment_rate": 336.75,
            "research_to_sale_ratio": 3.74,
            "price_fair": 63.47,
            "eps_avg_yearly": 1.81,
            "eps_latest_yearly": 0.44,
            "eps_growth_yearly": 33.02
        },
        "20104": {
            "year_quarter": 20104,
            "year": 2010,
            "quarter": 4,
            "eps": 0.13,
            "eps_growth_year": -54.81,
            "eps_4q": 0.76,
            "eps_4q_growth_year": -26.38,
            "roe": 0.9,
            "roe_4q": 5.44,
            "gross_profit": 221097,
            "gross_margin": 7.24,
            "gross_margin_4q_avg": 9.71,
            "net_income": 32532,
            "net_income_4q": null,
            "revenue": 3054345,
            "revenue_4q": null,
            "common_shares": 2571129,
            "book_valuer_per_share": 13.88,
            "book_valuer_per_share_4q_avg": 14.85,
            "equity": 3567710,
            "current_ratio": 123.9,
            "debt_ratio": 67.18,
            "inventory_turnover_ratio": 1.92,
            "account_receivable_turnover_ratio": 0.98,
            "reinvestment_rate": 238.54,
            "research_to_sale_ratio": 4.85,
            "price_fair": 59.27,
            "eps_avg_yearly": 1.69,
            "eps_latest_yearly": 0.52,
            "eps_growth_yearly": 46.49
        },
        "20111": {
            "year_quarter": 20111,
            "year": 2011,
            "quarter": 1,
            "eps": -0.03,
            "eps_growth_year": -108.11,
            "eps_4q": 0.4,
            "eps_4q_growth_year": -66.79,
            "roe": -0.2,
            "roe_4q": 2.87,
            "gross_profit": 255009,
            "gross_margin": 8.95,
            "gross_margin_4q_avg": 8.9,
            "net_income": -7058,
            "net_income_4q": null,
            "revenue": 2847732,
            "revenue_4q": null,
            "common_shares": 2571129,
            "book_valuer_per_share": 13.87,
            "book_valuer_per_share_4q_avg": 14.39,
            "equity": 3566245,
            "current_ratio": 122.81,
            "debt_ratio": 68.43,
            "inventory_turnover_ratio": 1.91,
            "account_receivable_turnover_ratio": 1.1,
            "reinvestment_rate": 391.43,
            "research_to_sale_ratio": 4.76,
            "price_fair": 57.4,
            "eps_avg_yearly": 1.64,
            "eps_latest_yearly": 0.52,
            "eps_growth_yearly": 44.78
        },
        "20112": {
            "year_quarter": 20112,
            "year": 2011,
            "quarter": 2,
            "eps": 0.13,
            "eps_growth_year": -30.72,
            "eps_4q": 0.33,
            "eps_4q_growth_year": -67.28,
            "roe": 1.01,
            "roe_4q": 2.51,
            "gross_profit": 275736,
            "gross_margin": 9.34,
            "gross_margin_4q_avg": 8.68,
            "net_income": 35882,
            "net_income_4q": null,
            "revenue": 2951287,
            "revenue_4q": null,
            "common_shares": 2571129,
            "book_valuer_per_share": 13.83,
            "book_valuer_per_share_4q_avg": 13.93,
            "equity": 3556003,
            "current_ratio": 123.59,
            "debt_ratio": 70.05,
            "inventory_turnover_ratio": 1.84,
            "account_receivable_turnover_ratio": 1.08,
            "reinvestment_rate": 431.62,
            "research_to_sale_ratio": 4.73,
            "price_fair": 52.5,
            "eps_avg_yearly": 1.5,
            "eps_latest_yearly": 0.52,
            "eps_growth_yearly": 35.92
        },
        "20113": {
            "year_quarter": 20113,
            "year": 2011,
            "quarter": 3,
            "eps": 0.44,
            "eps_growth_year": 294.11,
            "eps_4q": 0.67,
            "eps_4q_growth_year": -23.65,
            "roe": 3.31,
            "roe_4q": 5.0200000000000005,
            "gross_profit": 219500,
            "gross_margin": 6.96,
            "gross_margin_4q_avg": 8.12,
            "net_income": 120803,
            "net_income_4q": null,
            "revenue": 3155704,
            "revenue_4q": null,
            "common_shares": 2725397,
            "book_valuer_per_share": 13.74,
            "book_valuer_per_share_4q_avg": 13.83,
            "equity": 3745612,
            "current_ratio": 125.66,
            "debt_ratio": 70.64,
            "inventory_turnover_ratio": 1.94,
            "account_receivable_turnover_ratio": 1.01,
            "reinvestment_rate": 451.69,
            "research_to_sale_ratio": 4.98,
            "price_fair": 46.62,
            "eps_avg_yearly": 1.33,
            "eps_latest_yearly": 1.76,
            "eps_growth_yearly": 126.04
        },
        "20114": {
            "year_quarter": 20114,
            "year": 2011,
            "quarter": 4,
            "eps": -1.03,
            "eps_growth_year": -911.14,
            "eps_4q": -0.48,
            "eps_4q_growth_year": -163.16,
            "roe": -7.77,
            "roe_4q": -3.6499999999999995,
            "gross_profit": 167189,
            "gross_margin": 6.55,
            "gross_margin_4q_avg": 7.95,
            "net_income": -279712,
            "net_income_4q": null,
            "revenue": 2553583,
            "revenue_4q": null,
            "common_shares": 2725397,
            "book_valuer_per_share": 12.66,
            "book_valuer_per_share_4q_avg": 13.53,
            "equity": 3451586,
            "current_ratio": 130.4,
            "debt_ratio": 69.07,
            "inventory_turnover_ratio": 1.5,
            "account_receivable_turnover_ratio": 0.96,
            "reinvestment_rate": 430.51,
            "research_to_sale_ratio": 5.24,
            "price_fair": 46.82,
            "eps_avg_yearly": 1.34,
            "eps_latest_yearly": 1.76,
            "eps_growth_yearly": 167.96
        },
        "20121": {
            "year_quarter": 20121,
            "year": 2012,
            "quarter": 1,
            "eps": -0.17,
            "eps_growth_year": null,
            "eps_4q": -0.62,
            "eps_4q_growth_year": -254.17,
            "roe": -1.33,
            "roe_4q": -4.779999999999999,
            "gross_profit": 192350,
            "gross_margin": 7.27,
            "gross_margin_4q_avg": 7.53,
            "net_income": -45708,
            "net_income_4q": null,
            "revenue": 2645022,
            "revenue_4q": null,
            "common_shares": 2725397,
            "book_valuer_per_share": 12.46,
            "book_valuer_per_share_4q_avg": 13.17,
            "equity": 3397207,
            "current_ratio": 131.1,
            "debt_ratio": 68.18,
            "inventory_turnover_ratio": 1.56,
            "account_receivable_turnover_ratio": 1.13,
            "reinvestment_rate": 467.02,
            "research_to_sale_ratio": 5.25,
            "price_fair": 46.82,
            "eps_avg_yearly": 1.34,
            "eps_latest_yearly": 1.76,
            "eps_growth_yearly": 167.96
        },
        "20122": {
            "year_quarter": 20122,
            "year": 2012,
            "quarter": 2,
            "eps": 0.1,
            "eps_growth_year": -27.52,
            "eps_4q": -0.66,
            "eps_4q_growth_year": -297.86,
            "roe": 0.76,
            "roe_4q": -5.029999999999999,
            "gross_profit": 263152,
            "gross_margin": 8.05,
            "gross_margin_4q_avg": 7.21,
            "net_income": 26007,
            "net_income_4q": null,
            "revenue": 3270694,
            "revenue_4q": null,
            "common_shares": 2725397,
            "book_valuer_per_share": 12.51,
            "book_valuer_per_share_4q_avg": 12.84,
            "equity": 3410419,
            "current_ratio": 128.17,
            "debt_ratio": 70.73,
            "inventory_turnover_ratio": 2.04,
            "account_receivable_turnover_ratio": 1.16,
            "reinvestment_rate": 543.71,
            "research_to_sale_ratio": 4.37,
            "price_fair": 46.82,
            "eps_avg_yearly": 1.34,
            "eps_latest_yearly": 1.76,
            "eps_growth_yearly": 167.96
        },
        "20123": {
            "year_quarter": 20123,
            "year": 2012,
            "quarter": 3,
            "eps": 0.32,
            "eps_growth_year": -27.25,
            "eps_4q": -0.79,
            "eps_4q_growth_year": -218.76,
            "roe": 2.53,
            "roe_4q": -5.81,
            "gross_profit": 328610,
            "gross_margin": 10.58,
            "gross_margin_4q_avg": 8.11,
            "net_income": 86493,
            "net_income_4q": null,
            "revenue": 3105980,
            "revenue_4q": null,
            "common_shares": 2725397,
            "book_valuer_per_share": 12.81,
            "book_valuer_per_share_4q_avg": 12.61,
            "equity": 3435069,
            "current_ratio": 129.13,
            "debt_ratio": 70.49,
            "inventory_turnover_ratio": 2.05,
            "account_receivable_turnover_ratio": 1.06,
            "reinvestment_rate": 737.47,
            "research_to_sale_ratio": 4.41,
            "price_fair": 37.33,
            "eps_avg_yearly": 1.07,
            "eps_latest_yearly": 1.28,
            "eps_growth_yearly": 206.84
        },
        "20124": {
            "year_quarter": 20124,
            "year": 2012,
            "quarter": 4,
            "eps": 0.36,
            "eps_growth_year": null,
            "eps_4q": 0.61,
            "eps_4q_growth_year": null,
            "roe": 2.79,
            "roe_4q": 4.75,
            "gross_profit": 218177,
            "gross_margin": 8.34,
            "gross_margin_4q_avg": 8.56,
            "net_income": 97521,
            "net_income_4q": null,
            "revenue": 2616797,
            "revenue_4q": null,
            "common_shares": 2725397,
            "book_valuer_per_share": 13.29,
            "book_valuer_per_share_4q_avg": 12.77,
            "equity": 3564413,
            "current_ratio": 134.83,
            "debt_ratio": 67.25,
            "inventory_turnover_ratio": 1.9,
            "account_receivable_turnover_ratio": 0.99,
            "reinvestment_rate": 510.26,
            "research_to_sale_ratio": 5.51,
            "price_fair": 38.64,
            "eps_avg_yearly": 1.1,
            "eps_latest_yearly": 1.44,
            "eps_growth_yearly": 191.16
        },
        "20131": {
            "year_quarter": 20131,
            "year": 2013,
            "quarter": 1,
            "eps": 0.14,
            "eps_growth_year": null,
            "eps_4q": 0.93,
            "eps_4q_growth_year": null,
            "roe": 1.08,
            "roe_4q": 7.16,
            "gross_profit": 242828,
            "gross_margin": 9.68,
            "gross_margin_4q_avg": 9.16,
            "net_income": 38554,
            "net_income_4q": null,
            "revenue": 2507249,
            "revenue_4q": null,
            "common_shares": 2725397,
            "book_valuer_per_share": 13.28,
            "book_valuer_per_share_4q_avg": 12.97,
            "equity": 3563294,
            "current_ratio": 130.95,
            "debt_ratio": 70.29,
            "inventory_turnover_ratio": 1.77,
            "account_receivable_turnover_ratio": 1.01,
            "reinvestment_rate": 201.28,
            "research_to_sale_ratio": 5.11,
            "price_fair": 36.91,
            "eps_avg_yearly": 1.05,
            "eps_latest_yearly": 0.56,
            "eps_growth_yearly": 151.56
        },
        "20132": {
            "year_quarter": 20132,
            "year": 2013,
            "quarter": 2,
            "eps": 0.2,
            "eps_growth_year": 109.59,
            "eps_4q": 1.03,
            "eps_4q_growth_year": null,
            "roe": 1.54,
            "roe_4q": 7.9399999999999995,
            "gross_profit": 263029,
            "gross_margin": 10.13,
            "gross_margin_4q_avg": 9.68,
            "net_income": 54233,
            "net_income_4q": null,
            "revenue": 2597193,
            "revenue_4q": null,
            "common_shares": 2725397,
            "book_valuer_per_share": 13.05,
            "book_valuer_per_share_4q_avg": 13.11,
            "equity": 3499157,
            "current_ratio": 139.46,
            "debt_ratio": 65.71,
            "inventory_turnover_ratio": 2.06,
            "account_receivable_turnover_ratio": 1.14,
            "reinvestment_rate": 224.52,
            "research_to_sale_ratio": 5.13,
            "price_fair": 35.89,
            "eps_avg_yearly": 1.03,
            "eps_latest_yearly": 0.8,
            "eps_growth_yearly": 149.92
        },
        "20133": {
            "year_quarter": 20133,
            "year": 2013,
            "quarter": 3,
            "eps": -0.04,
            "eps_growth_year": -112.4,
            "eps_4q": 0.67,
            "eps_4q_growth_year": null,
            "roe": -0.33,
            "roe_4q": 5.08,
            "gross_profit": 189101,
            "gross_margin": 9.43,
            "gross_margin_4q_avg": 9.4,
            "net_income": -11562,
            "net_income_4q": null,
            "revenue": 2006230,
            "revenue_4q": null,
            "common_shares": 2725397,
            "book_valuer_per_share": 12.89,
            "book_valuer_per_share_4q_avg": 13.13,
            "equity": 3458726,
            "current_ratio": 143.01,
            "debt_ratio": 64.21,
            "inventory_turnover_ratio": 1.9,
            "account_receivable_turnover_ratio": 0.96,
            "reinvestment_rate": 279.33,
            "research_to_sale_ratio": 6.38,
            "price_fair": 35.56,
            "eps_avg_yearly": 1.02,
            "eps_latest_yearly": 0.8,
            "eps_growth_yearly": 164.91
        },
        "20134": {
            "year_quarter": 20134,
            "year": 2013,
            "quarter": 4,
            "eps": 0.09,
            "eps_growth_year": -76.21,
            "eps_4q": 0.39,
            "eps_4q_growth_year": -36.44,
            "roe": 0.66,
            "roe_4q": 2.95,
            "gross_profit": 152640,
            "gross_margin": 8.73,
            "gross_margin_4q_avg": 9.49,
            "net_income": 23205,
            "net_income_4q": null,
            "revenue": 1749195,
            "revenue_4q": null,
            "common_shares": 2725397,
            "book_valuer_per_share": 13.17,
            "book_valuer_per_share_4q_avg": 13.1,
            "equity": 3531498,
            "current_ratio": 145.3,
            "debt_ratio": 63.55,
            "inventory_turnover_ratio": 1.68,
            "account_receivable_turnover_ratio": 1.03,
            "reinvestment_rate": -338.48,
            "research_to_sale_ratio": 6.88,
            "price_fair": 35.16,
            "eps_avg_yearly": 1,
            "eps_latest_yearly": 0.8,
            "eps_growth_yearly": 183.23
        },
        "20141": {
            "year_quarter": 20141,
            "year": 2014,
            "quarter": 1,
            "eps": -0.31,
            "eps_growth_year": -321.43,
            "eps_4q": -0.07,
            "eps_4q_growth_year": -107.4,
            "roe": -2.41,
            "roe_4q": -0.54,
            "gross_profit": 109011,
            "gross_margin": 7.36,
            "gross_margin_4q_avg": 8.91,
            "net_income": -84274,
            "net_income_4q": null,
            "revenue": 1480873,
            "revenue_4q": null,
            "common_shares": 2725397,
            "book_valuer_per_share": 12.92,
            "book_valuer_per_share_4q_avg": 13.01,
            "equity": 3465740,
            "current_ratio": 147.6,
            "debt_ratio": 62.67,
            "inventory_turnover_ratio": 1.54,
            "account_receivable_turnover_ratio": 1.25,
            "reinvestment_rate": -760.33,
            "research_to_sale_ratio": 8.06,
            "price_fair": 33.08,
            "eps_avg_yearly": 0.95,
            "eps_latest_yearly": 0.8,
            "eps_growth_yearly": 190.07
        },
        "20142": {
            "year_quarter": 20142,
            "year": 2014,
            "quarter": 2,
            "eps": -0.34,
            "eps_growth_year": -270,
            "eps_4q": -0.61,
            "eps_4q_growth_year": -159.34,
            "roe": -2.74,
            "roe_4q": -4.82,
            "gross_profit": 108801,
            "gross_margin": 8.31,
            "gross_margin_4q_avg": 8.46,
            "net_income": -91624,
            "net_income_4q": null,
            "revenue": 1309613,
            "revenue_4q": null,
            "common_shares": 2725397,
            "book_valuer_per_share": 12.04,
            "book_valuer_per_share_4q_avg": 12.76,
            "equity": 3230275,
            "current_ratio": 134.22,
            "debt_ratio": 68.66,
            "inventory_turnover_ratio": 1.57,
            "account_receivable_turnover_ratio": 1.17,
            "reinvestment_rate": -5146.05,
            "research_to_sale_ratio": 9.13,
            "price_fair": 34,
            "eps_avg_yearly": 0.97,
            "eps_latest_yearly": 0.8,
            "eps_growth_yearly": 245.02
        },
        "20143": {
            "year_quarter": 20143,
            "year": 2014,
            "quarter": 3,
            "eps": -0.05,
            "eps_growth_year": null,
            "eps_4q": -0.62,
            "eps_4q_growth_year": -193.62,
            "roe": -0.45,
            "roe_4q": -4.94,
            "gross_profit": 117648,
            "gross_margin": 9.87,
            "gross_margin_4q_avg": 8.57,
            "net_income": -14652,
            "net_income_4q": null,
            "revenue": 1191818,
            "revenue_4q": null,
            "common_shares": 2725397,
            "book_valuer_per_share": 12.09,
            "book_valuer_per_share_4q_avg": 12.56,
            "equity": 3242870,
            "current_ratio": 141.71,
            "debt_ratio": 65.1,
            "inventory_turnover_ratio": 1.57,
            "account_receivable_turnover_ratio": 1.02,
            "reinvestment_rate": null,
            "research_to_sale_ratio": 9.79,
            "price_fair": 37.1,
            "eps_avg_yearly": 1.06,
            "eps_latest_yearly": 0.8,
            "eps_growth_yearly": 313.93
        },
        "20144": {
            "year_quarter": 20144,
            "year": 2014,
            "quarter": 4,
            "eps": -0.19,
            "eps_growth_year": -322.77,
            "eps_4q": -0.9,
            "eps_4q_growth_year": -331.97,
            "roe": -1.6,
            "roe_4q": -7.200000000000001,
            "gross_profit": 98389,
            "gross_margin": 8.54,
            "gross_margin_4q_avg": 8.52,
            "net_income": -51693,
            "net_income_4q": null,
            "revenue": 1152262,
            "revenue_4q": null,
            "common_shares": 2725397,
            "book_valuer_per_share": 12.07,
            "book_valuer_per_share_4q_avg": 12.28,
            "equity": 3237243,
            "current_ratio": 145.16,
            "debt_ratio": 62.01,
            "inventory_turnover_ratio": 1.58,
            "account_receivable_turnover_ratio": 1.01,
            "reinvestment_rate": null,
            "research_to_sale_ratio": 10.18,
            "price_fair": 40.88,
            "eps_avg_yearly": 1.17,
            "eps_latest_yearly": 0.8,
            "eps_growth_yearly": 362.17
        },
        "20151": {
            "year_quarter": 20151,
            "year": 2015,
            "quarter": 1,
            "eps": -0.29,
            "eps_growth_year": null,
            "eps_4q": -0.88,
            "eps_4q_growth_year": null,
            "roe": -2.46,
            "roe_4q": -7.250000000000001,
            "gross_profit": 100949,
            "gross_margin": 9.58,
            "gross_margin_4q_avg": 9.08,
            "net_income": -78509,
            "net_income_4q": null,
            "revenue": 1053257,
            "revenue_4q": null,
            "common_shares": 2725397,
            "book_valuer_per_share": 11.69,
            "book_valuer_per_share_4q_avg": 11.97,
            "equity": 3134337,
            "current_ratio": 138.04,
            "debt_ratio": 65.33,
            "inventory_turnover_ratio": 1.33,
            "account_receivable_turnover_ratio": 0.9,
            "reinvestment_rate": null,
            "research_to_sale_ratio": 10.57,
            "price_fair": 40.88,
            "eps_avg_yearly": 1.17,
            "eps_latest_yearly": 0.8,
            "eps_growth_yearly": 362.17
        },
        "20152": {
            "year_quarter": 20152,
            "year": 2015,
            "quarter": 2,
            "eps": -0.11,
            "eps_growth_year": null,
            "eps_4q": -0.65,
            "eps_4q_growth_year": null,
            "roe": -0.98,
            "roe_4q": -5.49,
            "gross_profit": 135495,
            "gross_margin": 11.37,
            "gross_margin_4q_avg": 9.84,
            "net_income": -30441,
            "net_income_4q": null,
            "revenue": 1191991,
            "revenue_4q": null,
            "common_shares": 2725397,
            "book_valuer_per_share": 11.4,
            "book_valuer_per_share_4q_avg": 11.81,
            "equity": 3057553,
            "current_ratio": 150.3,
            "debt_ratio": 60.34,
            "inventory_turnover_ratio": 1.57,
            "account_receivable_turnover_ratio": 1.08,
            "reinvestment_rate": null,
            "research_to_sale_ratio": 8.88,
            "price_fair": 40.88,
            "eps_avg_yearly": 1.17,
            "eps_latest_yearly": 0.8,
            "eps_growth_yearly": 362.17
        },
        "20153": {
            "year_quarter": 20153,
            "year": 2015,
            "quarter": 3,
            "eps": 0.03,
            "eps_growth_year": null,
            "eps_4q": -0.57,
            "eps_4q_growth_year": null,
            "roe": 0.25,
            "roe_4q": -4.79,
            "gross_profit": 153084,
            "gross_margin": 14.18,
            "gross_margin_4q_avg": 10.92,
            "net_income": 7610,
            "net_income_4q": null,
            "revenue": 1079906,
            "revenue_4q": null,
            "common_shares": 2682357,
            "book_valuer_per_share": 11.54,
            "book_valuer_per_share_4q_avg": 11.68,
            "equity": 3095452,
            "current_ratio": 169.8,
            "debt_ratio": 55.75,
            "inventory_turnover_ratio": 1.47,
            "account_receivable_turnover_ratio": 1,
            "reinvestment_rate": null,
            "research_to_sale_ratio": 9.21,
            "price_fair": 35.7,
            "eps_avg_yearly": 1.02,
            "eps_latest_yearly": 0.8,
            "eps_growth_yearly": 214.25
        },
        "20154": {
            "year_quarter": 20154,
            "year": 2015,
            "quarter": 4,
            "eps": -0.19,
            "eps_growth_year": null,
            "eps_4q": -0.56,
            "eps_4q_growth_year": null,
            "roe": -1.64,
            "roe_4q": -4.83,
            "gross_profit": 120166,
            "gross_margin": 12.84,
            "gross_margin_4q_avg": 11.99,
            "net_income": -50018,
            "net_income_4q": null,
            "revenue": 935974,
            "revenue_4q": null,
            "common_shares": 2682357,
            "book_valuer_per_share": 11.26,
            "book_valuer_per_share_4q_avg": 11.47,
            "equity": 3019073,
            "current_ratio": 160.35,
            "debt_ratio": 55.14,
            "inventory_turnover_ratio": 1.34,
            "account_receivable_turnover_ratio": 0.87,
            "reinvestment_rate": null,
            "research_to_sale_ratio": 9.95,
            "price_fair": 35.7,
            "eps_avg_yearly": 1.02,
            "eps_latest_yearly": 0.8,
            "eps_growth_yearly": 214.25
        },
        "20161": {
            "year_quarter": 20161,
            "year": 2016,
            "quarter": 1,
            "eps": 0.91,
            "eps_growth_year": null,
            "eps_4q": 0.64,
            "eps_4q_growth_year": null,
            "roe": 7.59,
            "roe_4q": 5.220000000000001,
            "gross_profit": 108788,
            "gross_margin": 12.43,
            "gross_margin_4q_avg": 12.71,
            "net_income": 245072,
            "net_income_4q": null,
            "revenue": 875288,
            "revenue_4q": null,
            "common_shares": 2682357,
            "book_valuer_per_share": 12.81,
            "book_valuer_per_share_4q_avg": 11.75,
            "equity": 3436725,
            "current_ratio": 240.66,
            "debt_ratio": 35.41,
            "inventory_turnover_ratio": 1.4,
            "account_receivable_turnover_ratio": 0.92,
            "reinvestment_rate": -1806.11,
            "research_to_sale_ratio": 10.89,
            "price_fair": 35.7,
            "eps_avg_yearly": 1.02,
            "eps_latest_yearly": 0.8,
            "eps_growth_yearly": 214.25
        },
        "20162": {
            "year_quarter": 20162,
            "year": 2016,
            "quarter": 2,
            "eps": -0.17,
            "eps_growth_year": null,
            "eps_4q": 0.58,
            "eps_4q_growth_year": null,
            "roe": -1.37,
            "roe_4q": 4.83,
            "gross_profit": 112172,
            "gross_margin": 12.91,
            "gross_margin_4q_avg": 13.09,
            "net_income": -46518,
            "net_income_4q": null,
            "revenue": 869073,
            "revenue_4q": null,
            "common_shares": 2682357,
            "book_valuer_per_share": 12.54,
            "book_valuer_per_share_4q_avg": 12.04,
            "equity": 3362644,
            "current_ratio": 207.36,
            "debt_ratio": 38.1,
            "inventory_turnover_ratio": 1.39,
            "account_receivable_turnover_ratio": 0.94,
            "reinvestment_rate": -2764.24,
            "research_to_sale_ratio": 10.19,
            "price_fair": 35.7,
            "eps_avg_yearly": 1.02,
            "eps_latest_yearly": 0.8,
            "eps_growth_yearly": 214.25
        },
        "20163": {
            "year_quarter": 20163,
            "year": 2016,
            "quarter": 3,
            "eps": -0.17,
            "eps_growth_year": -666.67,
            "eps_4q": 0.38,
            "eps_4q_growth_year": null,
            "roe": -1.37,
            "roe_4q": 3.21,
            "gross_profit": 121466,
            "gross_margin": 12.44,
            "gross_margin_4q_avg": 12.66,
            "net_income": -45465,
            "net_income_4q": null,
            "revenue": 976141,
            "revenue_4q": null,
            "common_shares": 2682357,
            "book_valuer_per_share": 12.24,
            "book_valuer_per_share_4q_avg": 12.21,
            "equity": 3283940,
            "current_ratio": 244.07,
            "debt_ratio": 33.83,
            "inventory_turnover_ratio": 1.67,
            "account_receivable_turnover_ratio": 1.09,
            "reinvestment_rate": null,
            "research_to_sale_ratio": 8.99,
            "price_fair": 2.8,
            "eps_avg_yearly": 0.93,
            "eps_latest_yearly": 0.8,
            "eps_growth_yearly": -7.67
        },
        "20164": {
            "year_quarter": 20164,
            "year": 2016,
            "quarter": 4,
            "eps": 0.03,
            "eps_growth_year": null,
            "eps_4q": 0.6,
            "eps_4q_growth_year": null,
            "roe": 0.24,
            "roe_4q": 5.09,
            "gross_profit": 143684,
            "gross_margin": 15.52,
            "gross_margin_4q_avg": 13.33,
            "net_income": 7897,
            "net_income_4q": null,
            "revenue": 925796,
            "revenue_4q": null,
            "common_shares": 2682357,
            "book_valuer_per_share": 12.18,
            "book_valuer_per_share_4q_avg": 12.44,
            "equity": 3266947,
            "current_ratio": 277.2,
            "debt_ratio": 29.5,
            "inventory_turnover_ratio": 1.64,
            "account_receivable_turnover_ratio": 1.07,
            "reinvestment_rate": null,
            "research_to_sale_ratio": 8.77,
            "price_fair": 2.04,
            "eps_avg_yearly": 0.68,
            "eps_latest_yearly": 0.8,
            "eps_growth_yearly": -36.51
        },
        "20171": {
            "year_quarter": 20171,
            "year": 2017,
            "quarter": 1,
            "eps": -0.21,
            "eps_growth_year": -123.08,
            "eps_4q": -0.52,
            "eps_4q_growth_year": -181.36,
            "roe": -1.74,
            "roe_4q": -4.24,
            "gross_profit": 110681,
            "gross_margin": 13.08,
            "gross_margin_4q_avg": 13.49,
            "net_income": -56031,
            "net_income_4q": null,
            "revenue": 846264,
            "revenue_4q": null,
            "common_shares": 2682357,
            "book_valuer_per_share": 11.88,
            "book_valuer_per_share_4q_avg": 12.21,
            "equity": 3185613,
            "current_ratio": 229.91,
            "debt_ratio": 36.04,
            "inventory_turnover_ratio": 1.46,
            "account_receivable_turnover_ratio": 1.18,
            "reinvestment_rate": null,
            "research_to_sale_ratio": 9.18,
            "price_fair": 28,
            "eps_avg_yearly": 0.8,
            "eps_latest_yearly": 0.8,
            "eps_growth_yearly": 171.43
        },
        "20172": {
            "year_quarter": 20172,
            "year": 2017,
            "quarter": 2,
            "eps": -0.03,
            "eps_growth_year": null,
            "eps_4q": -0.38,
            "eps_4q_growth_year": -165.44,
            "roe": -0.28,
            "roe_4q": -3.1500000000000004,
            "gross_profit": 128288,
            "gross_margin": 13.93,
            "gross_margin_4q_avg": 13.74,
            "net_income": -8578,
            "net_income_4q": null,
            "revenue": 921055,
            "revenue_4q": null,
            "common_shares": 2682357,
            "book_valuer_per_share": 11.29,
            "book_valuer_per_share_4q_avg": 11.9,
            "equity": 3028877,
            "current_ratio": 211.65,
            "debt_ratio": 38.55,
            "inventory_turnover_ratio": 1.57,
            "account_receivable_turnover_ratio": 1.62,
            "reinvestment_rate": null,
            "research_to_sale_ratio": 8.37,
            "price_fair": 0,
            "eps_avg_yearly": 0,
            "eps_latest_yearly": 0,
            "eps_growth_yearly": 0
        },
        "20173": {
            "year_quarter": 20173,
            "year": 2017,
            "quarter": 3,
            "eps": -0.27,
            "eps_growth_year": null,
            "eps_4q": -0.48,
            "eps_4q_growth_year": -224.19,
            "roe": -2.38,
            "roe_4q": -4.16,
            "gross_profit": 83151,
            "gross_margin": 9.87,
            "gross_margin_4q_avg": 13.1,
            "net_income": -71290,
            "net_income_4q": null,
            "revenue": 842603,
            "revenue_4q": null,
            "common_shares": 2682357,
            "book_valuer_per_share": 11.06,
            "book_valuer_per_share_4q_avg": 11.6,
            "equity": 2967740,
            "current_ratio": 233.42,
            "debt_ratio": 32.61,
            "inventory_turnover_ratio": 1.57,
            "account_receivable_turnover_ratio": 1.45,
            "reinvestment_rate": null,
            "research_to_sale_ratio": 9.23,
            "price_fair": 0,
            "eps_avg_yearly": 0,
            "eps_latest_yearly": 0,
            "eps_growth_yearly": 0
        },
        "20174": {
            "year_quarter": 20174,
            "year": 2017,
            "quarter": 4,
            "eps": -0.26,
            "eps_growth_year": -980.45,
            "eps_4q": -0.77,
            "eps_4q_growth_year": -227.61,
            "roe": -2.37,
            "roe_4q": -6.7700000000000005,
            "gross_profit": 69529,
            "gross_margin": 9.53,
            "gross_margin_4q_avg": 11.6,
            "net_income": -69530,
            "net_income_4q": null,
            "revenue": 729936,
            "revenue_4q": null,
            "common_shares": 2682357,
            "book_valuer_per_share": 10.79,
            "book_valuer_per_share_4q_avg": 11.26,
            "equity": 2894754,
            "current_ratio": 210.62,
            "debt_ratio": 34.5,
            "inventory_turnover_ratio": 1.37,
            "account_receivable_turnover_ratio": 1.32,
            "reinvestment_rate": null,
            "research_to_sale_ratio": 10.99,
            "price_fair": 0,
            "eps_avg_yearly": 0,
            "eps_latest_yearly": 0,
            "eps_growth_yearly": 0
        },
        "20181": {
            "year_quarter": 20181,
            "year": 2018,
            "quarter": 1,
            "eps": -0.37,
            "eps_growth_year": null,
            "eps_4q": -0.92,
            "eps_4q_growth_year": null,
            "roe": -3.45,
            "roe_4q": -8.479999999999999,
            "gross_profit": 43820,
            "gross_margin": 6.26,
            "gross_margin_4q_avg": 9.9,
            "net_income": -98625,
            "net_income_4q": null,
            "revenue": 699609,
            "revenue_4q": null,
            "common_shares": 2682357,
            "book_valuer_per_share": 10.51,
            "book_valuer_per_share_4q_avg": 10.91,
            "equity": 2820152,
            "current_ratio": 224.37,
            "debt_ratio": 36.46,
            "inventory_turnover_ratio": 1.2,
            "account_receivable_turnover_ratio": 1.24,
            "reinvestment_rate": null,
            "research_to_sale_ratio": 10.94,
            "price_fair": 0,
            "eps_avg_yearly": 0,
            "eps_latest_yearly": 0,
            "eps_growth_yearly": 0
        },
        "20182": {
            "year_quarter": 20182,
            "year": 2018,
            "quarter": 2,
            "eps": -0.22,
            "eps_growth_year": null,
            "eps_4q": -1.12,
            "eps_4q_growth_year": null,
            "roe": -2.15,
            "roe_4q": -10.35,
            "gross_profit": 51519,
            "gross_margin": 7.12,
            "gross_margin_4q_avg": 8.2,
            "net_income": -60023,
            "net_income_4q": null,
            "revenue": 723566,
            "revenue_4q": null,
            "common_shares": 2682357,
            "book_valuer_per_share": 10.32,
            "book_valuer_per_share_4q_avg": 10.67,
            "equity": 2767674,
            "current_ratio": 201.13,
            "debt_ratio": 37.21,
            "inventory_turnover_ratio": 1.03,
            "account_receivable_turnover_ratio": 1.07,
            "reinvestment_rate": null,
            "research_to_sale_ratio": 9.72,
            "price_fair": 0,
            "eps_avg_yearly": 0,
            "eps_latest_yearly": 0,
            "eps_growth_yearly": 0
        },
        "20183": {
            "year_quarter": 20183,
            "year": 2018,
            "quarter": 3,
            "eps": 0.09,
            "eps_growth_year": null,
            "eps_4q": -0.76,
            "eps_4q_growth_year": null,
            "roe": 0.92,
            "roe_4q": -7.05,
            "gross_profit": 112113,
            "gross_margin": 11.74,
            "gross_margin_4q_avg": 8.66,
            "net_income": 25392,
            "net_income_4q": null,
            "revenue": 955094,
            "revenue_4q": null,
            "common_shares": 2682357,
            "book_valuer_per_share": 10.23,
            "book_valuer_per_share_4q_avg": 10.46,
            "equity": 2743971,
            "current_ratio": 189.46,
            "debt_ratio": 38.25,
            "inventory_turnover_ratio": 1.12,
            "account_receivable_turnover_ratio": 1.09,
            "reinvestment_rate": null,
            "research_to_sale_ratio": 7.57,
            "price_fair": 0,
            "eps_avg_yearly": 0,
            "eps_latest_yearly": 0,
            "eps_growth_yearly": 0
        },
        "20184": {
            "year_quarter": 20184,
            "year": 2018,
            "quarter": 4,
            "eps": -0.33,
            "eps_growth_year": null,
            "eps_4q": -0.82,
            "eps_4q_growth_year": null,
            "roe": -3.23,
            "roe_4q": -7.91,
            "gross_profit": 58976,
            "gross_margin": 7.16,
            "gross_margin_4q_avg": 8.07,
            "net_income": -87442,
            "net_income_4q": null,
            "revenue": 823909,
            "revenue_4q": null,
            "common_shares": 2682357,
            "book_valuer_per_share": 9.95,
            "book_valuer_per_share_4q_avg": 10.25,
            "equity": 2668511,
            "current_ratio": 159.37,
            "debt_ratio": 41.33,
            "inventory_turnover_ratio": 0.95,
            "account_receivable_turnover_ratio": 0.87,
            "reinvestment_rate": null,
            "research_to_sale_ratio": 8.92,
            "price_fair": 0,
            "eps_avg_yearly": 0,
            "eps_latest_yearly": 0,
            "eps_growth_yearly": 0
        },
        "20191": {
            "year_quarter": 20191,
            "year": 2019,
            "quarter": 1,
            "eps": -0.49,
            "eps_growth_year": null,
            "eps_4q": -0.94,
            "eps_4q_growth_year": null,
            "roe": -4.99,
            "roe_4q": -9.450000000000001,
            "gross_profit": 24193,
            "gross_margin": 3.21,
            "gross_margin_4q_avg": 7.31,
            "net_income": -130737,
            "net_income_4q": null,
            "revenue": 754547,
            "revenue_4q": null,
            "common_shares": 2682357,
            "book_valuer_per_share": 9.58,
            "book_valuer_per_share_4q_avg": 10.02,
            "equity": 2570519,
            "current_ratio": 167.79,
            "debt_ratio": 47.79,
            "inventory_turnover_ratio": 0.93,
            "account_receivable_turnover_ratio": 0.85,
            "reinvestment_rate": null,
            "research_to_sale_ratio": 9.13,
            "price_fair": 0,
            "eps_avg_yearly": 0,
            "eps_latest_yearly": 0,
            "eps_growth_yearly": 0
        },
        "20192": {
            "year_quarter": 20192,
            "year": 2019,
            "quarter": 2,
            "eps": -0.35,
            "eps_growth_year": null,
            "eps_4q": -1.07,
            "eps_4q_growth_year": null,
            "roe": -3.76,
            "roe_4q": -11.06,
            "gross_profit": 38376,
            "gross_margin": 4.42,
            "gross_margin_4q_avg": 6.63,
            "net_income": -94542,
            "net_income_4q": null,
            "revenue": 867910,
            "revenue_4q": null,
            "common_shares": 2682357,
            "book_valuer_per_share": 9.17,
            "book_valuer_per_share_4q_avg": 9.73,
            "equity": 2458755,
            "current_ratio": 169.13,
            "debt_ratio": 48.51,
            "inventory_turnover_ratio": 1.12,
            "account_receivable_turnover_ratio": 0.92,
            "reinvestment_rate": null,
            "research_to_sale_ratio": 8.71,
            "price_fair": 0,
            "eps_avg_yearly": 0,
            "eps_latest_yearly": 0,
            "eps_growth_yearly": 0
        },
        "20193": {
            "year_quarter": 20193,
            "year": 2019,
            "quarter": 3,
            "eps": -0.08,
            "eps_growth_year": -188.89,
            "eps_4q": -1.24,
            "eps_4q_growth_year": null,
            "roe": -0.84,
            "roe_4q": -12.82,
            "gross_profit": 107387,
            "gross_margin": 10.39,
            "gross_margin_4q_avg": 6.3,
            "net_income": -20487,
            "net_income_4q": null,
            "revenue": 1033948,
            "revenue_4q": null,
            "common_shares": 2682357,
            "book_valuer_per_share": 8.94,
            "book_valuer_per_share_4q_avg": 9.41,
            "equity": 2399006,
            "current_ratio": 160.92,
            "debt_ratio": 50.64,
            "inventory_turnover_ratio": 1.32,
            "account_receivable_turnover_ratio": 0.96,
            "reinvestment_rate": null,
            "research_to_sale_ratio": 7.18,
            "price_fair": 0,
            "eps_avg_yearly": 0,
            "eps_latest_yearly": 0,
            "eps_growth_yearly": 0
        },
        "20194": {
            "year_quarter": 20194,
            "year": 2019,
            "quarter": 4,
            "eps": -0.35,
            "eps_growth_year": null,
            "eps_4q": -1.26,
            "eps_4q_growth_year": null,
            "roe": -3.97,
            "roe_4q": -13.56,
            "gross_profit": 55877,
            "gross_margin": 7.59,
            "gross_margin_4q_avg": 6.4,
            "net_income": -93369,
            "net_income_4q": null,
            "revenue": 736601,
            "revenue_4q": null,
            "common_shares": 2682357,
            "book_valuer_per_share": 8.59,
            "book_valuer_per_share_4q_avg": 9.07,
            "equity": 2302829,
            "current_ratio": 155.72,
            "debt_ratio": 51.52,
            "inventory_turnover_ratio": 1.02,
            "account_receivable_turnover_ratio": 0.76,
            "reinvestment_rate": null,
            "research_to_sale_ratio": 10.67,
            "price_fair": 0,
            "eps_avg_yearly": 0,
            "eps_latest_yearly": 0,
            "eps_growth_yearly": 0
        },
        "20201": {
            "year_quarter": 20201,
            "year": 2020,
            "quarter": 1,
            "eps": -0.53,
            "eps_growth_year": null,
            "eps_4q": -1.31,
            "eps_4q_growth_year": null,
            "roe": -6.38,
            "roe_4q": -14.95,
            "gross_profit": -15922,
            "gross_margin": -3.42,
            "gross_margin_4q_avg": 4.75,
            "net_income": -141686,
            "net_income_4q": null,
            "revenue": 465410,
            "revenue_4q": null,
            "common_shares": 2682357,
            "book_valuer_per_share": 7.98,
            "book_valuer_per_share_4q_avg": 8.67,
            "equity": 2139319,
            "current_ratio": 166.62,
            "debt_ratio": 49.43,
            "inventory_turnover_ratio": 0.71,
            "account_receivable_turnover_ratio": 0.7,
            "reinvestment_rate": null,
            "research_to_sale_ratio": 17.5,
            "price_fair": 0,
            "eps_avg_yearly": 0,
            "eps_latest_yearly": 0,
            "eps_growth_yearly": 0
        },
        "20202": {
            "year_quarter": 20202,
            "year": 2020,
            "quarter": 2,
            "eps": -0.32,
            "eps_growth_year": null,
            "eps_4q": -1.27,
            "eps_4q_growth_year": null,
            "roe": -4.04,
            "roe_4q": -15.23,
            "gross_profit": 19850,
            "gross_margin": 2.86,
            "gross_margin_4q_avg": 4.36,
            "net_income": -85604,
            "net_income_4q": null,
            "revenue": 693417,
            "revenue_4q": null,
            "common_shares": 2682357,
            "book_valuer_per_share": 7.81,
            "book_valuer_per_share_4q_avg": 8.33,
            "equity": 2095193,
            "current_ratio": 155.65,
            "debt_ratio": 55.73,
            "inventory_turnover_ratio": 0.83,
            "account_receivable_turnover_ratio": 1.11,
            "reinvestment_rate": null,
            "research_to_sale_ratio": 12.65,
            "price_fair": 0,
            "eps_avg_yearly": 0,
            "eps_latest_yearly": 0,
            "eps_growth_yearly": 0
        },
        "20203": {
            "year_quarter": 20203,
            "year": 2020,
            "quarter": 3,
            "eps": -0.31,
            "eps_growth_year": null,
            "eps_4q": -1.51,
            "eps_4q_growth_year": null,
            "roe": -4.04,
            "roe_4q": -18.43,
            "gross_profit": 51041,
            "gross_margin": 4.48,
            "gross_margin_4q_avg": 2.88,
            "net_income": -83215,
            "net_income_4q": null,
            "revenue": 1140574,
            "revenue_4q": null,
            "common_shares": 2682357,
            "book_valuer_per_share": 7.53,
            "book_valuer_per_share_4q_avg": 7.98,
            "equity": 2019272,
            "current_ratio": 151.1,
            "debt_ratio": 59.04,
            "inventory_turnover_ratio": 1.21,
            "account_receivable_turnover_ratio": 1.23,
            "reinvestment_rate": null,
            "research_to_sale_ratio": 6.66,
            "price_fair": 0,
            "eps_avg_yearly": 0,
            "eps_latest_yearly": 0,
            "eps_growth_yearly": 0
        },
        "20204": {
            "year_quarter": 20204,
            "year": 2020,
            "quarter": 4,
            "eps": -0.54,
            "eps_growth_year": null,
            "eps_4q": -1.89,
            "eps_4q_growth_year": null,
            "roe": -6.24,
            "roe_4q": -20.7,
            "gross_profit": 20129,
            "gross_margin": 2.03,
            "gross_margin_4q_avg": 1.49,
            "net_income": -124437,
            "net_income_4q": null,
            "revenue": 991859,
            "revenue_4q": null,
            "common_shares": 2296792,
            "book_valuer_per_share": 8.57,
            "book_valuer_per_share_4q_avg": 7.97,
            "equity": 1968876,
            "current_ratio": 160.93,
            "debt_ratio": 57.87,
            "inventory_turnover_ratio": 1.23,
            "account_receivable_turnover_ratio": 0.95,
            "reinvestment_rate": null,
            "research_to_sale_ratio": 7.62,
            "price_fair": 0,
            "eps_avg_yearly": 0,
            "eps_latest_yearly": 0,
            "eps_growth_yearly": 0
        },
        "20211": {
            "year_quarter": 20211,
            "year": 2021,
            "quarter": 1,
            "eps": -0.45,
            "eps_growth_year": null,
            "eps_4q": -1.26,
            "eps_4q_growth_year": null,
            "roe": -5.37,
            "roe_4q": -19.689999999999998,
            "gross_profit": -12685,
            "gross_margin": -1.81,
            "gross_margin_4q_avg": 1.89,
            "net_income": -124032,
            "net_income_4q": null,
            "revenue": 701708,
            "revenue_4q": null,
            "common_shares": 3307792,
            "book_valuer_per_share": 8.02,
            "book_valuer_per_share_4q_avg": 7.98,
            "equity": 2652895,
            "current_ratio": 224.02,
            "debt_ratio": 45.05,
            "inventory_turnover_ratio": 0.97,
            "account_receivable_turnover_ratio": 0.84,
            "reinvestment_rate": null,
            "research_to_sale_ratio": 9.98,
            "price_fair": 0,
            "eps_avg_yearly": 0,
            "eps_latest_yearly": 0,
            "eps_growth_yearly": 0
        },
        "20212": {
            "year_quarter": 20212,
            "year": 2021,
            "quarter": 2,
            "eps": -0.51,
            "eps_growth_year": null,
            "eps_4q": -1.51,
            "eps_4q_growth_year": null,
            "roe": -6.61,
            "roe_4q": -22.259999999999998,
            "gross_profit": -19803,
            "gross_margin": -3.17,
            "gross_margin_4q_avg": 0.38,
            "net_income": -168520,
            "net_income_4q": null,
            "revenue": 624547,
            "revenue_4q": null,
            "common_shares": 3307792,
            "book_valuer_per_share": 7.39,
            "book_valuer_per_share_4q_avg": 7.88,
            "equity": 2443945,
            "current_ratio": 232.49,
            "debt_ratio": 44.97,
            "inventory_turnover_ratio": 0.8,
            "account_receivable_turnover_ratio": 1,
            "reinvestment_rate": null,
            "research_to_sale_ratio": 10.99,
            "price_fair": 0,
            "eps_avg_yearly": 0,
            "eps_latest_yearly": 0,
            "eps_growth_yearly": 0
        },
        "20213": {
            "year_quarter": 20213,
            "year": 2021,
            "quarter": 3,
            "eps": -0.64,
            "eps_growth_year": null,
            "eps_4q": -1.9,
            "eps_4q_growth_year": null,
            "roe": -9.08,
            "roe_4q": -27.300000000000004,
            "gross_profit": 1094,
            "gross_margin": 0.2,
            "gross_margin_4q_avg": -0.69,
            "net_income": -212005,
            "net_income_4q": null,
            "revenue": 535141,
            "revenue_4q": null,
            "common_shares": 3307792,
            "book_valuer_per_share": 6.73,
            "book_valuer_per_share_4q_avg": 7.68,
            "equity": 2226849,
            "current_ratio": 226.56,
            "debt_ratio": 47.22,
            "inventory_turnover_ratio": 0.59,
            "account_receivable_turnover_ratio": 1.16,
            "reinvestment_rate": null,
            "research_to_sale_ratio": 12.4,
            "price_fair": 0,
            "eps_avg_yearly": 0,
            "eps_latest_yearly": 0,
            "eps_growth_yearly": 0
        },
        "20214": {
            "year_quarter": 20214,
            "year": 2021,
            "quarter": 4,
            "eps": 2.71,
            "eps_growth_year": null,
            "eps_4q": 1.18,
            "eps_4q_growth_year": null,
            "roe": 33.42,
            "roe_4q": 12.360000000000003,
            "gross_profit": 61600,
            "gross_margin": 9.77,
            "gross_margin_4q_avg": 1.25,
            "net_income": 895210,
            "net_income_4q": null,
            "revenue": 630511,
            "revenue_4q": null,
            "common_shares": 3307792,
            "book_valuer_per_share": 9.46,
            "book_valuer_per_share_4q_avg": 7.9,
            "equity": 3130351,
            "current_ratio": 326.02,
            "debt_ratio": 40.45,
            "inventory_turnover_ratio": 0.62,
            "account_receivable_turnover_ratio": 1.45,
            "reinvestment_rate": null,
            "research_to_sale_ratio": 7.22,
            "price_fair": 0,
            "eps_avg_yearly": 0,
            "eps_latest_yearly": 0,
            "eps_growth_yearly": 0
        },
        "20221": {
            "year_quarter": 20221,
            "year": 2022,
            "quarter": 1,
            "eps": -0.2,
            "eps_growth_year": null,
            "eps_4q": 1.36,
            "eps_4q_growth_year": null,
            "roe": -2.1,
            "roe_4q": 15.630000000000003,
            "gross_profit": 14740,
            "gross_margin": 2.37,
            "gross_margin_4q_avg": 2.29,
            "net_income": -65562,
            "net_income_4q": null,
            "revenue": 622396,
            "revenue_4q": null,
            "common_shares": 3307792,
            "book_valuer_per_share": 9.37,
            "book_valuer_per_share_4q_avg": 8.24,
            "equity": 3098682,
            "current_ratio": 294.48,
            "debt_ratio": 42.95,
            "inventory_turnover_ratio": 0.65,
            "account_receivable_turnover_ratio": 1.09,
            "reinvestment_rate": null,
            "research_to_sale_ratio": 7.3,
            "price_fair": 0,
            "eps_avg_yearly": 0,
            "eps_latest_yearly": 0,
            "eps_growth_yearly": 0
        },
        "20222": {
            "year_quarter": 20222,
            "year": 2022,
            "quarter": 2,
            "eps": 0.09,
            "eps_growth_year": null,
            "eps_4q": 1.96,
            "eps_4q_growth_year": null,
            "roe": 0.99,
            "roe_4q": 23.230000000000004,
            "gross_profit": 30142,
            "gross_margin": 4.94,
            "gross_margin_4q_avg": 4.32,
            "net_income": 30735,
            "net_income_4q": null,
            "revenue": 609548,
            "revenue_4q": null,
            "common_shares": 3307792,
            "book_valuer_per_share": 9.37,
            "book_valuer_per_share_4q_avg": 8.73,
            "equity": 3101028,
            "current_ratio": 255.27,
            "debt_ratio": 44.67,
            "inventory_turnover_ratio": 0.51,
            "account_receivable_turnover_ratio": 0.9,
            "reinvestment_rate": null,
            "research_to_sale_ratio": 7.85,
            "price_fair": 0,
            "eps_avg_yearly": 0,
            "eps_latest_yearly": 0,
            "eps_growth_yearly": 0
        },
        "20223": {
            "year_quarter": 20223,
            "year": 2022,
            "quarter": 3,
            "eps": 0.24,
            "eps_growth_year": null,
            "eps_4q": 2.85,
            "eps_4q_growth_year": null,
            "roe": 2.57,
            "roe_4q": 34.88,
            "gross_profit": 98779,
            "gross_margin": 9.24,
            "gross_margin_4q_avg": 6.58,
            "net_income": 80792,
            "net_income_4q": null,
            "revenue": 1069207,
            "revenue_4q": null,
            "common_shares": 3307792,
            "book_valuer_per_share": 9.62,
            "book_valuer_per_share_4q_avg": 9.46,
            "equity": 3182300,
            "current_ratio": 263.86,
            "debt_ratio": 42.51,
            "inventory_turnover_ratio": 0.8,
            "account_receivable_turnover_ratio": 1.17,
            "reinvestment_rate": null,
            "research_to_sale_ratio": 4.73,
            "price_fair": 33.6,
            "eps_avg_yearly": 0.96,
            "eps_latest_yearly": 0.96,
            "eps_growth_yearly": 666.67
        },
        "20224": {
            "year_quarter": 20224,
            "year": 2022,
            "quarter": 4,
            "eps": 0.15,
            "eps_growth_year": -94.53,
            "eps_4q": 0.29,
            "eps_4q_growth_year": -75.69,
            "roe": 1.53,
            "roe_4q": 2.9899999999999998,
            "gross_profit": 146560,
            "gross_margin": 13.6,
            "gross_margin_4q_avg": 7.54,
            "net_income": 49008,
            "net_income_4q": null,
            "revenue": 1077966,
            "revenue_4q": null,
            "common_shares": 3307792,
            "book_valuer_per_share": 9.78,
            "book_valuer_per_share_4q_avg": 9.54,
            "equity": 3233958,
            "current_ratio": 260.84,
            "debt_ratio": 42.29,
            "inventory_turnover_ratio": 0.79,
            "account_receivable_turnover_ratio": 0.97,
            "reinvestment_rate": null,
            "research_to_sale_ratio": 4.03,
            "price_fair": 27.3,
            "eps_avg_yearly": 0.78,
            "eps_latest_yearly": 0.6,
            "eps_growth_yearly": 258.33
        },
        "20231": {
            "year_quarter": 20231,
            "year": 2023,
            "quarter": 1,
            "eps": 0.03,
            "eps_growth_year": null,
            "eps_4q": 0.52,
            "eps_4q_growth_year": -61.82,
            "roe": 0.34,
            "roe_4q": 5.43,
            "gross_profit": 116425,
            "gross_margin": 10.87,
            "gross_margin_4q_avg": 9.66,
            "net_income": 10962,
            "net_income_4q": null,
            "revenue": 1070847,
            "revenue_4q": null,
            "common_shares": 3307792,
            "book_valuer_per_share": 9.88,
            "book_valuer_per_share_4q_avg": 9.66,
            "equity": 3267149,
            "current_ratio": 272.35,
            "debt_ratio": 40.67,
            "inventory_turnover_ratio": 0.82,
            "account_receivable_turnover_ratio": 0.99,
            "reinvestment_rate": null,
            "research_to_sale_ratio": 4.2,
            "price_fair": 19.6,
            "eps_avg_yearly": 0.56,
            "eps_latest_yearly": 0.12,
            "eps_growth_yearly": 65.56
        },
        "20232": {
            "year_quarter": 20232,
            "year": 2023,
            "quarter": 2,
            "eps": -0.03,
            "eps_growth_year": -133.33,
            "eps_4q": 0.4,
            "eps_4q_growth_year": -79.83,
            "roe": -0.31,
            "roe_4q": 4.13,
            "gross_profit": 68513,
            "gross_margin": 8.52,
            "gross_margin_4q_avg": 10.56,
            "net_income": -9961,
            "net_income_4q": null,
            "revenue": 804525,
            "revenue_4q": null,
            "common_shares": 3307792,
            "book_valuer_per_share": 9.65,
            "book_valuer_per_share_4q_avg": 9.73,
            "equity": 3191988,
            "current_ratio": 325.97,
            "debt_ratio": 36.34,
            "inventory_turnover_ratio": 0.78,
            "account_receivable_turnover_ratio": 0.82,
            "reinvestment_rate": null,
            "research_to_sale_ratio": 6.09,
            "price_fair": 19.6,
            "eps_avg_yearly": 0.56,
            "eps_latest_yearly": 0.12,
            "eps_growth_yearly": 65.56
        },
        "20233": {
            "year_quarter": 20233,
            "year": 2023,
            "quarter": 3,
            "eps": -0.04,
            "eps_growth_year": -116.67,
            "eps_4q": 0.11,
            "eps_4q_growth_year": -95.98,
            "roe": -0.38,
            "roe_4q": 1.1800000000000002,
            "gross_profit": 9383,
            "gross_margin": 2.26,
            "gross_margin_4q_avg": 8.81,
            "net_income": -12154,
            "net_income_4q": null,
            "revenue": 415029,
            "revenue_4q": null,
            "common_shares": 3307792,
            "book_valuer_per_share": 9.63,
            "book_valuer_per_share_4q_avg": 9.74,
            "equity": 3185722,
            "current_ratio": 492.29,
            "debt_ratio": 27.37,
            "inventory_turnover_ratio": 0.56,
            "account_receivable_turnover_ratio": 0.63,
            "reinvestment_rate": null,
            "research_to_sale_ratio": 11.54,
            "price_fair": 19.6,
            "eps_avg_yearly": 0.56,
            "eps_latest_yearly": 0.12,
            "eps_growth_yearly": 65.56
        },
        "20234": {
            "year_quarter": 20234,
            "year": 2023,
            "quarter": 4,
            "eps": -0.08,
            "eps_growth_year": -153.07,
            "eps_4q": -0.11,
            "eps_4q_growth_year": -139.13,
            "roe": -0.82,
            "roe_4q": -1.17,
            "gross_profit": -21414,
            "gross_margin": -8.6,
            "gross_margin_4q_avg": 3.26,
            "net_income": -26007,
            "net_income_4q": null,
            "revenue": 248953,
            "revenue_4q": null,
            "common_shares": 3307792,
            "book_valuer_per_share": 9.53,
            "book_valuer_per_share_4q_avg": 9.67,
            "equity": 3150714,
            "current_ratio": 490.53,
            "debt_ratio": 26.02,
            "inventory_turnover_ratio": 0.43,
            "account_receivable_turnover_ratio": 0.71,
            "reinvestment_rate": -2283.3,
            "research_to_sale_ratio": 18.85,
            "price_fair": 19.6,
            "eps_avg_yearly": 0.56,
            "eps_latest_yearly": 0.12,
            "eps_growth_yearly": 65.56
        }
    },
    "months": {
        "2002-01": {
            "month": "2002-01",
            "price": "48.92",
            "revenue": 321999
        },
        "2002-02": {
            "month": "2002-02",
            "price": "81.33",
            "revenue": 253190
        },
        "2002-03": {
            "month": "2002-03",
            "price": "86.64",
            "revenue": 352043
        },
        "2002-04": {
            "month": "2002-04",
            "price": "74.29",
            "revenue": 301572
        },
        "2002-05": {
            "month": "2002-05",
            "price": "59.98",
            "revenue": 300045
        },
        "2002-06": {
            "month": "2002-06",
            "price": "59.35",
            "revenue": 279267
        },
        "2002-07": {
            "month": "2002-07",
            "price": "52.76",
            "revenue": 290435
        },
        "2002-08": {
            "month": "2002-08",
            "price": "42.32",
            "revenue": 314609
        },
        "2002-09": {
            "month": "2002-09",
            "price": "38.18",
            "revenue": 395509
        },
        "2002-10": {
            "month": "2002-10",
            "price": "33.94",
            "revenue": 407940
        },
        "2002-11": {
            "month": "2002-11",
            "price": "33.49",
            "revenue": 387499
        },
        "2002-12": {
            "month": "2002-12",
            "price": "31.05",
            "revenue": 366061
        },
        "2003-01": {
            "month": "2003-01",
            "price": "30.55",
            "revenue": 301408
        },
        "2003-02": {
            "month": "2003-02",
            "price": "29.63",
            "revenue": 272610
        },
        "2003-03": {
            "month": "2003-03",
            "price": "26.50",
            "revenue": 352262
        },
        "2003-04": {
            "month": "2003-04",
            "price": "27.70",
            "revenue": 336289
        },
        "2003-05": {
            "month": "2003-05",
            "price": "29.27",
            "revenue": 296885
        },
        "2003-06": {
            "month": "2003-06",
            "price": "32.36",
            "revenue": 245354
        },
        "2003-07": {
            "month": "2003-07",
            "price": "31.54",
            "revenue": 258241
        },
        "2003-08": {
            "month": "2003-08",
            "price": "27.29",
            "revenue": 354777
        },
        "2003-09": {
            "month": "2003-09",
            "price": "24.66",
            "revenue": 418497
        },
        "2003-10": {
            "month": "2003-10",
            "price": "24.03",
            "revenue": 403979
        },
        "2003-11": {
            "month": "2003-11",
            "price": "26.78",
            "revenue": 455910
        },
        "2003-12": {
            "month": "2003-12",
            "price": "31.39",
            "revenue": 503152
        },
        "2004-01": {
            "month": "2004-01",
            "price": "34.40",
            "revenue": 318581
        },
        "2004-02": {
            "month": "2004-02",
            "price": "32.24",
            "revenue": 401887
        },
        "2004-03": {
            "month": "2004-03",
            "price": "28.52",
            "revenue": 437414
        },
        "2004-04": {
            "month": "2004-04",
            "price": "28.01",
            "revenue": 424118
        },
        "2004-05": {
            "month": "2004-05",
            "price": "24.51",
            "revenue": 407561
        },
        "2004-06": {
            "month": "2004-06",
            "price": "23.26",
            "revenue": 521493
        },
        "2004-07": {
            "month": "2004-07",
            "price": "23.91",
            "revenue": 408761
        },
        "2004-08": {
            "month": "2004-08",
            "price": "24.58",
            "revenue": 372481
        },
        "2004-09": {
            "month": "2004-09",
            "price": "26.50",
            "revenue": 507375
        },
        "2004-10": {
            "month": "2004-10",
            "price": "24.46",
            "revenue": 510345
        },
        "2004-11": {
            "month": "2004-11",
            "price": "26.42",
            "revenue": 563785
        },
        "2004-12": {
            "month": "2004-12",
            "price": "29.00",
            "revenue": 608337
        },
        "2005-01": {
            "month": "2005-01",
            "price": "26.74",
            "revenue": 537879
        },
        "2005-02": {
            "month": "2005-02",
            "price": "29.30",
            "revenue": 689938
        },
        "2005-03": {
            "month": "2005-03",
            "price": "38.06",
            "revenue": 956590
        },
        "2005-04": {
            "month": "2005-04",
            "price": "38.31",
            "revenue": 1010598
        },
        "2005-05": {
            "month": "2005-05",
            "price": "37.03",
            "revenue": 810318
        },
        "2005-06": {
            "month": "2005-06",
            "price": "39.31",
            "revenue": 1063304
        },
        "2005-07": {
            "month": "2005-07",
            "price": "48.23",
            "revenue": 820703
        },
        "2005-08": {
            "month": "2005-08",
            "price": "42.11",
            "revenue": 1069198
        },
        "2005-09": {
            "month": "2005-09",
            "price": "40.42",
            "revenue": 938706
        },
        "2005-10": {
            "month": "2005-10",
            "price": "38.34",
            "revenue": 874132
        },
        "2005-11": {
            "month": "2005-11",
            "price": "37.73",
            "revenue": 1173775
        },
        "2005-12": {
            "month": "2005-12",
            "price": "40.48",
            "revenue": 1084473
        },
        "2006-01": {
            "month": "2006-01",
            "price": "41.10",
            "revenue": 659019
        },
        "2006-02": {
            "month": "2006-02",
            "price": "36.01",
            "revenue": 576080
        },
        "2006-03": {
            "month": "2006-03",
            "price": "31.90",
            "revenue": 926798
        },
        "2006-04": {
            "month": "2006-04",
            "price": "33.97",
            "revenue": 792539
        },
        "2006-05": {
            "month": "2006-05",
            "price": "31.76",
            "revenue": 634689
        },
        "2006-06": {
            "month": "2006-06",
            "price": "26.63",
            "revenue": 886175
        },
        "2006-07": {
            "month": "2006-07",
            "price": "25.84",
            "revenue": 735971
        },
        "2006-08": {
            "month": "2006-08",
            "price": "25.28",
            "revenue": 893413
        },
        "2006-09": {
            "month": "2006-09",
            "price": "23.65",
            "revenue": 901415
        },
        "2006-10": {
            "month": "2006-10",
            "price": "21.99",
            "revenue": 812513
        },
        "2006-11": {
            "month": "2006-11",
            "price": "23.39",
            "revenue": 839269
        },
        "2006-12": {
            "month": "2006-12",
            "price": "29.46",
            "revenue": 882128
        },
        "2007-01": {
            "month": "2007-01",
            "price": "29.02",
            "revenue": 751422
        },
        "2007-02": {
            "month": "2007-02",
            "price": "28.16",
            "revenue": 655017
        },
        "2007-03": {
            "month": "2007-03",
            "price": "33.02",
            "revenue": 970694
        },
        "2007-04": {
            "month": "2007-04",
            "price": "35.97",
            "revenue": 978062
        },
        "2007-05": {
            "month": "2007-05",
            "price": "40.36",
            "revenue": 661807
        },
        "2007-06": {
            "month": "2007-06",
            "price": "41.54",
            "revenue": 1188044
        },
        "2007-07": {
            "month": "2007-07",
            "price": "43.90",
            "revenue": 886603
        },
        "2007-08": {
            "month": "2007-08",
            "price": "33.78",
            "revenue": 1222910
        },
        "2007-09": {
            "month": "2007-09",
            "price": "33.69",
            "revenue": 1131303
        },
        "2007-10": {
            "month": "2007-10",
            "price": "35.91",
            "revenue": 996808
        },
        "2007-11": {
            "month": "2007-11",
            "price": "30.04",
            "revenue": 1266989
        },
        "2007-12": {
            "month": "2007-12",
            "price": "27.59",
            "revenue": 916015
        },
        "2008-01": {
            "month": "2008-01",
            "price": "23.19",
            "revenue": 809953
        },
        "2008-02": {
            "month": "2008-02",
            "price": "21.31",
            "revenue": 907894
        },
        "2008-03": {
            "month": "2008-03",
            "price": "23.17",
            "revenue": 961447
        },
        "2008-04": {
            "month": "2008-04",
            "price": "25.08",
            "revenue": 977482
        },
        "2008-05": {
            "month": "2008-05",
            "price": "22.47",
            "revenue": 1086104
        },
        "2008-06": {
            "month": "2008-06",
            "price": "20.36",
            "revenue": 845748
        },
        "2008-07": {
            "month": "2008-07",
            "price": "16.66",
            "revenue": 1181183
        },
        "2008-08": {
            "month": "2008-08",
            "price": "17.53",
            "revenue": 1247740
        },
        "2008-09": {
            "month": "2008-09",
            "price": "13.20",
            "revenue": 1361006
        },
        "2008-10": {
            "month": "2008-10",
            "price": "10.62",
            "revenue": 919448
        },
        "2008-11": {
            "month": "2008-11",
            "price": "9.64",
            "revenue": 890702
        },
        "2008-12": {
            "month": "2008-12",
            "price": "9.11",
            "revenue": 838558
        },
        "2009-01": {
            "month": "2009-01",
            "price": "10.74",
            "revenue": 646292
        },
        "2009-02": {
            "month": "2009-02",
            "price": "9.85",
            "revenue": 687498
        },
        "2009-03": {
            "month": "2009-03",
            "price": "10.88",
            "revenue": 916487
        },
        "2009-04": {
            "month": "2009-04",
            "price": "12.78",
            "revenue": 933492
        },
        "2009-05": {
            "month": "2009-05",
            "price": "13.61",
            "revenue": 894895
        },
        "2009-06": {
            "month": "2009-06",
            "price": "13.90",
            "revenue": 1086531
        },
        "2009-07": {
            "month": "2009-07",
            "price": "15.00",
            "revenue": 851081
        },
        "2009-08": {
            "month": "2009-08",
            "price": "15.50",
            "revenue": 882439
        },
        "2009-09": {
            "month": "2009-09",
            "price": "16.59",
            "revenue": 1059493
        },
        "2009-10": {
            "month": "2009-10",
            "price": "17.65",
            "revenue": 916298
        },
        "2009-11": {
            "month": "2009-11",
            "price": "17.75",
            "revenue": 1020846
        },
        "2009-12": {
            "month": "2009-12",
            "price": "18.09",
            "revenue": 1196236
        },
        "2010-01": {
            "month": "2010-01",
            "price": "18.23",
            "revenue": 1076431
        },
        "2010-02": {
            "month": "2010-02",
            "price": "16.08",
            "revenue": 790934
        },
        "2010-03": {
            "month": "2010-03",
            "price": "16.92",
            "revenue": 1396701
        },
        "2010-04": {
            "month": "2010-04",
            "price": "18.19",
            "revenue": 1397735
        },
        "2010-05": {
            "month": "2010-05",
            "price": "17.05",
            "revenue": 1185580
        },
        "2010-06": {
            "month": "2010-06",
            "price": "16.73",
            "revenue": 1242637
        },
        "2010-07": {
            "month": "2010-07",
            "price": "17.08",
            "revenue": 1209398
        },
        "2010-08": {
            "month": "2010-08",
            "price": "17.47",
            "revenue": 1202969
        },
        "2010-09": {
            "month": "2010-09",
            "price": "15.79",
            "revenue": 1134273
        },
        "2010-10": {
            "month": "2010-10",
            "price": "16.32",
            "revenue": 820998
        },
        "2010-11": {
            "month": "2010-11",
            "price": "14.67",
            "revenue": 1044395
        },
        "2010-12": {
            "month": "2010-12",
            "price": "15.37",
            "revenue": 1154719
        },
        "2011-01": {
            "month": "2011-01",
            "price": "14.88",
            "revenue": 1023992
        },
        "2011-02": {
            "month": "2011-02",
            "price": "13.86",
            "revenue": 656025
        },
        "2011-03": {
            "month": "2011-03",
            "price": "12.95",
            "revenue": 1125276
        },
        "2011-04": {
            "month": "2011-04",
            "price": "13.09",
            "revenue": 884274
        },
        "2011-05": {
            "month": "2011-05",
            "price": "12.12",
            "revenue": 934851
        },
        "2011-06": {
            "month": "2011-06",
            "price": "11.98",
            "revenue": 1117696
        },
        "2011-07": {
            "month": "2011-07",
            "price": "11.11",
            "revenue": 945868
        },
        "2011-08": {
            "month": "2011-08",
            "price": "9.20",
            "revenue": 1201965
        },
        "2011-09": {
            "month": "2011-09",
            "price": "8.63",
            "revenue": 1001972
        },
        "2011-10": {
            "month": "2011-10",
            "price": "9.01",
            "revenue": 763795
        },
        "2011-11": {
            "month": "2011-11",
            "price": "9.10",
            "revenue": 799615
        },
        "2011-12": {
            "month": "2011-12",
            "price": "8.28",
            "revenue": 971202
        },
        "2012-01": {
            "month": "2012-01",
            "price": "8.30",
            "revenue": 584214
        },
        "2012-02": {
            "month": "2012-02",
            "price": "10.07",
            "revenue": 960515
        },
        "2012-03": {
            "month": "2012-03",
            "price": "10.23",
            "revenue": 1094879
        },
        "2012-04": {
            "month": "2012-04",
            "price": "8.17",
            "revenue": 992109
        },
        "2012-05": {
            "month": "2012-05",
            "price": "7.49",
            "revenue": 1185866
        },
        "2012-06": {
            "month": "2012-06",
            "price": "6.88",
            "revenue": 1093610
        },
        "2012-07": {
            "month": "2012-07",
            "price": "7.55",
            "revenue": 861159
        },
        "2012-08": {
            "month": "2012-08",
            "price": "7.65",
            "revenue": 1205254
        },
        "2012-09": {
            "month": "2012-09",
            "price": "7.76",
            "revenue": 1039226
        },
        "2012-10": {
            "month": "2012-10",
            "price": "7.10",
            "revenue": 857019
        },
        "2012-11": {
            "month": "2012-11",
            "price": "6.88",
            "revenue": 897064
        },
        "2012-12": {
            "month": "2012-12",
            "price": "7.23",
            "revenue": 817410
        },
        "2013-01": {
            "month": "2013-01",
            "price": "7.53",
            "revenue": 1097066
        },
        "2013-02": {
            "month": "2013-02",
            "price": "7.43",
            "revenue": 623428
        },
        "2013-03": {
            "month": "2013-03",
            "price": "7.72",
            "revenue": 786755
        },
        "2013-04": {
            "month": "2013-04",
            "price": "9.39",
            "revenue": 934779
        },
        "2013-05": {
            "month": "2013-05",
            "price": "10.14",
            "revenue": 975967
        },
        "2013-06": {
            "month": "2013-06",
            "price": "9.92",
            "revenue": 686447
        },
        "2013-07": {
            "month": "2013-07",
            "price": "9.72",
            "revenue": 654826
        },
        "2013-08": {
            "month": "2013-08",
            "price": "8.93",
            "revenue": 734580
        },
        "2013-09": {
            "month": "2013-09",
            "price": "9.00",
            "revenue": 616824
        },
        "2013-10": {
            "month": "2013-10",
            "price": "9.43",
            "revenue": 585420
        },
        "2013-11": {
            "month": "2013-11",
            "price": "8.99",
            "revenue": 673499
        },
        "2013-12": {
            "month": "2013-12",
            "price": "8.83",
            "revenue": 490276
        },
        "2014-01": {
            "month": "2014-01",
            "price": "9.48",
            "revenue": 609108
        },
        "2014-02": {
            "month": "2014-02",
            "price": "9.84",
            "revenue": 426748
        },
        "2014-03": {
            "month": "2014-03",
            "price": "9.73",
            "revenue": 445017
        },
        "2014-04": {
            "month": "2014-04",
            "price": "9.53",
            "revenue": 507091
        },
        "2014-05": {
            "month": "2014-05",
            "price": "8.91",
            "revenue": 430554
        },
        "2014-06": {
            "month": "2014-06",
            "price": "8.94",
            "revenue": 371968
        },
        "2014-07": {
            "month": "2014-07",
            "price": "9.19",
            "revenue": 455453
        },
        "2014-08": {
            "month": "2014-08",
            "price": "8.52",
            "revenue": 353794
        },
        "2014-09": {
            "month": "2014-09",
            "price": "7.79",
            "revenue": 382571
        },
        "2014-10": {
            "month": "2014-10",
            "price": "6.73",
            "revenue": 338550
        },
        "2014-11": {
            "month": "2014-11",
            "price": "6.26",
            "revenue": 377970
        },
        "2014-12": {
            "month": "2014-12",
            "price": "6.81",
            "revenue": 435742
        },
        "2015-01": {
            "month": "2015-01",
            "price": "7.24",
            "revenue": 401344
        },
        "2015-02": {
            "month": "2015-02",
            "price": "7.12",
            "revenue": 288481
        },
        "2015-03": {
            "month": "2015-03",
            "price": "6.88",
            "revenue": 363432
        },
        "2015-04": {
            "month": "2015-04",
            "price": "6.52",
            "revenue": 409541
        },
        "2015-05": {
            "month": "2015-05",
            "price": "6.08",
            "revenue": 446242
        },
        "2015-06": {
            "month": "2015-06",
            "price": "5.14",
            "revenue": 336208
        },
        "2015-07": {
            "month": "2015-07",
            "price": "4.54",
            "revenue": 354888
        },
        "2015-08": {
            "month": "2015-08",
            "price": "3.93",
            "revenue": 299686
        },
        "2015-09": {
            "month": "2015-09",
            "price": "4.15",
            "revenue": 425332
        },
        "2015-10": {
            "month": "2015-10",
            "price": "4.45",
            "revenue": 286467
        },
        "2015-11": {
            "month": "2015-11",
            "price": "4.76",
            "revenue": 327859
        },
        "2015-12": {
            "month": "2015-12",
            "price": "5.66",
            "revenue": 321647
        },
        "2016-01": {
            "month": "2016-01",
            "price": "5.27",
            "revenue": 286384
        },
        "2016-02": {
            "month": "2016-02",
            "price": "5.58",
            "revenue": 224214
        },
        "2016-03": {
            "month": "2016-03",
            "price": "5.78",
            "revenue": 364691
        },
        "2016-04": {
            "month": "2016-04",
            "price": "5.44",
            "revenue": 326396
        },
        "2016-05": {
            "month": "2016-05",
            "price": "5.48",
            "revenue": 251697
        },
        "2016-06": {
            "month": "2016-06",
            "price": "5.71",
            "revenue": 290979
        },
        "2016-07": {
            "month": "2016-07",
            "price": "6.11",
            "revenue": 315459
        },
        "2016-08": {
            "month": "2016-08",
            "price": "6.27",
            "revenue": 328217
        },
        "2016-09": {
            "month": "2016-09",
            "price": "6.17",
            "revenue": 332465
        },
        "2016-10": {
            "month": "2016-10",
            "price": "6.15",
            "revenue": 294626
        },
        "2016-11": {
            "month": "2016-11",
            "price": "5.80",
            "revenue": 327781
        },
        "2016-12": {
            "month": "2016-12",
            "price": "5.96",
            "revenue": 303389
        },
        "2017-01": {
            "month": "2017-01",
            "price": "6.32",
            "revenue": 281618
        },
        "2017-02": {
            "month": "2017-02",
            "price": "6.52",
            "revenue": 180219
        },
        "2017-03": {
            "month": "2017-03",
            "price": "7.48",
            "revenue": 384427
        },
        "2017-04": {
            "month": "2017-04",
            "price": "9.22",
            "revenue": 279658
        },
        "2017-05": {
            "month": "2017-05",
            "price": "8.38",
            "revenue": 316294
        },
        "2017-06": {
            "month": "2017-06",
            "price": "8.21",
            "revenue": 325103
        },
        "2017-07": {
            "month": "2017-07",
            "price": "8.48",
            "revenue": 265634
        },
        "2017-08": {
            "month": "2017-08",
            "price": "8.52",
            "revenue": 323123
        },
        "2017-09": {
            "month": "2017-09",
            "price": "8.45",
            "revenue": 253847
        },
        "2017-10": {
            "month": "2017-10",
            "price": "8.41",
            "revenue": 252825
        },
        "2017-11": {
            "month": "2017-11",
            "price": "8.14",
            "revenue": 308168
        },
        "2017-12": {
            "month": "2017-12",
            "price": "7.99",
            "revenue": 168942
        },
        "2018-01": {
            "month": "2018-01",
            "price": "8.25",
            "revenue": 321632
        },
        "2018-02": {
            "month": "2018-02",
            "price": "7.53",
            "revenue": 162741
        },
        "2018-03": {
            "month": "2018-03",
            "price": "7.96",
            "revenue": 215236
        },
        "2018-04": {
            "month": "2018-04",
            "price": "7.56",
            "revenue": 248687
        },
        "2018-05": {
            "month": "2018-05",
            "price": "7.04",
            "revenue": 272437
        },
        "2018-06": {
            "month": "2018-06",
            "price": "8.02",
            "revenue": 202442
        },
        "2018-07": {
            "month": "2018-07",
            "price": "7.73",
            "revenue": 341034
        },
        "2018-08": {
            "month": "2018-08",
            "price": "7.83",
            "revenue": 353200
        },
        "2018-09": {
            "month": "2018-09",
            "price": "8.49",
            "revenue": 260860
        },
        "2018-10": {
            "month": "2018-10",
            "price": "7.87",
            "revenue": 250188
        },
        "2018-11": {
            "month": "2018-11",
            "price": "8.16",
            "revenue": 344853
        },
        "2018-12": {
            "month": "2018-12",
            "price": "8.46",
            "revenue": 228868
        },
        "2019-01": {
            "month": "2019-01",
            "price": "8.44",
            "revenue": 337953
        },
        "2019-02": {
            "month": "2019-02",
            "price": "8.57",
            "revenue": 126945
        },
        "2019-03": {
            "month": "2019-03",
            "price": "9.19",
            "revenue": 289649
        },
        "2019-04": {
            "month": "2019-04",
            "price": "8.58",
            "revenue": 245606
        },
        "2019-05": {
            "month": "2019-05",
            "price": "8.01",
            "revenue": 305318
        },
        "2019-06": {
            "month": "2019-06",
            "price": "7.40",
            "revenue": 316986
        },
        "2019-07": {
            "month": "2019-07",
            "price": "8.18",
            "revenue": 360204
        },
        "2019-08": {
            "month": "2019-08",
            "price": "8.45",
            "revenue": 344914
        },
        "2019-09": {
            "month": "2019-09",
            "price": "8.21",
            "revenue": 328830
        },
        "2019-10": {
            "month": "2019-10",
            "price": "8.14",
            "revenue": 253236
        },
        "2019-11": {
            "month": "2019-11",
            "price": "8.01",
            "revenue": 212184
        },
        "2019-12": {
            "month": "2019-12",
            "price": "7.80",
            "revenue": 271181
        },
        "2020-01": {
            "month": "2020-01",
            "price": "7.52",
            "revenue": 208504
        },
        "2020-02": {
            "month": "2020-02",
            "price": "7.00",
            "revenue": 117625
        },
        "2020-03": {
            "month": "2020-03",
            "price": "5.44",
            "revenue": 139281
        },
        "2020-04": {
            "month": "2020-04",
            "price": "6.27",
            "revenue": 199593
        },
        "2020-05": {
            "month": "2020-05",
            "price": "7.08",
            "revenue": 267530
        },
        "2020-06": {
            "month": "2020-06",
            "price": "8.64",
            "revenue": 226294
        },
        "2020-07": {
            "month": "2020-07",
            "price": "9.68",
            "revenue": 360803
        },
        "2020-08": {
            "month": "2020-08",
            "price": "8.22",
            "revenue": 383603
        },
        "2020-09": {
            "month": "2020-09",
            "price": "8.33",
            "revenue": 396168
        },
        "2020-10": {
            "month": "2020-10",
            "price": "8.06",
            "revenue": 345377
        },
        "2020-11": {
            "month": "2020-11",
            "price": "7.75",
            "revenue": 261418
        },
        "2020-12": {
            "month": "2020-12",
            "price": "9.38",
            "revenue": 385064
        },
        "2021-01": {
            "month": "2021-01",
            "price": "8.60",
            "revenue": 160808
        },
        "2021-02": {
            "month": "2021-02",
            "price": "9.93",
            "revenue": 217028
        },
        "2021-03": {
            "month": "2021-03",
            "price": "12.09",
            "revenue": 323872
        },
        "2021-04": {
            "month": "2021-04",
            "price": "15.99",
            "revenue": 203461
        },
        "2021-05": {
            "month": "2021-05",
            "price": "12.19",
            "revenue": 182745
        },
        "2021-06": {
            "month": "2021-06",
            "price": "12.14",
            "revenue": 238342
        },
        "2021-07": {
            "month": "2021-07",
            "price": "12.72",
            "revenue": 211041
        },
        "2021-08": {
            "month": "2021-08",
            "price": "12.08",
            "revenue": 171532
        },
        "2021-09": {
            "month": "2021-09",
            "price": "11.69",
            "revenue": 152567
        },
        "2021-10": {
            "month": "2021-10",
            "price": "11.64",
            "revenue": 135733
        },
        "2021-11": {
            "month": "2021-11",
            "price": "11.75",
            "revenue": 211815
        },
        "2021-12": {
            "month": "2021-12",
            "price": "11.24",
            "revenue": 244904
        },
        "2022-01": {
            "month": "2022-01",
            "price": "10.43",
            "revenue": 182768
        },
        "2022-02": {
            "month": "2022-02",
            "price": "9.78",
            "revenue": 183148
        },
        "2022-03": {
            "month": "2022-03",
            "price": "9.38",
            "revenue": 256481
        },
        "2022-04": {
            "month": "2022-04",
            "price": "9.85",
            "revenue": 208514
        },
        "2022-05": {
            "month": "2022-05",
            "price": "8.97",
            "revenue": 216280
        },
        "2022-06": {
            "month": "2022-06",
            "price": "9.02",
            "revenue": 184754
        },
        "2022-07": {
            "month": "2022-07",
            "price": "8.40",
            "revenue": 302819
        },
        "2022-08": {
            "month": "2022-08",
            "price": "9.68",
            "revenue": 360623
        },
        "2022-09": {
            "month": "2022-09",
            "price": "9.77",
            "revenue": 405765
        },
        "2022-10": {
            "month": "2022-10",
            "price": "9.14",
            "revenue": 364003
        },
        "2022-11": {
            "month": "2022-11",
            "price": "9.68",
            "revenue": 350587
        },
        "2022-12": {
            "month": "2022-12",
            "price": "10.02",
            "revenue": 363376
        },
        "2023-01": {
            "month": "2023-01",
            "price": "10.11",
            "revenue": 354508
        },
        "2023-02": {
            "month": "2023-02",
            "price": "11.39",
            "revenue": 339675
        },
        "2023-03": {
            "month": "2023-03",
            "price": "12.56",
            "revenue": 376664
        },
        "2023-04": {
            "month": "2023-04",
            "price": "13.76",
            "revenue": 324197
        },
        "2023-05": {
            "month": "2023-05",
            "price": "12.88",
            "revenue": 311291
        },
        "2023-06": {
            "month": "2023-06",
            "price": "12.93",
            "revenue": 169037
        },
        "2023-07": {
            "month": "2023-07",
            "price": "12.69",
            "revenue": 143480
        },
        "2023-08": {
            "month": "2023-08",
            "price": "11.21",
            "revenue": 142176
        },
        "2023-09": {
            "month": "2023-09",
            "price": "10.62",
            "revenue": 129374
        },
        "2023-10": {
            "month": "2023-10",
            "price": "9.72",
            "revenue": 102024
        },
        "2023-11": {
            "month": "2023-11",
            "price": "9.68",
            "revenue": 58387
        },
        "2023-12": {
            "month": "2023-12",
            "price": "10.10",
            "revenue": 88542
        }
    }
}
