{
    "summary": {
        "stock_name": "振曜",
        "stock_id": "6143",
        "category": "通信網路",
        "main_business": "各種電腦產品設計、製造、加工、銷售業務。<br>電腦軟硬體設計、銷售業務。<br>電腦網路與網路週邊產品之設計、製造、加工、銷售業務。",
        "website_url": "http://www.netronixinc.com",
        "ceo": "呂俊德",
        "pe_ratio": 25,
        "report_year_from": 2001,
        "report_year_to": 2023,
        "age": 22,
        "eps_negative_percentage": 9,
        "eps_growth_avg": {
            "last_all": -1.32,
            "last_2y": 11.5,
            "last_4y": 0.42,
            "last_8y": -18.93,
            "last_12y": -2.31,
            "last_16y": 7.59,
            "last_20y": -1.32,
            "at_2006_last_3y": 4.24,
            "at_2007_last_3y": 49.01,
            "at_2008_last_3y": 23.19,
            "at_2009_last_3y": 37.28,
            "at_2010_last_3y": 24.19,
            "at_2011_last_3y": 2.66,
            "at_2012_last_3y": 41.22,
            "at_2013_last_3y": 30.94,
            "at_2014_last_3y": 18.02,
            "at_2015_last_3y": 34.74,
            "at_2016_last_3y": 1.42,
            "at_2017_last_3y": -38.29,
            "at_2018_last_3y": -39.41,
            "at_2019_last_3y": -55.36,
            "at_2020_last_3y": -45.04,
            "at_2021_last_3y": -7.54,
            "at_2022_last_3y": 0.42,
            "at_2023_last_3y": 0.42,
            "at_2006_last_all": -19.36,
            "at_2007_last_all": -8.63,
            "at_2008_last_all": -16.23,
            "at_2009_last_all": 0.37,
            "at_2010_last_all": 2.41,
            "at_2011_last_all": -3.61,
            "at_2012_last_all": 6.75,
            "at_2013_last_all": 11.49,
            "at_2014_last_all": 7.62,
            "at_2015_last_all": 8.19,
            "at_2016_last_all": 5.23,
            "at_2017_last_all": -1.79,
            "at_2018_last_all": -1.79,
            "at_2019_last_all": -3.73,
            "at_2020_last_all": -3.64,
            "at_2021_last_all": -2.75,
            "at_2022_last_all": -1.32,
            "at_2023_last_all": -1.32
        },
        "latest_eps": 3.6,
        "latest_price": 91.2,
        "latest_roe": 13.66,
        "latest_gross_margin": 19.11,
        "latest_equity": 3788617,
        "latest_revenue": 1585134,
        "latest_gross_profit": 302859,
        "latest_net_income": 80621,
        "latest_debt_ratio": 52.62,
        "latest_current_ratio": 169.41,
        "latest_account_receivable_turnover_ratio": 0.8,
        "latest_inventory_turnover_ratio": 0.88,
        "latest_reinvestment_rate": -3.44,
        "latest_research_to_sale_ratio": 4.35
    },
    "eps_dividends": {
        "2001": {
            "cash": 1.7,
            "stock": 1.7,
            "eps": 1.93
        },
        "2002": {
            "cash": 1.5,
            "stock": 1.5,
            "eps": 0.19
        },
        "2003": {
            "cash": 0,
            "stock": 0,
            "eps": -0.53
        },
        "2004": {
            "cash": 0,
            "stock": 0,
            "eps": 1.26
        },
        "2005": {
            "cash": 0,
            "stock": 0.52,
            "eps": 1.81
        },
        "2006": {
            "cash": 0.66,
            "stock": 0.66,
            "eps": 3.06
        },
        "2007": {
            "cash": 1.07,
            "stock": 0.84,
            "eps": 4.11
        },
        "2008": {
            "cash": 1.48,
            "stock": 0.99,
            "eps": 1.88
        },
        "2009": {
            "cash": 0.6,
            "stock": 0.4,
            "eps": 4.25
        },
        "2010": {
            "cash": 1.5,
            "stock": 0.1,
            "eps": 4.96
        },
        "2011": {
            "cash": 0.5,
            "stock": 1.5,
            "eps": 2.39
        },
        "2012": {
            "cash": 2,
            "stock": 0,
            "eps": 5.08
        },
        "2013": {
            "cash": 5,
            "stock": 0,
            "eps": 8.07
        },
        "2014": {
            "cash": 8,
            "stock": 0,
            "eps": 5.25
        },
        "2015": {
            "cash": 5,
            "stock": 0,
            "eps": 6.04
        },
        "2016": {
            "cash": 2,
            "stock": 0,
            "eps": 4.03
        },
        "2017": {
            "cash": 3,
            "stock": 0,
            "eps": -1.12
        },
        "2018": {
            "cash": 2,
            "stock": 0,
            "eps": 4.51
        },
        "2019": {
            "cash": 4,
            "stock": 0,
            "eps": 3.03
        },
        "2020": {
            "cash": 2.8,
            "stock": 0,
            "eps": 2.96
        },
        "2021": {
            "cash": 2,
            "stock": 0,
            "eps": 3.33
        },
        "2022": {
            "cash": 2.5,
            "stock": 0,
            "eps": 4.14
        },
        "2023": {
            "cash": 3,
            "stock": 0,
            "eps": 0.31
        }
    },
    "dividends": {
        "2001-05-11": {
            "cash": 1.7,
            "stock": 1.7
        },
        "2002-05-13": {
            "cash": 1.5,
            "stock": 1.5
        },
        "2005-04-25": {
            "cash": 0,
            "stock": 0.52
        },
        "2006-03-23": {
            "cash": 0.66,
            "stock": 0.66
        },
        "2007-04-25": {
            "cash": 1.07,
            "stock": 0.84
        },
        "2008-04-28": {
            "cash": 1.48,
            "stock": 0.99
        },
        "2009-04-27": {
            "cash": 0.6,
            "stock": 0.4
        },
        "2010-04-27": {
            "cash": 1.5,
            "stock": 0.1
        },
        "2011-04-28": {
            "cash": 0.5,
            "stock": 1.5
        },
        "2012-06-18": {
            "cash": 2,
            "stock": 0
        },
        "2013-06-17": {
            "cash": 5,
            "stock": 0
        },
        "2014-08-29": {
            "cash": 8,
            "stock": 0
        },
        "2015-08-31": {
            "cash": 5,
            "stock": 0
        },
        "2016-08-31": {
            "cash": 2,
            "stock": 0
        },
        "2017-08-31": {
            "cash": 3,
            "stock": 0
        },
        "2018-08-31": {
            "cash": 2,
            "stock": 0
        },
        "2019-08-30": {
            "cash": 4,
            "stock": 0
        },
        "2020-08-28": {
            "cash": 2.8,
            "stock": 0
        },
        "2021-08-30": {
            "cash": 2,
            "stock": 0
        },
        "2022-08-30": {
            "cash": 2.5,
            "stock": 0
        },
        "2023-04-28": {
            "cash": 3,
            "stock": 0
        }
    },
    "prices": {
        "200101": "無",
        "200102": "無",
        "200103": "無",
        "200104": "無",
        "200105": "無",
        "200106": "無",
        "200107": "無",
        "200108": "無",
        "200109": "無",
        "200110": "無",
        "200111": "無",
        "200112": "無",
        "200201": "34.32",
        "200202": "42.03",
        "200203": "42.56",
        "200204": "40.20",
        "200205": "30.92",
        "200206": "26.18",
        "200207": "20.81",
        "200208": "18.50",
        "200209": "17.22",
        "200210": "16.18",
        "200211": "15.43",
        "200212": "13.41",
        "200301": "12.69",
        "200302": "12.31",
        "200303": "11.37",
        "200304": "10.51",
        "200305": "10.11",
        "200306": "12.81",
        "200307": "13.54",
        "200308": "12.51",
        "200309": "11.22",
        "200310": "11.50",
        "200311": "11.42",
        "200312": "11.55",
        "200401": "11.26",
        "200402": "11.64",
        "200403": "12.09",
        "200404": "11.83",
        "200405": "10.62",
        "200406": "10.64",
        "200407": "9.54",
        "200408": "9.82",
        "200409": "10.07",
        "200410": "10.38",
        "200411": "10.48",
        "200412": "11.51",
        "200501": "11.08",
        "200502": "11.37",
        "200503": "11.55",
        "200504": "10.80",
        "200505": "10.48",
        "200506": "10.84",
        "200507": "10.79",
        "200508": "10.28",
        "200509": "10.17",
        "200510": "10.08",
        "200511": "10.74",
        "200512": "14.67",
        "200601": "25.24",
        "200602": "22.84",
        "200603": "25.90",
        "200604": "30.54",
        "200605": "28.93",
        "200606": "25.88",
        "200607": "24.37",
        "200608": "24.91",
        "200609": "28.92",
        "200610": "28.99",
        "200611": "27.81",
        "200612": "33.47",
        "200701": "37.65",
        "200702": "43.12",
        "200703": "57.79",
        "200704": "64.55",
        "200705": "66.68",
        "200706": "80.16",
        "200707": "107.40",
        "200708": "107.43",
        "200709": "94.50",
        "200710": "88.12",
        "200711": "56.29",
        "200712": "48.42",
        "200801": "43.62",
        "200802": "36.75",
        "200803": "42.80",
        "200804": "52.74",
        "200805": "47.80",
        "200806": "40.29",
        "200807": "30.66",
        "200808": "29.93",
        "200809": "25.45",
        "200810": "18.41",
        "200811": "14.25",
        "200812": "14.04",
        "200901": "16.00",
        "200902": "16.57",
        "200903": "18.95",
        "200904": "23.44",
        "200905": "32.75",
        "200906": "36.76",
        "200907": "44.91",
        "200908": "50.82",
        "200909": "76.85",
        "200910": "83.91",
        "200911": "86.92",
        "200912": "129.13",
        "201001": "110.25",
        "201002": "94.61",
        "201003": "100.86",
        "201004": "91.51",
        "201005": "79.69",
        "201006": "91.55",
        "201007": "78.52",
        "201008": "72.47",
        "201009": "76.25",
        "201010": "76.44",
        "201011": "80.76",
        "201012": "81.87",
        "201101": "69.46",
        "201102": "58.69",
        "201103": "49.06",
        "201104": "53.86",
        "201105": "54.35",
        "201106": "50.71",
        "201107": "43.97",
        "201108": "34.69",
        "201109": "31.09",
        "201110": "28.85",
        "201111": "29.90",
        "201112": "27.60",
        "201201": "26.96",
        "201202": "33.02",
        "201203": "32.15",
        "201204": "26.51",
        "201205": "24.41",
        "201206": "24.42",
        "201207": "27.88",
        "201208": "36.33",
        "201209": "40.68",
        "201210": "48.59",
        "201211": "45.71",
        "201212": "42.22",
        "201301": "41.72",
        "201302": "47.13",
        "201303": "57.63",
        "201304": "69.42",
        "201305": "72.08",
        "201306": "80.83",
        "201307": "82.27",
        "201308": "76.79",
        "201309": "78.60",
        "201310": "73.33",
        "201311": "67.54",
        "201312": "65.27",
        "201401": "72.18",
        "201402": "71.36",
        "201403": "74.92",
        "201404": "80.04",
        "201405": "73.17",
        "201406": "68.46",
        "201407": "65.61",
        "201408": "49.53",
        "201409": "40.76",
        "201410": "35.21",
        "201411": "37.18",
        "201412": "44.26",
        "201501": "46.99",
        "201502": "44.02",
        "201503": "45.72",
        "201504": "55.16",
        "201505": "58.44",
        "201506": "60.72",
        "201507": "52.28",
        "201508": "47.65",
        "201509": "55.58",
        "201510": "68.16",
        "201511": "64.43",
        "201512": "57.07",
        "201601": "50.90",
        "201602": "62.13",
        "201603": "69.64",
        "201604": "59.03",
        "201605": "62.53",
        "201606": "68.98",
        "201607": "74.70",
        "201608": "74.63",
        "201609": "67.98",
        "201610": "62.17",
        "201611": "62.70",
        "201612": "66.39",
        "201701": "69.06",
        "201702": "63.34",
        "201703": "62.66",
        "201704": "68.32",
        "201705": "68.46",
        "201706": "66.60",
        "201707": "65.35",
        "201708": "61.87",
        "201709": "56.57",
        "201710": "55.36",
        "201711": "52.41",
        "201712": "52.95",
        "201801": "48.98",
        "201802": "41.22",
        "201803": "39.39",
        "201804": "35.32",
        "201805": "34.33",
        "201806": "37.76",
        "201807": "39.09",
        "201808": "41.95",
        "201809": "37.79",
        "201810": "33.49",
        "201811": "34.24",
        "201812": "36.33",
        "201901": "36.55",
        "201902": "39.10",
        "201903": "44.28",
        "201904": "44.98",
        "201905": "45.97",
        "201906": "46.33",
        "201907": "48.36",
        "201908": "42.85",
        "201909": "41.51",
        "201910": "41.18",
        "201911": "40.85",
        "201912": "39.96",
        "202001": "38.56",
        "202002": "35.37",
        "202003": "30.49",
        "202004": "32.32",
        "202005": "36.41",
        "202006": "39.43",
        "202007": "40.72",
        "202008": "38.23",
        "202009": "35.70",
        "202010": "34.88",
        "202011": "35.30",
        "202012": "38.37",
        "202101": "38.34",
        "202102": "40.73",
        "202103": "46.19",
        "202104": "50.70",
        "202105": "45.07",
        "202106": "44.39",
        "202107": "51.85",
        "202108": "50.96",
        "202109": "53.18",
        "202110": "52.76",
        "202111": "56.47",
        "202112": "57.70",
        "202201": "56.16",
        "202202": "53.19",
        "202203": "49.21",
        "202204": "49.58",
        "202205": "49.43",
        "202206": "53.86",
        "202207": "49.15",
        "202208": "54.90",
        "202209": "61.41",
        "202210": "58.68",
        "202211": "66.02",
        "202212": "69.28",
        "202301": "72.26",
        "202302": "81.49",
        "202303": "91.17",
        "202304": "97.55",
        "202305": "88.67",
        "202306": "91.71"
    },
    "quarters": {
        "20011": {
            "year_quarter": 20011,
            "year": 2001,
            "quarter": 1,
            "eps": 0.7,
            "eps_growth_year": null,
            "eps_4q": null,
            "eps_4q_growth_year": null,
            "roe": 5.33,
            "roe_4q": 5.33,
            "gross_profit": 39513,
            "gross_margin": 14.98,
            "gross_margin_4q_avg": 14.98,
            "net_income": 18240,
            "revenue": 263798,
            "common_shares": 260000,
            "book_valuer_per_share": 13.51,
            "book_valuer_per_share_4q_avg": 13.51,
            "equity": 351290,
            "current_ratio": 181.86,
            "debt_ratio": 48.06,
            "inventory_turnover_ratio": 1.13,
            "account_receivable_turnover_ratio": null,
            "reinvestment_rate": null,
            "research_to_sale_ratio": null,
            "price_fair": 0,
            "eps_avg_yearly": 0,
            "eps_latest_yearly": 0,
            "eps_growth_yearly": 0
        },
        "20012": {
            "year_quarter": 20012,
            "year": 2001,
            "quarter": 2,
            "eps": 0.62,
            "eps_growth_year": null,
            "eps_4q": null,
            "eps_4q_growth_year": null,
            "roe": 5.34,
            "roe_4q": 10.67,
            "gross_profit": 39072,
            "gross_margin": 14.79,
            "gross_margin_4q_avg": 14.89,
            "net_income": 19297,
            "revenue": 264106,
            "common_shares": 260000,
            "book_valuer_per_share": 14.31,
            "book_valuer_per_share_4q_avg": 13.91,
            "equity": 371948,
            "current_ratio": 165.11,
            "debt_ratio": 48,
            "inventory_turnover_ratio": 1.49,
            "account_receivable_turnover_ratio": null,
            "reinvestment_rate": null,
            "research_to_sale_ratio": null,
            "price_fair": 0,
            "eps_avg_yearly": 0,
            "eps_latest_yearly": 0,
            "eps_growth_yearly": 0
        },
        "20013": {
            "year_quarter": 20013,
            "year": 2001,
            "quarter": 3,
            "eps": 0.2,
            "eps_growth_year": null,
            "eps_4q": null,
            "eps_4q_growth_year": null,
            "roe": 1.65,
            "roe_4q": 12.32,
            "gross_profit": 13712,
            "gross_margin": 5.39,
            "gross_margin_4q_avg": 11.72,
            "net_income": 6185,
            "revenue": 254384,
            "common_shares": 314000,
            "book_valuer_per_share": 12.04,
            "book_valuer_per_share_4q_avg": 13.29,
            "equity": 378132,
            "current_ratio": 166.55,
            "debt_ratio": 48.45,
            "inventory_turnover_ratio": 1.75,
            "account_receivable_turnover_ratio": null,
            "reinvestment_rate": null,
            "research_to_sale_ratio": null,
            "price_fair": 0,
            "eps_avg_yearly": 0,
            "eps_latest_yearly": 0,
            "eps_growth_yearly": 0
        },
        "20014": {
            "year_quarter": 20014,
            "year": 2001,
            "quarter": 4,
            "eps": 0.41,
            "eps_growth_year": null,
            "eps_4q": 1.79,
            "eps_4q_growth_year": null,
            "roe": 3.29,
            "roe_4q": 15.61,
            "gross_profit": 39137,
            "gross_margin": 10.3,
            "gross_margin_4q_avg": 11.37,
            "net_income": 12986,
            "revenue": 380147,
            "common_shares": 314000,
            "book_valuer_per_share": 12.44,
            "book_valuer_per_share_4q_avg": 13.08,
            "equity": 411231,
            "current_ratio": 146.71,
            "debt_ratio": 59.05,
            "inventory_turnover_ratio": 1.64,
            "account_receivable_turnover_ratio": null,
            "reinvestment_rate": null,
            "research_to_sale_ratio": null,
            "price_fair": 0,
            "eps_avg_yearly": 0,
            "eps_latest_yearly": 0,
            "eps_growth_yearly": 0
        },
        "20021": {
            "year_quarter": 20021,
            "year": 2002,
            "quarter": 1,
            "eps": 0.61,
            "eps_growth_year": -12.86,
            "eps_4q": 1.84,
            "eps_4q_growth_year": null,
            "roe": 4.64,
            "roe_4q": 14.92,
            "gross_profit": 31481,
            "gross_margin": 6.36,
            "gross_margin_4q_avg": 9.21,
            "net_income": 19035,
            "revenue": 494638,
            "common_shares": 314000,
            "book_valuer_per_share": 13.05,
            "book_valuer_per_share_4q_avg": 12.96,
            "equity": 409636,
            "current_ratio": 133.97,
            "debt_ratio": 61.84,
            "inventory_turnover_ratio": 2.05,
            "account_receivable_turnover_ratio": null,
            "reinvestment_rate": null,
            "research_to_sale_ratio": null,
            "price_fair": 85.4,
            "eps_avg_yearly": 2.44,
            "eps_latest_yearly": 2.44,
            "eps_growth_yearly": 195.12
        },
        "20022": {
            "year_quarter": 20022,
            "year": 2002,
            "quarter": 2,
            "eps": -0.09,
            "eps_growth_year": -114.52,
            "eps_4q": 1.11,
            "eps_4q_growth_year": null,
            "roe": -0.79,
            "roe_4q": 8.79,
            "gross_profit": 8772,
            "gross_margin": 3.21,
            "gross_margin_4q_avg": 6.32,
            "net_income": -3215,
            "revenue": 273055,
            "common_shares": 314000,
            "book_valuer_per_share": 12.83,
            "book_valuer_per_share_4q_avg": 12.59,
            "equity": 402912,
            "current_ratio": 175.82,
            "debt_ratio": 49.64,
            "inventory_turnover_ratio": 1.78,
            "account_receivable_turnover_ratio": null,
            "reinvestment_rate": null,
            "research_to_sale_ratio": null,
            "price_fair": 85.4,
            "eps_avg_yearly": 2.44,
            "eps_latest_yearly": 2.44,
            "eps_growth_yearly": 195.12
        },
        "20023": {
            "year_quarter": 20023,
            "year": 2002,
            "quarter": 3,
            "eps": -0.08,
            "eps_growth_year": -140,
            "eps_4q": 0.7,
            "eps_4q_growth_year": null,
            "roe": -0.69,
            "roe_4q": 6.449999999999999,
            "gross_profit": 16143,
            "gross_margin": 5.62,
            "gross_margin_4q_avg": 6.37,
            "net_income": -2798,
            "revenue": 287309,
            "common_shares": 371434,
            "book_valuer_per_share": 10.84,
            "book_valuer_per_share_4q_avg": 12.29,
            "equity": 402695,
            "current_ratio": 166.49,
            "debt_ratio": 50.65,
            "inventory_turnover_ratio": 2.21,
            "account_receivable_turnover_ratio": null,
            "reinvestment_rate": null,
            "research_to_sale_ratio": null,
            "price_fair": 85.4,
            "eps_avg_yearly": 2.44,
            "eps_latest_yearly": 2.44,
            "eps_growth_yearly": 195.12
        },
        "20024": {
            "year_quarter": 20024,
            "year": 2002,
            "quarter": 4,
            "eps": -0.25,
            "eps_growth_year": -160.98,
            "eps_4q": 0.05,
            "eps_4q_growth_year": -97.38,
            "roe": -2.2,
            "roe_4q": 0.9599999999999995,
            "gross_profit": 25631,
            "gross_margin": 7.39,
            "gross_margin_4q_avg": 5.65,
            "net_income": -9196,
            "revenue": 346838,
            "common_shares": 371434,
            "book_valuer_per_share": 10.73,
            "book_valuer_per_share_4q_avg": 11.86,
            "equity": 431425,
            "current_ratio": 175.47,
            "debt_ratio": 53.19,
            "inventory_turnover_ratio": 1.72,
            "account_receivable_turnover_ratio": null,
            "reinvestment_rate": null,
            "research_to_sale_ratio": null,
            "price_fair": 85.4,
            "eps_avg_yearly": 2.44,
            "eps_latest_yearly": 2.44,
            "eps_growth_yearly": 195.12
        },
        "20031": {
            "year_quarter": 20031,
            "year": 2003,
            "quarter": 1,
            "eps": -0.06,
            "eps_growth_year": -109.84,
            "eps_4q": -0.5,
            "eps_4q_growth_year": -127.33,
            "roe": -0.5,
            "roe_4q": -4.18,
            "gross_profit": 20664,
            "gross_margin": 6.8,
            "gross_margin_4q_avg": 5.76,
            "net_income": -2057,
            "revenue": 304008,
            "common_shares": 371434,
            "book_valuer_per_share": 10.72,
            "book_valuer_per_share_4q_avg": 11.28,
            "equity": 398178,
            "current_ratio": 152.96,
            "debt_ratio": 52.96,
            "inventory_turnover_ratio": 1.45,
            "account_receivable_turnover_ratio": null,
            "reinvestment_rate": null,
            "research_to_sale_ratio": null,
            "price_fair": 85.4,
            "eps_avg_yearly": 2.44,
            "eps_latest_yearly": 2.44,
            "eps_growth_yearly": 195.12
        },
        "20032": {
            "year_quarter": 20032,
            "year": 2003,
            "quarter": 2,
            "eps": -0.01,
            "eps_growth_year": null,
            "eps_4q": -0.39,
            "eps_4q_growth_year": -134.68,
            "roe": -0.08,
            "roe_4q": -3.47,
            "gross_profit": 22430,
            "gross_margin": 7.09,
            "gross_margin_4q_avg": 6.73,
            "net_income": -303,
            "revenue": 316246,
            "common_shares": 371434,
            "book_valuer_per_share": 10.77,
            "book_valuer_per_share_4q_avg": 10.77,
            "equity": 400103,
            "current_ratio": 148.02,
            "debt_ratio": 53.18,
            "inventory_turnover_ratio": 2.17,
            "account_receivable_turnover_ratio": null,
            "reinvestment_rate": null,
            "research_to_sale_ratio": null,
            "price_fair": 85.4,
            "eps_avg_yearly": 2.44,
            "eps_latest_yearly": 2.44,
            "eps_growth_yearly": 195.12
        },
        "20033": {
            "year_quarter": 20033,
            "year": 2003,
            "quarter": 3,
            "eps": -0.17,
            "eps_growth_year": null,
            "eps_4q": -0.48,
            "eps_4q_growth_year": -168.12,
            "roe": -1.57,
            "roe_4q": -4.3500000000000005,
            "gross_profit": 29550,
            "gross_margin": 10.72,
            "gross_margin_4q_avg": 8,
            "net_income": -6161,
            "revenue": 275658,
            "common_shares": 371434,
            "book_valuer_per_share": 10.34,
            "book_valuer_per_share_4q_avg": 10.64,
            "equity": 384104,
            "current_ratio": 132.94,
            "debt_ratio": 56.57,
            "inventory_turnover_ratio": 1.67,
            "account_receivable_turnover_ratio": null,
            "reinvestment_rate": null,
            "research_to_sale_ratio": null,
            "price_fair": 85.4,
            "eps_avg_yearly": 2.44,
            "eps_latest_yearly": 2.44,
            "eps_growth_yearly": 195.12
        },
        "20034": {
            "year_quarter": 20034,
            "year": 2003,
            "quarter": 4,
            "eps": -0.29,
            "eps_growth_year": null,
            "eps_4q": -0.61,
            "eps_4q_growth_year": -1396.37,
            "roe": -2.67,
            "roe_4q": -4.82,
            "gross_profit": 30707,
            "gross_margin": 11.12,
            "gross_margin_4q_avg": 8.93,
            "net_income": -10605,
            "revenue": 276173,
            "common_shares": 371434,
            "book_valuer_per_share": 10.14,
            "book_valuer_per_share_4q_avg": 10.49,
            "equity": 408895,
            "current_ratio": 153.14,
            "debt_ratio": 57.37,
            "inventory_turnover_ratio": 1.15,
            "account_receivable_turnover_ratio": null,
            "reinvestment_rate": null,
            "research_to_sale_ratio": null,
            "price_fair": 85.4,
            "eps_avg_yearly": 2.44,
            "eps_latest_yearly": 2.44,
            "eps_growth_yearly": 195.12
        },
        "20041": {
            "year_quarter": 20041,
            "year": 2004,
            "quarter": 1,
            "eps": -0.19,
            "eps_growth_year": null,
            "eps_4q": -0.65,
            "eps_4q_growth_year": null,
            "roe": -1.8,
            "roe_4q": -6.12,
            "gross_profit": 18108,
            "gross_margin": 6.8,
            "gross_margin_4q_avg": 8.93,
            "net_income": -6983,
            "revenue": 266261,
            "common_shares": 371434,
            "book_valuer_per_share": 9.83,
            "book_valuer_per_share_4q_avg": 10.27,
            "equity": 365304,
            "current_ratio": 131.09,
            "debt_ratio": 55.37,
            "inventory_turnover_ratio": 1.22,
            "account_receivable_turnover_ratio": null,
            "reinvestment_rate": null,
            "research_to_sale_ratio": null,
            "price_fair": 85.4,
            "eps_avg_yearly": 2.44,
            "eps_latest_yearly": 2.44,
            "eps_growth_yearly": 195.12
        },
        "20042": {
            "year_quarter": 20042,
            "year": 2004,
            "quarter": 2,
            "eps": 0.35,
            "eps_growth_year": null,
            "eps_4q": -0.29,
            "eps_4q_growth_year": null,
            "roe": 3.46,
            "roe_4q": -2.58,
            "gross_profit": 37070,
            "gross_margin": 12.66,
            "gross_margin_4q_avg": 10.33,
            "net_income": 12929,
            "revenue": 292736,
            "common_shares": 371434,
            "book_valuer_per_share": 10.26,
            "book_valuer_per_share_4q_avg": 10.14,
            "equity": 381238,
            "current_ratio": 125.32,
            "debt_ratio": 56.73,
            "inventory_turnover_ratio": 1.74,
            "account_receivable_turnover_ratio": null,
            "reinvestment_rate": null,
            "research_to_sale_ratio": null,
            "price_fair": 85.4,
            "eps_avg_yearly": 2.44,
            "eps_latest_yearly": 2.44,
            "eps_growth_yearly": 195.12
        },
        "20043": {
            "year_quarter": 20043,
            "year": 2004,
            "quarter": 3,
            "eps": 0.77,
            "eps_growth_year": null,
            "eps_4q": 0.65,
            "eps_4q_growth_year": null,
            "roe": 7.26,
            "roe_4q": 6.249999999999998,
            "gross_profit": 45943,
            "gross_margin": 17.46,
            "gross_margin_4q_avg": 12.01,
            "net_income": 28757,
            "revenue": 263110,
            "common_shares": 371434,
            "book_valuer_per_share": 11.07,
            "book_valuer_per_share_4q_avg": 10.33,
            "equity": 411309,
            "current_ratio": 141.07,
            "debt_ratio": 51.21,
            "inventory_turnover_ratio": 1.47,
            "account_receivable_turnover_ratio": null,
            "reinvestment_rate": null,
            "research_to_sale_ratio": null,
            "price_fair": 96.6,
            "eps_avg_yearly": 2.76,
            "eps_latest_yearly": 3.08,
            "eps_growth_yearly": 337.56
        },
        "20044": {
            "year_quarter": 20044,
            "year": 2004,
            "quarter": 4,
            "eps": 0.33,
            "eps_growth_year": null,
            "eps_4q": 1.26,
            "eps_4q_growth_year": null,
            "roe": 2.81,
            "roe_4q": 11.73,
            "gross_profit": 43620,
            "gross_margin": 15.5,
            "gross_margin_4q_avg": 13.11,
            "net_income": 12343,
            "revenue": 281448,
            "common_shares": 371434,
            "book_valuer_per_share": 11.29,
            "book_valuer_per_share_4q_avg": 10.61,
            "equity": 467229,
            "current_ratio": 150.76,
            "debt_ratio": 55,
            "inventory_turnover_ratio": 1.22,
            "account_receivable_turnover_ratio": null,
            "reinvestment_rate": 167.82,
            "research_to_sale_ratio": null,
            "price_fair": 79.8,
            "eps_avg_yearly": 2.28,
            "eps_latest_yearly": 1.32,
            "eps_growth_yearly": 148.85
        },
        "20051": {
            "year_quarter": 20051,
            "year": 2005,
            "quarter": 1,
            "eps": -0.04,
            "eps_growth_year": null,
            "eps_4q": 1.4,
            "eps_4q_growth_year": null,
            "roe": -0.34,
            "roe_4q": 13.190000000000001,
            "gross_profit": 27334,
            "gross_margin": 12.05,
            "gross_margin_4q_avg": 14.42,
            "net_income": -1496,
            "revenue": 226902,
            "common_shares": 371434,
            "book_valuer_per_share": 11.09,
            "book_valuer_per_share_4q_avg": 10.93,
            "equity": 411824,
            "current_ratio": 145.55,
            "debt_ratio": 48.94,
            "inventory_turnover_ratio": 1.06,
            "account_receivable_turnover_ratio": null,
            "reinvestment_rate": 173.63,
            "research_to_sale_ratio": null,
            "price_fair": 79.8,
            "eps_avg_yearly": 2.28,
            "eps_latest_yearly": 1.32,
            "eps_growth_yearly": 148.85
        },
        "20052": {
            "year_quarter": 20052,
            "year": 2005,
            "quarter": 2,
            "eps": 0.18,
            "eps_growth_year": -48.57,
            "eps_4q": 1.28,
            "eps_4q_growth_year": null,
            "roe": 1.6,
            "roe_4q": 11.33,
            "gross_profit": 35022,
            "gross_margin": 14.56,
            "gross_margin_4q_avg": 14.89,
            "net_income": 6490,
            "revenue": 240556,
            "common_shares": 371434,
            "book_valuer_per_share": 10.7,
            "book_valuer_per_share_4q_avg": 11.04,
            "equity": 397264,
            "current_ratio": 133.44,
            "debt_ratio": 52.26,
            "inventory_turnover_ratio": 1.49,
            "account_receivable_turnover_ratio": null,
            "reinvestment_rate": 119.58,
            "research_to_sale_ratio": null,
            "price_fair": 79.8,
            "eps_avg_yearly": 2.28,
            "eps_latest_yearly": 1.32,
            "eps_growth_yearly": 148.85
        },
        "20053": {
            "year_quarter": 20053,
            "year": 2005,
            "quarter": 3,
            "eps": 0.67,
            "eps_growth_year": -12.99,
            "eps_4q": 1.12,
            "eps_4q_growth_year": 74.19,
            "roe": 6.19,
            "roe_4q": 10.260000000000002,
            "gross_profit": 53275,
            "gross_margin": 16.72,
            "gross_margin_4q_avg": 14.71,
            "net_income": 25587,
            "revenue": 318639,
            "common_shares": 390176,
            "book_valuer_per_share": 11.02,
            "book_valuer_per_share_4q_avg": 11.03,
            "equity": 430111,
            "current_ratio": 138.86,
            "debt_ratio": 51.7,
            "inventory_turnover_ratio": 1.74,
            "account_receivable_turnover_ratio": null,
            "reinvestment_rate": 15.91,
            "research_to_sale_ratio": null,
            "price_fair": 83.3,
            "eps_avg_yearly": 2.38,
            "eps_latest_yearly": 2.68,
            "eps_growth_yearly": 383.86
        },
        "20054": {
            "year_quarter": 20054,
            "year": 2005,
            "quarter": 4,
            "eps": 1,
            "eps_growth_year": 203.03,
            "eps_4q": 1.81,
            "eps_4q_growth_year": 44.02,
            "roe": 7.91,
            "roe_4q": 15.360000000000001,
            "gross_profit": 60101,
            "gross_margin": 18.68,
            "gross_margin_4q_avg": 15.5,
            "net_income": 37686,
            "revenue": 321704,
            "common_shares": 390596,
            "book_valuer_per_share": 11.33,
            "book_valuer_per_share_4q_avg": 11.04,
            "equity": 522770,
            "current_ratio": 131.52,
            "debt_ratio": 58.26,
            "inventory_turnover_ratio": 1.08,
            "account_receivable_turnover_ratio": null,
            "reinvestment_rate": 56.52,
            "research_to_sale_ratio": null,
            "price_fair": 94.64,
            "eps_avg_yearly": 2.7,
            "eps_latest_yearly": 4,
            "eps_growth_yearly": 346.49
        },
        "20061": {
            "year_quarter": 20061,
            "year": 2006,
            "quarter": 1,
            "eps": 0.22,
            "eps_growth_year": null,
            "eps_4q": 2.17,
            "eps_4q_growth_year": 54.78,
            "roe": 1.61,
            "roe_4q": 17.310000000000002,
            "gross_profit": 36540,
            "gross_margin": 14.82,
            "gross_margin_4q_avg": 16.2,
            "net_income": 7854,
            "revenue": 246640,
            "common_shares": 393586,
            "book_valuer_per_share": 11.54,
            "book_valuer_per_share_4q_avg": 11.15,
            "equity": 454239,
            "current_ratio": 125,
            "debt_ratio": 53.16,
            "inventory_turnover_ratio": 0.88,
            "account_receivable_turnover_ratio": null,
            "reinvestment_rate": -58.22,
            "research_to_sale_ratio": null,
            "price_fair": 83.72,
            "eps_avg_yearly": 2.39,
            "eps_latest_yearly": 0.88,
            "eps_growth_yearly": 245.07
        },
        "20062": {
            "year_quarter": 20062,
            "year": 2006,
            "quarter": 2,
            "eps": 0.88,
            "eps_growth_year": 388.89,
            "eps_4q": 2.97,
            "eps_4q_growth_year": 132.36,
            "roe": 6.61,
            "roe_4q": 22.320000000000004,
            "gross_profit": 59707,
            "gross_margin": 18.38,
            "gross_margin_4q_avg": 17.15,
            "net_income": 29940,
            "revenue": 324868,
            "common_shares": 393656,
            "book_valuer_per_share": 11.47,
            "book_valuer_per_share_4q_avg": 11.34,
            "equity": 451509,
            "current_ratio": 103.57,
            "debt_ratio": 58.98,
            "inventory_turnover_ratio": 1.55,
            "account_receivable_turnover_ratio": null,
            "reinvestment_rate": -51.64,
            "research_to_sale_ratio": null,
            "price_fair": 90.3,
            "eps_avg_yearly": 2.58,
            "eps_latest_yearly": 3.52,
            "eps_growth_yearly": 404.22
        },
        "20063": {
            "year_quarter": 20063,
            "year": 2006,
            "quarter": 3,
            "eps": 0.61,
            "eps_growth_year": -8.96,
            "eps_4q": 2.61,
            "eps_4q_growth_year": 131.83,
            "roe": 4.96,
            "roe_4q": 21.09,
            "gross_profit": 51239,
            "gross_margin": 14.19,
            "gross_margin_4q_avg": 16.52,
            "net_income": 23071,
            "revenue": 361005,
            "common_shares": 431610,
            "book_valuer_per_share": 11.09,
            "book_valuer_per_share_4q_avg": 11.36,
            "equity": 478832,
            "current_ratio": 103.59,
            "debt_ratio": 58.7,
            "inventory_turnover_ratio": 1.42,
            "account_receivable_turnover_ratio": null,
            "reinvestment_rate": -10.92,
            "research_to_sale_ratio": null,
            "price_fair": 89.6,
            "eps_avg_yearly": 2.56,
            "eps_latest_yearly": 2.44,
            "eps_growth_yearly": 328.94
        },
        "20064": {
            "year_quarter": 20064,
            "year": 2006,
            "quarter": 4,
            "eps": 1.35,
            "eps_growth_year": 35,
            "eps_4q": 2.95,
            "eps_4q_growth_year": 62.98,
            "roe": 9.17,
            "roe_4q": 22.349999999999998,
            "gross_profit": 72237,
            "gross_margin": 15.49,
            "gross_margin_4q_avg": 15.72,
            "net_income": 51279,
            "revenue": 466251,
            "common_shares": 432000,
            "book_valuer_per_share": 12.57,
            "book_valuer_per_share_4q_avg": 11.67,
            "equity": 640072,
            "current_ratio": 131.26,
            "debt_ratio": 55.55,
            "inventory_turnover_ratio": 1.29,
            "account_receivable_turnover_ratio": null,
            "reinvestment_rate": 42.82,
            "research_to_sale_ratio": null,
            "price_fair": 102.03,
            "eps_avg_yearly": 2.92,
            "eps_latest_yearly": 5.4,
            "eps_growth_yearly": 348.48
        },
        "20071": {
            "year_quarter": 20071,
            "year": 2007,
            "quarter": 1,
            "eps": 1.34,
            "eps_growth_year": 509.09,
            "eps_4q": 3.88,
            "eps_4q_growth_year": 78.47,
            "roe": 8.72,
            "roe_4q": 29.46,
            "gross_profit": 91571,
            "gross_margin": 17.07,
            "gross_margin_4q_avg": 16.28,
            "net_income": 55017,
            "revenue": 536312,
            "common_shares": 442320,
            "book_valuer_per_share": 14.04,
            "book_valuer_per_share_4q_avg": 12.29,
            "equity": 621205,
            "current_ratio": 120.88,
            "debt_ratio": 56.46,
            "inventory_turnover_ratio": 1.33,
            "account_receivable_turnover_ratio": null,
            "reinvestment_rate": -6.24,
            "research_to_sale_ratio": null,
            "price_fair": 111.53,
            "eps_avg_yearly": 3.19,
            "eps_latest_yearly": 5.36,
            "eps_growth_yearly": 309.43
        },
        "20072": {
            "year_quarter": 20072,
            "year": 2007,
            "quarter": 2,
            "eps": 1.25,
            "eps_growth_year": 42.05,
            "eps_4q": 4.38,
            "eps_4q_growth_year": 47.39,
            "roe": 8.11,
            "roe_4q": 30.96,
            "gross_profit": 107180,
            "gross_margin": 19.04,
            "gross_margin_4q_avg": 16.45,
            "net_income": 51691,
            "revenue": 562811,
            "common_shares": 443500,
            "book_valuer_per_share": 14.73,
            "book_valuer_per_share_4q_avg": 13.11,
            "equity": 653365,
            "current_ratio": 123.86,
            "debt_ratio": 55.74,
            "inventory_turnover_ratio": 1.39,
            "account_receivable_turnover_ratio": null,
            "reinvestment_rate": -3.13,
            "research_to_sale_ratio": null,
            "price_fair": 117.88,
            "eps_avg_yearly": 3.37,
            "eps_latest_yearly": 5,
            "eps_growth_yearly": 275.8
        },
        "20073": {
            "year_quarter": 20073,
            "year": 2007,
            "quarter": 3,
            "eps": 0.87,
            "eps_growth_year": 42.62,
            "eps_4q": 4.28,
            "eps_4q_growth_year": 64.12,
            "roe": 5.96,
            "roe_4q": 31.96,
            "gross_profit": 124032,
            "gross_margin": 19.18,
            "gross_margin_4q_avg": 17.7,
            "net_income": 40348,
            "revenue": 646523,
            "common_shares": 494048,
            "book_valuer_per_share": 14.16,
            "book_valuer_per_share_4q_avg": 13.88,
            "equity": 699713,
            "current_ratio": 123.15,
            "debt_ratio": 59.81,
            "inventory_turnover_ratio": 1.41,
            "account_receivable_turnover_ratio": null,
            "reinvestment_rate": -5.5,
            "research_to_sale_ratio": null,
            "price_fair": 118.24,
            "eps_avg_yearly": 3.38,
            "eps_latest_yearly": 3.48,
            "eps_growth_yearly": 239.67
        },
        "20074": {
            "year_quarter": 20074,
            "year": 2007,
            "quarter": 4,
            "eps": 0.65,
            "eps_growth_year": -51.85,
            "eps_4q": 3.8,
            "eps_4q_growth_year": 28.71,
            "roe": 4.08,
            "roe_4q": 26.869999999999997,
            "gross_profit": 107990,
            "gross_margin": 17.49,
            "gross_margin_4q_avg": 18.2,
            "net_income": 30345,
            "revenue": 617401,
            "common_shares": 495148,
            "book_valuer_per_share": 15.06,
            "book_valuer_per_share_4q_avg": 14.5,
            "equity": 786210,
            "current_ratio": 144.96,
            "debt_ratio": 58.68,
            "inventory_turnover_ratio": 1.1,
            "account_receivable_turnover_ratio": null,
            "reinvestment_rate": 21.01,
            "research_to_sale_ratio": null,
            "price_fair": 115.97,
            "eps_avg_yearly": 3.31,
            "eps_latest_yearly": 2.6,
            "eps_growth_yearly": 211.27
        },
        "20081": {
            "year_quarter": 20081,
            "year": 2008,
            "quarter": 1,
            "eps": 0.17,
            "eps_growth_year": -87.31,
            "eps_4q": 2.38,
            "eps_4q_growth_year": -38.68,
            "roe": 1.01,
            "roe_4q": 19.16,
            "gross_profit": 136934,
            "gross_margin": 21.03,
            "gross_margin_4q_avg": 19.19,
            "net_income": 9423,
            "revenue": 651251,
            "common_shares": 595148,
            "book_valuer_per_share": 17.55,
            "book_valuer_per_share_4q_avg": 15.38,
            "equity": 1083857,
            "current_ratio": 198.61,
            "debt_ratio": 45.74,
            "inventory_turnover_ratio": 0.92,
            "account_receivable_turnover_ratio": null,
            "reinvestment_rate": 27.7,
            "research_to_sale_ratio": null,
            "price_fair": 108.88,
            "eps_avg_yearly": 3.11,
            "eps_latest_yearly": 0.68,
            "eps_growth_yearly": 172.3
        },
        "20082": {
            "year_quarter": 20082,
            "year": 2008,
            "quarter": 2,
            "eps": 0.58,
            "eps_growth_year": -53.6,
            "eps_4q": 2,
            "eps_4q_growth_year": -54.28,
            "roe": 3.13,
            "roe_4q": 14.18,
            "gross_profit": 140384,
            "gross_margin": 19.68,
            "gross_margin_4q_avg": 19.35,
            "net_income": 32948,
            "revenue": 713229,
            "common_shares": 595148,
            "book_valuer_per_share": 16.46,
            "book_valuer_per_share_4q_avg": 15.81,
            "equity": 1018397,
            "current_ratio": 183.94,
            "debt_ratio": 48.4,
            "inventory_turnover_ratio": 0.98,
            "account_receivable_turnover_ratio": null,
            "reinvestment_rate": 35.69,
            "research_to_sale_ratio": null,
            "price_fair": 106.9,
            "eps_avg_yearly": 3.05,
            "eps_latest_yearly": 2.32,
            "eps_growth_yearly": 228.9
        },
        "20083": {
            "year_quarter": 20083,
            "year": 2008,
            "quarter": 3,
            "eps": 0.63,
            "eps_growth_year": -27.59,
            "eps_4q": 1.78,
            "eps_4q_growth_year": -58.33,
            "roe": 4.03,
            "roe_4q": 12.25,
            "gross_profit": 112651,
            "gross_margin": 18.99,
            "gross_margin_4q_avg": 19.3,
            "net_income": 40507,
            "revenue": 593318,
            "common_shares": 670352,
            "book_valuer_per_share": 14.2,
            "book_valuer_per_share_4q_avg": 15.82,
            "equity": 989899,
            "current_ratio": 178.47,
            "debt_ratio": 49.44,
            "inventory_turnover_ratio": 0.83,
            "account_receivable_turnover_ratio": null,
            "reinvestment_rate": 25.06,
            "research_to_sale_ratio": null,
            "price_fair": 105.5,
            "eps_avg_yearly": 3.01,
            "eps_latest_yearly": 2.52,
            "eps_growth_yearly": 197.08
        },
        "20084": {
            "year_quarter": 20084,
            "year": 2008,
            "quarter": 4,
            "eps": 0.5,
            "eps_growth_year": -23.08,
            "eps_4q": 1.95,
            "eps_4q_growth_year": -48.71,
            "roe": 3.05,
            "roe_4q": 11.22,
            "gross_profit": 135126,
            "gross_margin": 19.49,
            "gross_margin_4q_avg": 19.8,
            "net_income": 29989,
            "revenue": 693392,
            "common_shares": 635002,
            "book_valuer_per_share": 14.81,
            "book_valuer_per_share_4q_avg": 15.76,
            "equity": 976014,
            "current_ratio": 172.71,
            "debt_ratio": 50.08,
            "inventory_turnover_ratio": 1.07,
            "account_receivable_turnover_ratio": 2.11,
            "reinvestment_rate": 23.28,
            "research_to_sale_ratio": null,
            "price_fair": 107.2,
            "eps_avg_yearly": 3.06,
            "eps_latest_yearly": 2,
            "eps_growth_yearly": 207.51
        },
        "20091": {
            "year_quarter": 20091,
            "year": 2009,
            "quarter": 1,
            "eps": 0.6,
            "eps_growth_year": 252.94,
            "eps_4q": 2.46,
            "eps_4q_growth_year": 3.2,
            "roe": 3.53,
            "roe_4q": 13.739999999999998,
            "gross_profit": 125614,
            "gross_margin": 24.77,
            "gross_margin_4q_avg": 20.73,
            "net_income": 35271,
            "revenue": 507181,
            "common_shares": 636902,
            "book_valuer_per_share": 15.5,
            "book_valuer_per_share_4q_avg": 15.24,
            "equity": 1023748,
            "current_ratio": 207.43,
            "debt_ratio": 44.68,
            "inventory_turnover_ratio": 0.84,
            "account_receivable_turnover_ratio": 0.82,
            "reinvestment_rate": 30.28,
            "research_to_sale_ratio": null,
            "price_fair": 105.65,
            "eps_avg_yearly": 3.02,
            "eps_latest_yearly": 2.4,
            "eps_growth_yearly": 199.01
        },
        "20092": {
            "year_quarter": 20092,
            "year": 2009,
            "quarter": 2,
            "eps": 0.74,
            "eps_growth_year": 27.59,
            "eps_4q": 2.56,
            "eps_4q_growth_year": 27.73,
            "roe": 4.42,
            "roe_4q": 15.030000000000001,
            "gross_profit": 168931,
            "gross_margin": 27.07,
            "gross_margin_4q_avg": 22.58,
            "net_income": 45421,
            "revenue": 623950,
            "common_shares": 654852,
            "book_valuer_per_share": 15.21,
            "book_valuer_per_share_4q_avg": 14.93,
            "equity": 1029973,
            "current_ratio": 197.35,
            "debt_ratio": 46.1,
            "inventory_turnover_ratio": 1.11,
            "account_receivable_turnover_ratio": 1,
            "reinvestment_rate": 31.09,
            "research_to_sale_ratio": null,
            "price_fair": 105.53,
            "eps_avg_yearly": 3.02,
            "eps_latest_yearly": 2.96,
            "eps_growth_yearly": 192.4
        },
        "20093": {
            "year_quarter": 20093,
            "year": 2009,
            "quarter": 3,
            "eps": 1.09,
            "eps_growth_year": 73.02,
            "eps_4q": 2.86,
            "eps_4q_growth_year": 60.7,
            "roe": 6.68,
            "roe_4q": 17.68,
            "gross_profit": 196588,
            "gross_margin": 25.41,
            "gross_margin_4q_avg": 24.19,
            "net_income": 71157,
            "revenue": 773800,
            "common_shares": 683284,
            "book_valuer_per_share": 15.58,
            "book_valuer_per_share_4q_avg": 15.28,
            "equity": 1099883,
            "current_ratio": 197.95,
            "debt_ratio": 47.93,
            "inventory_turnover_ratio": 1.33,
            "account_receivable_turnover_ratio": 1.17,
            "reinvestment_rate": 27.62,
            "research_to_sale_ratio": null,
            "price_fair": 109.2,
            "eps_avg_yearly": 3.12,
            "eps_latest_yearly": 4.36,
            "eps_growth_yearly": 136.17
        },
        "20094": {
            "year_quarter": 20094,
            "year": 2009,
            "quarter": 4,
            "eps": 1.82,
            "eps_growth_year": 264,
            "eps_4q": 4.1,
            "eps_4q_growth_year": 110.37,
            "roe": 10.1,
            "roe_4q": 24.730000000000004,
            "gross_profit": 312318,
            "gross_margin": 26.76,
            "gross_margin_4q_avg": 26,
            "net_income": 120274,
            "revenue": 1166944,
            "common_shares": 683284,
            "book_valuer_per_share": 18.74,
            "book_valuer_per_share_4q_avg": 16.26,
            "equity": 1282709,
            "current_ratio": 183.85,
            "debt_ratio": 51.26,
            "inventory_turnover_ratio": 1.54,
            "account_receivable_turnover_ratio": 3.41,
            "reinvestment_rate": 12.71,
            "research_to_sale_ratio": null,
            "price_fair": 116.38,
            "eps_avg_yearly": 3.33,
            "eps_latest_yearly": 7.28,
            "eps_growth_yearly": 140.6
        },
        "20101": {
            "year_quarter": 20101,
            "year": 2010,
            "quarter": 1,
            "eps": 1.07,
            "eps_growth_year": 78.33,
            "eps_4q": 4.59,
            "eps_4q_growth_year": 86.81,
            "roe": 5.31,
            "roe_4q": 26.509999999999998,
            "gross_profit": 212572,
            "gross_margin": 23.76,
            "gross_margin_4q_avg": 25.75,
            "net_income": 70685,
            "revenue": 894707,
            "common_shares": 684634,
            "book_valuer_per_share": 20.03,
            "book_valuer_per_share_4q_avg": 17.39,
            "equity": 1378765,
            "current_ratio": 206.99,
            "debt_ratio": 45.31,
            "inventory_turnover_ratio": 1.05,
            "account_receivable_turnover_ratio": 1.45,
            "reinvestment_rate": 25.36,
            "research_to_sale_ratio": 3.79,
            "price_fair": 123.81,
            "eps_avg_yearly": 3.54,
            "eps_latest_yearly": 4.28,
            "eps_growth_yearly": 149.8
        },
        "20102": {
            "year_quarter": 20102,
            "year": 2010,
            "quarter": 2,
            "eps": 1.81,
            "eps_growth_year": 144.9,
            "eps_4q": 5.66,
            "eps_4q_growth_year": 121.38,
            "roe": 8.79,
            "roe_4q": 30.879999999999995,
            "gross_profit": 280083,
            "gross_margin": 23.8,
            "gross_margin_4q_avg": 24.93,
            "net_income": 123339,
            "revenue": 1176938,
            "common_shares": 684633,
            "book_valuer_per_share": 20.7,
            "book_valuer_per_share_4q_avg": 18.76,
            "equity": 1428379,
            "current_ratio": 190.12,
            "debt_ratio": 47.21,
            "inventory_turnover_ratio": 1.42,
            "account_receivable_turnover_ratio": 1.89,
            "reinvestment_rate": 22.07,
            "research_to_sale_ratio": 2.79,
            "price_fair": 131.95,
            "eps_avg_yearly": 3.77,
            "eps_latest_yearly": 7.24,
            "eps_growth_yearly": 92.09
        },
        "20103": {
            "year_quarter": 20103,
            "year": 2010,
            "quarter": 3,
            "eps": 0.31,
            "eps_growth_year": -71.64,
            "eps_4q": 4.88,
            "eps_4q_growth_year": 70.45,
            "roe": 1.34,
            "roe_4q": 25.54,
            "gross_profit": 159963,
            "gross_margin": 16.68,
            "gross_margin_4q_avg": 22.75,
            "net_income": 19325,
            "revenue": 959077,
            "common_shares": 693453,
            "book_valuer_per_share": 20.74,
            "book_valuer_per_share_4q_avg": 20.05,
            "equity": 1450207,
            "current_ratio": 181.96,
            "debt_ratio": 47.81,
            "inventory_turnover_ratio": 1.32,
            "account_receivable_turnover_ratio": 1.46,
            "reinvestment_rate": 15.76,
            "research_to_sale_ratio": 4.28,
            "price_fair": 129.33,
            "eps_avg_yearly": 3.7,
            "eps_latest_yearly": 1.24,
            "eps_growth_yearly": 79.04
        },
        "20104": {
            "year_quarter": 20104,
            "year": 2010,
            "quarter": 4,
            "eps": 1.77,
            "eps_growth_year": -2.88,
            "eps_4q": 4.79,
            "eps_4q_growth_year": 16.82,
            "roe": 8.05,
            "roe_4q": 23.49,
            "gross_profit": 318283,
            "gross_margin": 16.05,
            "gross_margin_4q_avg": 20.07,
            "net_income": 121653,
            "revenue": 1983487,
            "common_shares": 695453,
            "book_valuer_per_share": 22.51,
            "book_valuer_per_share_4q_avg": 21,
            "equity": 1571397,
            "current_ratio": 186.62,
            "debt_ratio": 47.55,
            "inventory_turnover_ratio": 3.05,
            "account_receivable_turnover_ratio": 3.31,
            "reinvestment_rate": -1.57,
            "research_to_sale_ratio": 2.07,
            "price_fair": 133,
            "eps_avg_yearly": 3.8,
            "eps_latest_yearly": 7.08,
            "eps_growth_yearly": 166.45
        },
        "20111": {
            "year_quarter": 20111,
            "year": 2011,
            "quarter": 1,
            "eps": 0.59,
            "eps_growth_year": -44.86,
            "eps_4q": 4.49,
            "eps_4q_growth_year": -2.03,
            "roe": 2.38,
            "roe_4q": 20.56,
            "gross_profit": 156732,
            "gross_margin": 17.05,
            "gross_margin_4q_avg": 18.4,
            "net_income": 37979,
            "revenue": 919493,
            "common_shares": 706403,
            "book_valuer_per_share": 23.19,
            "book_valuer_per_share_4q_avg": 21.79,
            "equity": 1620970,
            "current_ratio": 211.1,
            "debt_ratio": 42.07,
            "inventory_turnover_ratio": 1.6,
            "account_receivable_turnover_ratio": 1.53,
            "reinvestment_rate": 13.44,
            "research_to_sale_ratio": 4.45,
            "price_fair": 126.44,
            "eps_avg_yearly": 3.61,
            "eps_latest_yearly": 2.36,
            "eps_growth_yearly": 149.97
        },
        "20112": {
            "year_quarter": 20112,
            "year": 2011,
            "quarter": 2,
            "eps": 0.04,
            "eps_growth_year": -97.61,
            "eps_4q": 2.39,
            "eps_4q_growth_year": -57.7,
            "roe": 0.24,
            "roe_4q": 12.010000000000002,
            "gross_profit": 176621,
            "gross_margin": 19.48,
            "gross_margin_4q_avg": 17.32,
            "net_income": 3893,
            "revenue": 906532,
            "common_shares": 706403,
            "book_valuer_per_share": 23,
            "book_valuer_per_share_4q_avg": 22.36,
            "equity": 1609024,
            "current_ratio": 204.68,
            "debt_ratio": 43.34,
            "inventory_turnover_ratio": 1.53,
            "account_receivable_turnover_ratio": 1.29,
            "reinvestment_rate": 15.05,
            "research_to_sale_ratio": 3.3,
            "price_fair": 115.85,
            "eps_avg_yearly": 3.31,
            "eps_latest_yearly": 0.16,
            "eps_growth_yearly": 128.35
        },
        "20113": {
            "year_quarter": 20113,
            "year": 2011,
            "quarter": 3,
            "eps": 0.95,
            "eps_growth_year": 205.78,
            "eps_4q": 3.08,
            "eps_4q_growth_year": -37.01,
            "roe": 4.6,
            "roe_4q": 15.27,
            "gross_profit": 189640,
            "gross_margin": 20.62,
            "gross_margin_4q_avg": 18.3,
            "net_income": 76155,
            "revenue": 919883,
            "common_shares": 812449,
            "book_valuer_per_share": 21.05,
            "book_valuer_per_share_4q_avg": 22.44,
            "equity": 1701924,
            "current_ratio": 214.48,
            "debt_ratio": 41.91,
            "inventory_turnover_ratio": 1.43,
            "account_receivable_turnover_ratio": 1.09,
            "reinvestment_rate": 16.4,
            "research_to_sale_ratio": 2.91,
            "price_fair": 116.55,
            "eps_avg_yearly": 3.33,
            "eps_latest_yearly": 3.8,
            "eps_growth_yearly": 704.7
        },
        "20114": {
            "year_quarter": 20114,
            "year": 2011,
            "quarter": 4,
            "eps": 0.81,
            "eps_growth_year": -54.26,
            "eps_4q": 2.3,
            "eps_4q_growth_year": -51.91,
            "roe": 3.69,
            "roe_4q": 10.91,
            "gross_profit": 215532,
            "gross_margin": 16.65,
            "gross_margin_4q_avg": 18.45,
            "net_income": 64114,
            "revenue": 1294146,
            "common_shares": 805709,
            "book_valuer_per_share": 21.86,
            "book_valuer_per_share_4q_avg": 22.28,
            "equity": 1772221,
            "current_ratio": 215.75,
            "debt_ratio": 42.21,
            "inventory_turnover_ratio": 1.94,
            "account_receivable_turnover_ratio": 1.48,
            "reinvestment_rate": -1.75,
            "research_to_sale_ratio": 1.88,
            "price_fair": 117.95,
            "eps_avg_yearly": 3.37,
            "eps_latest_yearly": 3.24,
            "eps_growth_yearly": 707.34
        },
        "20121": {
            "year_quarter": 20121,
            "year": 2012,
            "quarter": 1,
            "eps": 0.18,
            "eps_growth_year": -69.49,
            "eps_4q": 1.97,
            "eps_4q_growth_year": -56.22,
            "roe": 0.81,
            "roe_4q": 9.34,
            "gross_profit": 128319,
            "gross_margin": 17.92,
            "gross_margin_4q_avg": 18.67,
            "net_income": 14387,
            "revenue": 716248,
            "common_shares": 806709,
            "book_valuer_per_share": 21.97,
            "book_valuer_per_share_4q_avg": 21.97,
            "equity": 1783117,
            "current_ratio": 261.85,
            "debt_ratio": 34.86,
            "inventory_turnover_ratio": 1.05,
            "account_receivable_turnover_ratio": 0.92,
            "reinvestment_rate": -1.16,
            "research_to_sale_ratio": 3.64,
            "price_fair": 118.04,
            "eps_avg_yearly": 3.37,
            "eps_latest_yearly": 0.72,
            "eps_growth_yearly": 706.35
        },
        "20122": {
            "year_quarter": 20122,
            "year": 2012,
            "quarter": 2,
            "eps": 0.85,
            "eps_growth_year": 1856.94,
            "eps_4q": 2.77,
            "eps_4q_growth_year": 15.8,
            "roe": 3.9,
            "roe_4q": 13,
            "gross_profit": 187831,
            "gross_margin": 21.86,
            "gross_margin_4q_avg": 19.26,
            "net_income": 67781,
            "revenue": 859116,
            "common_shares": 806709,
            "book_valuer_per_share": 20.82,
            "book_valuer_per_share_4q_avg": 21.43,
            "equity": 1689831,
            "current_ratio": 196.91,
            "debt_ratio": 46.17,
            "inventory_turnover_ratio": 1.12,
            "account_receivable_turnover_ratio": 1.06,
            "reinvestment_rate": -1.37,
            "research_to_sale_ratio": 3.12,
            "price_fair": 120.4,
            "eps_avg_yearly": 3.44,
            "eps_latest_yearly": 3.4,
            "eps_growth_yearly": 739.11
        },
        "20123": {
            "year_quarter": 20123,
            "year": 2012,
            "quarter": 3,
            "eps": 1.09,
            "eps_growth_year": 15.57,
            "eps_4q": 2.9,
            "eps_4q_growth_year": -5.68,
            "roe": 5.1,
            "roe_4q": 13.5,
            "gross_profit": 270444,
            "gross_margin": 17.48,
            "gross_margin_4q_avg": 18.48,
            "net_income": 88896,
            "revenue": 1546788,
            "common_shares": 818009,
            "book_valuer_per_share": 21.88,
            "book_valuer_per_share_4q_avg": 21.63,
            "equity": 1798966,
            "current_ratio": 153.81,
            "debt_ratio": 59.82,
            "inventory_turnover_ratio": 1.44,
            "account_receivable_turnover_ratio": 1.48,
            "reinvestment_rate": -0.11,
            "research_to_sale_ratio": 1.91,
            "price_fair": 124.43,
            "eps_avg_yearly": 3.56,
            "eps_latest_yearly": 4.36,
            "eps_growth_yearly": 744.02
        },
        "20124": {
            "year_quarter": 20124,
            "year": 2012,
            "quarter": 4,
            "eps": 2.96,
            "eps_growth_year": 265.88,
            "eps_4q": 5.05,
            "eps_4q_growth_year": 119.36,
            "roe": 12.62,
            "roe_4q": 22.429999999999996,
            "gross_profit": 447732,
            "gross_margin": 16.26,
            "gross_margin_4q_avg": 18.38,
            "net_income": 243071,
            "revenue": 2752991,
            "common_shares": 821809,
            "book_valuer_per_share": 24.88,
            "book_valuer_per_share_4q_avg": 22.39,
            "equity": 2053907,
            "current_ratio": 156.24,
            "debt_ratio": 60.22,
            "inventory_turnover_ratio": 2.59,
            "account_receivable_turnover_ratio": 2.26,
            "reinvestment_rate": -0.05,
            "research_to_sale_ratio": 1.42,
            "price_fair": 145.95,
            "eps_avg_yearly": 4.17,
            "eps_latest_yearly": 11.84,
            "eps_growth_yearly": 792.07
        },
        "20131": {
            "year_quarter": 20131,
            "year": 2013,
            "quarter": 1,
            "eps": 1.82,
            "eps_growth_year": 911.11,
            "eps_4q": 6.68,
            "eps_4q_growth_year": 239.61,
            "roe": 7.04,
            "roe_4q": 28.659999999999997,
            "gross_profit": 230861,
            "gross_margin": 18.98,
            "gross_margin_4q_avg": 18.65,
            "net_income": 150143,
            "revenue": 1216407,
            "common_shares": 823809,
            "book_valuer_per_share": 26.71,
            "book_valuer_per_share_4q_avg": 23.57,
            "equity": 2210946,
            "current_ratio": 156.05,
            "debt_ratio": 60.15,
            "inventory_turnover_ratio": 1.4,
            "account_receivable_turnover_ratio": 1.03,
            "reinvestment_rate": 3.75,
            "research_to_sale_ratio": 2.54,
            "price_fair": 156.63,
            "eps_avg_yearly": 4.48,
            "eps_latest_yearly": 7.28,
            "eps_growth_yearly": 777.44
        },
        "20132": {
            "year_quarter": 20132,
            "year": 2013,
            "quarter": 2,
            "eps": 2.28,
            "eps_growth_year": 168.91,
            "eps_4q": 8.11,
            "eps_4q_growth_year": 192.57,
            "roe": 8.97,
            "roe_4q": 33.730000000000004,
            "gross_profit": 352621,
            "gross_margin": 18.99,
            "gross_margin_4q_avg": 17.93,
            "net_income": 188651,
            "revenue": 1857021,
            "common_shares": 823809,
            "book_valuer_per_share": 24.05,
            "book_valuer_per_share_4q_avg": 24.38,
            "equity": 1994829,
            "current_ratio": 136.02,
            "debt_ratio": 69.48,
            "inventory_turnover_ratio": 1.79,
            "account_receivable_turnover_ratio": 1.41,
            "reinvestment_rate": 2.35,
            "research_to_sale_ratio": 1.68,
            "price_fair": 170.1,
            "eps_avg_yearly": 4.86,
            "eps_latest_yearly": 9.12,
            "eps_growth_yearly": 777.92
        },
        "20133": {
            "year_quarter": 20133,
            "year": 2013,
            "quarter": 3,
            "eps": 1.33,
            "eps_growth_year": 21.74,
            "eps_4q": 8.36,
            "eps_4q_growth_year": 188.29,
            "roe": 5.42,
            "roe_4q": 34.05,
            "gross_profit": 295812,
            "gross_margin": 17.81,
            "gross_margin_4q_avg": 18.01,
            "net_income": 111205,
            "revenue": 1660693,
            "common_shares": 825809,
            "book_valuer_per_share": 25.35,
            "book_valuer_per_share_4q_avg": 25.25,
            "equity": 2106042,
            "current_ratio": 134.25,
            "debt_ratio": 70.69,
            "inventory_turnover_ratio": 1.21,
            "account_receivable_turnover_ratio": 1.19,
            "reinvestment_rate": 2.43,
            "research_to_sale_ratio": 1.82,
            "price_fair": 172.2,
            "eps_avg_yearly": 4.92,
            "eps_latest_yearly": 5.32,
            "eps_growth_yearly": 755.68
        },
        "20134": {
            "year_quarter": 20134,
            "year": 2013,
            "quarter": 4,
            "eps": 2.64,
            "eps_growth_year": -10.88,
            "eps_4q": 8.01,
            "eps_4q_growth_year": 58.5,
            "roe": 9.95,
            "roe_4q": 31.38,
            "gross_profit": 377175,
            "gross_margin": 15.59,
            "gross_margin_4q_avg": 17.84,
            "net_income": 221418,
            "revenue": 2419990,
            "common_shares": 832809,
            "book_valuer_per_share": 27.95,
            "book_valuer_per_share_4q_avg": 26.02,
            "equity": 2342583,
            "current_ratio": 134.04,
            "debt_ratio": 70.92,
            "inventory_turnover_ratio": 1.88,
            "account_receivable_turnover_ratio": 1.48,
            "reinvestment_rate": 2.06,
            "research_to_sale_ratio": 1.35,
            "price_fair": 179.38,
            "eps_avg_yearly": 5.13,
            "eps_latest_yearly": 10.56,
            "eps_growth_yearly": 763.56
        },
        "20141": {
            "year_quarter": 20141,
            "year": 2014,
            "quarter": 1,
            "eps": 1.34,
            "eps_growth_year": -26.37,
            "eps_4q": 7.55,
            "eps_4q_growth_year": 13.05,
            "roe": 4.69,
            "roe_4q": 29.03,
            "gross_profit": 146354,
            "gross_margin": 12.55,
            "gross_margin_4q_avg": 16.24,
            "net_income": 112264,
            "revenue": 1166247,
            "common_shares": 832809,
            "book_valuer_per_share": 29.23,
            "book_valuer_per_share_4q_avg": 26.65,
            "equity": 2449177,
            "current_ratio": 135.99,
            "debt_ratio": 70.03,
            "inventory_turnover_ratio": 1.24,
            "account_receivable_turnover_ratio": 0.73,
            "reinvestment_rate": 1.03,
            "research_to_sale_ratio": 2.59,
            "price_fair": 181.74,
            "eps_avg_yearly": 5.19,
            "eps_latest_yearly": 5.36,
            "eps_growth_yearly": 761.55
        },
        "20142": {
            "year_quarter": 20142,
            "year": 2014,
            "quarter": 2,
            "eps": 0.03,
            "eps_growth_year": -98.68,
            "eps_4q": 5.33,
            "eps_4q_growth_year": -34.34,
            "roe": -0.16,
            "roe_4q": 19.9,
            "gross_profit": 200642,
            "gross_margin": 18.14,
            "gross_margin_4q_avg": 16.02,
            "net_income": -3422,
            "revenue": 1105856,
            "common_shares": 832809,
            "book_valuer_per_share": 21.18,
            "book_valuer_per_share_4q_avg": 25.93,
            "equity": 1838513,
            "current_ratio": 123.05,
            "debt_ratio": 77.56,
            "inventory_turnover_ratio": 1.28,
            "account_receivable_turnover_ratio": 1,
            "reinvestment_rate": -0.35,
            "research_to_sale_ratio": 3.37,
            "price_fair": 166.16,
            "eps_avg_yearly": 4.75,
            "eps_latest_yearly": 0.12,
            "eps_growth_yearly": 719.82
        },
        "20143": {
            "year_quarter": 20143,
            "year": 2014,
            "quarter": 3,
            "eps": 1.21,
            "eps_growth_year": -9.02,
            "eps_4q": 5.22,
            "eps_4q_growth_year": -37.62,
            "roe": 5.64,
            "roe_4q": 20.119999999999997,
            "gross_profit": 165078,
            "gross_margin": 16.9,
            "gross_margin_4q_avg": 15.8,
            "net_income": 106777,
            "revenue": 976525,
            "common_shares": 832809,
            "book_valuer_per_share": 22.46,
            "book_valuer_per_share_4q_avg": 25.21,
            "equity": 1950725,
            "current_ratio": 124.22,
            "debt_ratio": 76.95,
            "inventory_turnover_ratio": 1.22,
            "account_receivable_turnover_ratio": 0.93,
            "reinvestment_rate": -0.21,
            "research_to_sale_ratio": 4.3,
            "price_fair": 174.04,
            "eps_avg_yearly": 4.97,
            "eps_latest_yearly": 4.84,
            "eps_growth_yearly": 1723.88
        },
        "20144": {
            "year_quarter": 20144,
            "year": 2014,
            "quarter": 4,
            "eps": 2.67,
            "eps_growth_year": 1.11,
            "eps_4q": 5.25,
            "eps_4q_growth_year": -34.51,
            "roe": 10.94,
            "roe_4q": 21.11,
            "gross_profit": 276405,
            "gross_margin": 14.1,
            "gross_margin_4q_avg": 15.42,
            "net_income": 227203,
            "revenue": 1960463,
            "common_shares": 832809,
            "book_valuer_per_share": 25.2,
            "book_valuer_per_share_4q_avg": 24.52,
            "equity": 2202382,
            "current_ratio": 125.96,
            "debt_ratio": 76.33,
            "inventory_turnover_ratio": 2.57,
            "account_receivable_turnover_ratio": 1.33,
            "reinvestment_rate": 2.58,
            "research_to_sale_ratio": 3.29,
            "price_fair": 181.91,
            "eps_avg_yearly": 5.2,
            "eps_latest_yearly": 10.68,
            "eps_growth_yearly": 1636.3
        },
        "20151": {
            "year_quarter": 20151,
            "year": 2015,
            "quarter": 1,
            "eps": 0.99,
            "eps_growth_year": -26.12,
            "eps_4q": 4.89,
            "eps_4q_growth_year": -35.21,
            "roe": 4.34,
            "roe_4q": 20.759999999999998,
            "gross_profit": 267549,
            "gross_margin": 24.8,
            "gross_margin_4q_avg": 18.49,
            "net_income": 98649,
            "revenue": 1078993,
            "common_shares": 832809,
            "book_valuer_per_share": 26.1,
            "book_valuer_per_share_4q_avg": 23.74,
            "equity": 2341509,
            "current_ratio": 128.96,
            "debt_ratio": 74.43,
            "inventory_turnover_ratio": 1.2,
            "account_receivable_turnover_ratio": 0.73,
            "reinvestment_rate": 3.71,
            "research_to_sale_ratio": 2.3,
            "price_fair": 185.41,
            "eps_avg_yearly": 5.3,
            "eps_latest_yearly": 3.96,
            "eps_growth_yearly": 1637.24
        },
        "20152": {
            "year_quarter": 20152,
            "year": 2015,
            "quarter": 2,
            "eps": -0.36,
            "eps_growth_year": -1300,
            "eps_4q": 4.5,
            "eps_4q_growth_year": -15.41,
            "roe": -2.39,
            "roe_4q": 18.529999999999998,
            "gross_profit": 130138,
            "gross_margin": 14.29,
            "gross_margin_4q_avg": 17.52,
            "net_income": -50338,
            "revenue": 910496,
            "common_shares": 832809,
            "book_valuer_per_share": 20.71,
            "book_valuer_per_share_4q_avg": 23.62,
            "equity": 1869321,
            "current_ratio": 120.44,
            "debt_ratio": 79.5,
            "inventory_turnover_ratio": 1.14,
            "account_receivable_turnover_ratio": 1.13,
            "reinvestment_rate": 3.63,
            "research_to_sale_ratio": 3.88,
            "price_fair": 197.4,
            "eps_avg_yearly": 5.64,
            "eps_latest_yearly": 3.96,
            "eps_growth_yearly": 1771.24
        },
        "20153": {
            "year_quarter": 20153,
            "year": 2015,
            "quarter": 3,
            "eps": 4.09,
            "eps_growth_year": 238.02,
            "eps_4q": 7.39,
            "eps_4q_growth_year": 41.59,
            "roe": 16.7,
            "roe_4q": 29.589999999999996,
            "gross_profit": 188302,
            "gross_margin": 15.89,
            "gross_margin_4q_avg": 17.27,
            "net_income": 347015,
            "revenue": 1184984,
            "common_shares": 832809,
            "book_valuer_per_share": 25.02,
            "book_valuer_per_share_4q_avg": 24.26,
            "equity": 2287184,
            "current_ratio": 122.35,
            "debt_ratio": 78.22,
            "inventory_turnover_ratio": 1.25,
            "account_receivable_turnover_ratio": 1.67,
            "reinvestment_rate": 6.25,
            "research_to_sale_ratio": 3.98,
            "price_fair": 202,
            "eps_avg_yearly": 5.77,
            "eps_latest_yearly": 3.96,
            "eps_growth_yearly": 1247.76
        },
        "20154": {
            "year_quarter": 20154,
            "year": 2015,
            "quarter": 4,
            "eps": 1.32,
            "eps_growth_year": -50.59,
            "eps_4q": 6.04,
            "eps_4q_growth_year": 15.09,
            "roe": 4.41,
            "roe_4q": 23.06,
            "gross_profit": 329615,
            "gross_margin": 17.44,
            "gross_margin_4q_avg": 18.11,
            "net_income": 102578,
            "revenue": 1889957,
            "common_shares": 832809,
            "book_valuer_per_share": 26.12,
            "book_valuer_per_share_4q_avg": 24.49,
            "equity": 2368497,
            "current_ratio": 124.15,
            "debt_ratio": 77.55,
            "inventory_turnover_ratio": 2.02,
            "account_receivable_turnover_ratio": 1.63,
            "reinvestment_rate": 6.64,
            "research_to_sale_ratio": 2.22,
            "price_fair": 207.1,
            "eps_avg_yearly": 5.92,
            "eps_latest_yearly": 5.28,
            "eps_growth_yearly": 1232.62
        },
        "20161": {
            "year_quarter": 20161,
            "year": 2016,
            "quarter": 1,
            "eps": -0.91,
            "eps_growth_year": -191.92,
            "eps_4q": 4.14,
            "eps_4q_growth_year": -15.4,
            "roe": -3.66,
            "roe_4q": 15.059999999999999,
            "gross_profit": 184782,
            "gross_margin": 18.13,
            "gross_margin_4q_avg": 16.44,
            "net_income": -85124,
            "revenue": 1019368,
            "common_shares": 832809,
            "book_valuer_per_share": 25.21,
            "book_valuer_per_share_4q_avg": 24.27,
            "equity": 2283523,
            "current_ratio": 120.95,
            "debt_ratio": 78.81,
            "inventory_turnover_ratio": 1.44,
            "account_receivable_turnover_ratio": 0.91,
            "reinvestment_rate": 11.78,
            "research_to_sale_ratio": 4.3,
            "price_fair": 221.09,
            "eps_avg_yearly": 6.32,
            "eps_latest_yearly": 5.28,
            "eps_growth_yearly": 1351.37
        },
        "20162": {
            "year_quarter": 20162,
            "year": 2016,
            "quarter": 2,
            "eps": 1.11,
            "eps_growth_year": null,
            "eps_4q": 5.62,
            "eps_4q_growth_year": 24.66,
            "roe": 3.96,
            "roe_4q": 21.41,
            "gross_profit": 234538,
            "gross_margin": 18.52,
            "gross_margin_4q_avg": 17.5,
            "net_income": 89461,
            "revenue": 1266276,
            "common_shares": 832809,
            "book_valuer_per_share": 24.26,
            "book_valuer_per_share_4q_avg": 25.15,
            "equity": 2234236,
            "current_ratio": 119.88,
            "debt_ratio": 79.96,
            "inventory_turnover_ratio": 1.65,
            "account_receivable_turnover_ratio": 1.4,
            "reinvestment_rate": 10.61,
            "research_to_sale_ratio": 3.26,
            "price_fair": 229.6,
            "eps_avg_yearly": 6.56,
            "eps_latest_yearly": 5.28,
            "eps_growth_yearly": 1339.91
        },
        "20163": {
            "year_quarter": 20163,
            "year": 2016,
            "quarter": 3,
            "eps": -0.19,
            "eps_growth_year": -104.65,
            "eps_4q": 1.34,
            "eps_4q_growth_year": -81.88,
            "roe": -0.66,
            "roe_4q": 4.05,
            "gross_profit": 318554,
            "gross_margin": 18.89,
            "gross_margin_4q_avg": 18.25,
            "net_income": -14573,
            "revenue": 1686357,
            "common_shares": 832809,
            "book_valuer_per_share": 23.85,
            "book_valuer_per_share_4q_avg": 24.86,
            "equity": 2195332,
            "current_ratio": 118.3,
            "debt_ratio": 81,
            "inventory_turnover_ratio": 1.84,
            "account_receivable_turnover_ratio": 1.4,
            "reinvestment_rate": 11.86,
            "research_to_sale_ratio": 2.32,
            "price_fair": 236.6,
            "eps_avg_yearly": 6.76,
            "eps_latest_yearly": 5.28,
            "eps_growth_yearly": 1451.45
        },
        "20164": {
            "year_quarter": 20164,
            "year": 2016,
            "quarter": 4,
            "eps": 4.02,
            "eps_growth_year": 205.27,
            "eps_4q": 4.04,
            "eps_4q_growth_year": -33.04,
            "roe": 14.58,
            "roe_4q": 14.219999999999999,
            "gross_profit": 360736,
            "gross_margin": 19.45,
            "gross_margin_4q_avg": 18.75,
            "net_income": 345412,
            "revenue": 1854997,
            "common_shares": 832809,
            "book_valuer_per_share": 27.92,
            "book_valuer_per_share_4q_avg": 25.31,
            "equity": 2542230,
            "current_ratio": 123.56,
            "debt_ratio": 77.26,
            "inventory_turnover_ratio": 1.57,
            "account_receivable_turnover_ratio": 1.56,
            "reinvestment_rate": 10.37,
            "research_to_sale_ratio": 1.96,
            "price_fair": 218.82,
            "eps_avg_yearly": 6.25,
            "eps_latest_yearly": 5.28,
            "eps_growth_yearly": 1527.97
        },
        "20171": {
            "year_quarter": 20171,
            "year": 2017,
            "quarter": 1,
            "eps": -3.21,
            "eps_growth_year": null,
            "eps_4q": 1.74,
            "eps_4q_growth_year": -58.02,
            "roe": -11.14,
            "roe_4q": 6.739999999999999,
            "gross_profit": 275875,
            "gross_margin": 14.38,
            "gross_margin_4q_avg": 17.81,
            "net_income": -266702,
            "revenue": 1918484,
            "common_shares": 832809,
            "book_valuer_per_share": 24.42,
            "book_valuer_per_share_4q_avg": 25.11,
            "equity": 2246262,
            "current_ratio": 119.09,
            "debt_ratio": 79.86,
            "inventory_turnover_ratio": 1.58,
            "account_receivable_turnover_ratio": 1.59,
            "reinvestment_rate": 9.06,
            "research_to_sale_ratio": 1.92,
            "price_fair": 214.82,
            "eps_avg_yearly": 6.14,
            "eps_latest_yearly": 5.28,
            "eps_growth_yearly": 1714.87
        },
        "20172": {
            "year_quarter": 20172,
            "year": 2017,
            "quarter": 2,
            "eps": 1.27,
            "eps_growth_year": 14.41,
            "eps_4q": 1.9,
            "eps_4q_growth_year": -66.23,
            "roe": 5.1,
            "roe_4q": 7.879999999999999,
            "gross_profit": 291727,
            "gross_margin": 15.43,
            "gross_margin_4q_avg": 17.04,
            "net_income": 111757,
            "revenue": 1891228,
            "common_shares": 832809,
            "book_valuer_per_share": 22.9,
            "book_valuer_per_share_4q_avg": 24.77,
            "equity": 2136881,
            "current_ratio": 117.36,
            "debt_ratio": 80.88,
            "inventory_turnover_ratio": 1.57,
            "account_receivable_turnover_ratio": 1.39,
            "reinvestment_rate": 12.49,
            "research_to_sale_ratio": 1.97,
            "price_fair": 201.78,
            "eps_avg_yearly": 5.77,
            "eps_latest_yearly": 5.28,
            "eps_growth_yearly": 1916.59
        },
        "20173": {
            "year_quarter": 20173,
            "year": 2017,
            "quarter": 3,
            "eps": 0.32,
            "eps_growth_year": null,
            "eps_4q": 2.4,
            "eps_4q_growth_year": 79.72,
            "roe": 0.98,
            "roe_4q": 9.52,
            "gross_profit": 225506,
            "gross_margin": 14.17,
            "gross_margin_4q_avg": 15.86,
            "net_income": 21152,
            "revenue": 1591076,
            "common_shares": 832809,
            "book_valuer_per_share": 23.29,
            "book_valuer_per_share_4q_avg": 24.63,
            "equity": 2166517,
            "current_ratio": 117.19,
            "debt_ratio": 81.15,
            "inventory_turnover_ratio": 1.22,
            "account_receivable_turnover_ratio": 1.22,
            "reinvestment_rate": 13.68,
            "research_to_sale_ratio": 2.52,
            "price_fair": 184.1,
            "eps_avg_yearly": 5.26,
            "eps_latest_yearly": 1.28,
            "eps_growth_yearly": 1900.02
        },
        "20174": {
            "year_quarter": 20174,
            "year": 2017,
            "quarter": 4,
            "eps": 0.5,
            "eps_growth_year": -87.67,
            "eps_4q": -1.12,
            "eps_4q_growth_year": -127.73,
            "roe": 1.26,
            "roe_4q": -3.8000000000000007,
            "gross_profit": 248179,
            "gross_margin": 14.71,
            "gross_margin_4q_avg": 14.67,
            "net_income": 27428,
            "revenue": 1687040,
            "common_shares": 832809,
            "book_valuer_per_share": 23.75,
            "book_valuer_per_share_4q_avg": 23.59,
            "equity": 2184694,
            "current_ratio": 117.16,
            "debt_ratio": 80.2,
            "inventory_turnover_ratio": 1.31,
            "account_receivable_turnover_ratio": 1.46,
            "reinvestment_rate": 15.09,
            "research_to_sale_ratio": 2.49,
            "price_fair": 146.65,
            "eps_avg_yearly": 4.19,
            "eps_latest_yearly": 2,
            "eps_growth_yearly": 1878.9
        },
        "20181": {
            "year_quarter": 20181,
            "year": 2018,
            "quarter": 1,
            "eps": -1.28,
            "eps_growth_year": null,
            "eps_4q": 0.81,
            "eps_4q_growth_year": -53.37,
            "roe": -5.71,
            "roe_4q": 1.6299999999999994,
            "gross_profit": 118612,
            "gross_margin": 9.47,
            "gross_margin_4q_avg": 13.45,
            "net_income": -123043,
            "revenue": 1252584,
            "common_shares": 832809,
            "book_valuer_per_share": 23.21,
            "book_valuer_per_share_4q_avg": 23.29,
            "equity": 2122986,
            "current_ratio": 116.1,
            "debt_ratio": 79.96,
            "inventory_turnover_ratio": 1.15,
            "account_receivable_turnover_ratio": 1.38,
            "reinvestment_rate": 4.47,
            "research_to_sale_ratio": 3.16,
            "price_fair": 140.8,
            "eps_avg_yearly": 4.02,
            "eps_latest_yearly": 2,
            "eps_growth_yearly": 2175.45
        },
        "20182": {
            "year_quarter": 20182,
            "year": 2018,
            "quarter": 2,
            "eps": 3.57,
            "eps_growth_year": 181.1,
            "eps_4q": 3.1,
            "eps_4q_growth_year": 63.73,
            "roe": 12.99,
            "roe_4q": 9.520000000000001,
            "gross_profit": 186524,
            "gross_margin": 12.33,
            "gross_margin_4q_avg": 12.67,
            "net_income": 287445,
            "revenue": 1512989,
            "common_shares": 832809,
            "book_valuer_per_share": 24.72,
            "book_valuer_per_share_4q_avg": 23.74,
            "equity": 2302129,
            "current_ratio": 118.07,
            "debt_ratio": 78.14,
            "inventory_turnover_ratio": 1.16,
            "account_receivable_turnover_ratio": 1.47,
            "reinvestment_rate": 6.12,
            "research_to_sale_ratio": 2.76,
            "price_fair": 163.57,
            "eps_avg_yearly": 4.67,
            "eps_latest_yearly": 2,
            "eps_growth_yearly": 2603.2
        },
        "20183": {
            "year_quarter": 20183,
            "year": 2018,
            "quarter": 3,
            "eps": 1.12,
            "eps_growth_year": 250,
            "eps_4q": 3.91,
            "eps_4q_growth_year": 62.52,
            "roe": 4.47,
            "roe_4q": 13.01,
            "gross_profit": 273072,
            "gross_margin": 16.33,
            "gross_margin_4q_avg": 13.21,
            "net_income": 104642,
            "revenue": 1672170,
            "common_shares": 832809,
            "book_valuer_per_share": 25.72,
            "book_valuer_per_share_4q_avg": 24.35,
            "equity": 2381455,
            "current_ratio": 120.88,
            "debt_ratio": 76.01,
            "inventory_turnover_ratio": 1.04,
            "account_receivable_turnover_ratio": 1.18,
            "reinvestment_rate": 5.14,
            "research_to_sale_ratio": 2.94,
            "price_fair": 13.84,
            "eps_avg_yearly": 4.61,
            "eps_latest_yearly": 4.48,
            "eps_growth_yearly": -64.78
        },
        "20184": {
            "year_quarter": 20184,
            "year": 2018,
            "quarter": 4,
            "eps": 1.1,
            "eps_growth_year": 121.66,
            "eps_4q": 4.52,
            "eps_4q_growth_year": null,
            "roe": 3.32,
            "roe_4q": 15.07,
            "gross_profit": 208153,
            "gross_margin": 11.41,
            "gross_margin_4q_avg": 12.39,
            "net_income": 79817,
            "revenue": 1823583,
            "common_shares": 832809,
            "book_valuer_per_share": 26.78,
            "book_valuer_per_share_4q_avg": 25.11,
            "equity": 2426856,
            "current_ratio": 129.57,
            "debt_ratio": 70.01,
            "inventory_turnover_ratio": 1.34,
            "account_receivable_turnover_ratio": 1.2,
            "reinvestment_rate": 2.24,
            "research_to_sale_ratio": 3.19,
            "price_fair": 10.7,
            "eps_avg_yearly": 3.57,
            "eps_latest_yearly": 4.4,
            "eps_growth_yearly": -146.41
        },
        "20191": {
            "year_quarter": 20191,
            "year": 2019,
            "quarter": 1,
            "eps": 0.57,
            "eps_growth_year": null,
            "eps_4q": 6.38,
            "eps_4q_growth_year": 687.02,
            "roe": 1.61,
            "roe_4q": 22.39,
            "gross_profit": 180254,
            "gross_margin": 15.99,
            "gross_margin_4q_avg": 14.02,
            "net_income": 39523,
            "revenue": 1127063,
            "common_shares": 830069,
            "book_valuer_per_share": 27.4,
            "book_valuer_per_share_4q_avg": 26.16,
            "equity": 2479449,
            "current_ratio": 136.24,
            "debt_ratio": 65.56,
            "inventory_turnover_ratio": 0.88,
            "account_receivable_turnover_ratio": 0.97,
            "reinvestment_rate": 3.01,
            "research_to_sale_ratio": 4.33,
            "price_fair": 9.86,
            "eps_avg_yearly": 3.29,
            "eps_latest_yearly": 2.28,
            "eps_growth_yearly": -136.58
        },
        "20192": {
            "year_quarter": 20192,
            "year": 2019,
            "quarter": 2,
            "eps": 0.93,
            "eps_growth_year": -73.95,
            "eps_4q": 3.73,
            "eps_4q_growth_year": 20.19,
            "roe": 3.17,
            "roe_4q": 12.57,
            "gross_profit": 204874,
            "gross_margin": 15.78,
            "gross_margin_4q_avg": 14.88,
            "net_income": 74651,
            "revenue": 1298575,
            "common_shares": 830069,
            "book_valuer_per_share": 23.87,
            "book_valuer_per_share_4q_avg": 25.94,
            "equity": 2234278,
            "current_ratio": 129.45,
            "debt_ratio": 69.03,
            "inventory_turnover_ratio": 1.02,
            "account_receivable_turnover_ratio": 1.3,
            "reinvestment_rate": 3.93,
            "research_to_sale_ratio": 4.03,
            "price_fair": 10.05,
            "eps_avg_yearly": 3.35,
            "eps_latest_yearly": 3.72,
            "eps_growth_yearly": -80.98
        },
        "20193": {
            "year_quarter": 20193,
            "year": 2019,
            "quarter": 3,
            "eps": 0.79,
            "eps_growth_year": -29.46,
            "eps_4q": 3.39,
            "eps_4q_growth_year": -13.26,
            "roe": 2.74,
            "roe_4q": 10.84,
            "gross_profit": 244658,
            "gross_margin": 16.8,
            "gross_margin_4q_avg": 15,
            "net_income": 61389,
            "revenue": 1456375,
            "common_shares": 830069,
            "book_valuer_per_share": 24.04,
            "book_valuer_per_share_4q_avg": 25.52,
            "equity": 2241193,
            "current_ratio": 128.2,
            "debt_ratio": 70.84,
            "inventory_turnover_ratio": 1.05,
            "account_receivable_turnover_ratio": 1.07,
            "reinvestment_rate": -3.96,
            "research_to_sale_ratio": 3.34,
            "price_fair": 9.98,
            "eps_avg_yearly": 3.33,
            "eps_latest_yearly": 3.16,
            "eps_growth_yearly": -78.39
        },
        "20194": {
            "year_quarter": 20194,
            "year": 2019,
            "quarter": 4,
            "eps": 0.74,
            "eps_growth_year": -32.73,
            "eps_4q": 3.03,
            "eps_4q_growth_year": -33,
            "roe": 2.98,
            "roe_4q": 10.5,
            "gross_profit": 360675,
            "gross_margin": 20.61,
            "gross_margin_4q_avg": 17.3,
            "net_income": 68078,
            "revenue": 1749830,
            "common_shares": 830069,
            "book_valuer_per_share": 25.08,
            "book_valuer_per_share_4q_avg": 25.1,
            "equity": 2323381,
            "current_ratio": 152.08,
            "debt_ratio": 57.02,
            "inventory_turnover_ratio": 1.33,
            "account_receivable_turnover_ratio": 1.23,
            "reinvestment_rate": -5.05,
            "research_to_sale_ratio": 3.01,
            "price_fair": 9.11,
            "eps_avg_yearly": 3.04,
            "eps_latest_yearly": 2.96,
            "eps_growth_yearly": -47.69
        },
        "20201": {
            "year_quarter": 20201,
            "year": 2020,
            "quarter": 1,
            "eps": 0.38,
            "eps_growth_year": -33.33,
            "eps_4q": 2.84,
            "eps_4q_growth_year": -55.46,
            "roe": 1.22,
            "roe_4q": 10.11,
            "gross_profit": 154840,
            "gross_margin": 15.78,
            "gross_margin_4q_avg": 17.24,
            "net_income": 28160,
            "revenue": 981526,
            "common_shares": 830069,
            "book_valuer_per_share": 24.77,
            "book_valuer_per_share_4q_avg": 24.44,
            "equity": 2287365,
            "current_ratio": 162.34,
            "debt_ratio": 53.54,
            "inventory_turnover_ratio": 0.93,
            "account_receivable_turnover_ratio": 0.86,
            "reinvestment_rate": -14.35,
            "research_to_sale_ratio": 4.72,
            "price_fair": 8.6,
            "eps_avg_yearly": 2.87,
            "eps_latest_yearly": 1.52,
            "eps_growth_yearly": -64.01
        },
        "20202": {
            "year_quarter": 20202,
            "year": 2020,
            "quarter": 2,
            "eps": 1.01,
            "eps_growth_year": 8.6,
            "eps_4q": 2.96,
            "eps_4q_growth_year": -20.71,
            "roe": 4.15,
            "roe_4q": 11.09,
            "gross_profit": 257722,
            "gross_margin": 17.95,
            "gross_margin_4q_avg": 17.79,
            "net_income": 91371,
            "revenue": 1435898,
            "common_shares": 830069,
            "book_valuer_per_share": 23.01,
            "book_valuer_per_share_4q_avg": 24.23,
            "equity": 2119684,
            "current_ratio": 153.75,
            "debt_ratio": 56.27,
            "inventory_turnover_ratio": 1.32,
            "account_receivable_turnover_ratio": 1.12,
            "reinvestment_rate": -14.04,
            "research_to_sale_ratio": 3.28,
            "price_fair": 55.82,
            "eps_avg_yearly": 2.98,
            "eps_latest_yearly": 4.04,
            "eps_growth_yearly": 8.71
        },
        "20203": {
            "year_quarter": 20203,
            "year": 2020,
            "quarter": 3,
            "eps": 0.54,
            "eps_growth_year": -31.65,
            "eps_4q": 2.71,
            "eps_4q_growth_year": -20.02,
            "roe": 2.51,
            "roe_4q": 10.86,
            "gross_profit": 231631,
            "gross_margin": 17.91,
            "gross_margin_4q_avg": 18.06,
            "net_income": 54210,
            "revenue": 1293643,
            "common_shares": 830069,
            "book_valuer_per_share": 23.76,
            "book_valuer_per_share_4q_avg": 24.16,
            "equity": 2194001,
            "current_ratio": 150.45,
            "debt_ratio": 58.54,
            "inventory_turnover_ratio": 1.15,
            "account_receivable_turnover_ratio": 0.89,
            "reinvestment_rate": -15.35,
            "research_to_sale_ratio": 4.07,
            "price_fair": 8.73,
            "eps_avg_yearly": 2.91,
            "eps_latest_yearly": 2.16,
            "eps_growth_yearly": -9.01
        },
        "20204": {
            "year_quarter": 20204,
            "year": 2020,
            "quarter": 4,
            "eps": 1.03,
            "eps_growth_year": 39.05,
            "eps_4q": 2.99,
            "eps_4q_growth_year": -1.43,
            "roe": 3.76,
            "roe_4q": 11.64,
            "gross_profit": 280149,
            "gross_margin": 17,
            "gross_margin_4q_avg": 17.16,
            "net_income": 84237,
            "revenue": 1647692,
            "common_shares": 830069,
            "book_valuer_per_share": 24.82,
            "book_valuer_per_share_4q_avg": 24.09,
            "equity": 2281295,
            "current_ratio": 156.33,
            "debt_ratio": 56.08,
            "inventory_turnover_ratio": 1.44,
            "account_receivable_turnover_ratio": 1.13,
            "reinvestment_rate": -18.67,
            "research_to_sale_ratio": 3.06,
            "price_fair": 96.29,
            "eps_avg_yearly": 3.01,
            "eps_latest_yearly": 4.12,
            "eps_growth_yearly": 21.99
        },
        "20211": {
            "year_quarter": 20211,
            "year": 2021,
            "quarter": 1,
            "eps": 1.01,
            "eps_growth_year": 165.79,
            "eps_4q": 3.62,
            "eps_4q_growth_year": 27.28,
            "roe": 3.52,
            "roe_4q": 13.94,
            "gross_profit": 237750,
            "gross_margin": 17.15,
            "gross_margin_4q_avg": 17.5,
            "net_income": 81631,
            "revenue": 1386044,
            "common_shares": 830069,
            "book_valuer_per_share": 25.8,
            "book_valuer_per_share_4q_avg": 24.35,
            "equity": 2358660,
            "current_ratio": 164.67,
            "debt_ratio": 53.08,
            "inventory_turnover_ratio": 1.32,
            "account_receivable_turnover_ratio": 0.92,
            "reinvestment_rate": -10.76,
            "research_to_sale_ratio": 3.65,
            "price_fair": 91.76,
            "eps_avg_yearly": 3.09,
            "eps_latest_yearly": 4.04,
            "eps_growth_yearly": 19.7
        },
        "20212": {
            "year_quarter": 20212,
            "year": 2021,
            "quarter": 2,
            "eps": 0.48,
            "eps_growth_year": -52.48,
            "eps_4q": 3.07,
            "eps_4q_growth_year": 3.73,
            "roe": 1.83,
            "roe_4q": 11.62,
            "gross_profit": 222967,
            "gross_margin": 17.5,
            "gross_margin_4q_avg": 17.39,
            "net_income": 41918,
            "revenue": 1273851,
            "common_shares": 830069,
            "book_valuer_per_share": 24.1,
            "book_valuer_per_share_4q_avg": 24.62,
            "equity": 2221473,
            "current_ratio": 152.32,
            "debt_ratio": 57.67,
            "inventory_turnover_ratio": 1.17,
            "account_receivable_turnover_ratio": 0.88,
            "reinvestment_rate": -15.21,
            "research_to_sale_ratio": 4.25,
            "price_fair": 39.98,
            "eps_avg_yearly": 3.01,
            "eps_latest_yearly": 1.92,
            "eps_growth_yearly": 3.3
        },
        "20213": {
            "year_quarter": 20213,
            "year": 2021,
            "quarter": 3,
            "eps": 0.53,
            "eps_growth_year": -1.85,
            "eps_4q": 3.05,
            "eps_4q_growth_year": 12.5,
            "roe": 2.03,
            "roe_4q": 11.14,
            "gross_profit": 218196,
            "gross_margin": 19.18,
            "gross_margin_4q_avg": 17.71,
            "net_income": 45426,
            "revenue": 1137694,
            "common_shares": 830069,
            "book_valuer_per_share": 24.31,
            "book_valuer_per_share_4q_avg": 24.76,
            "equity": 2262313,
            "current_ratio": 152.97,
            "debt_ratio": 57.3,
            "inventory_turnover_ratio": 0.88,
            "account_receivable_turnover_ratio": 0.86,
            "reinvestment_rate": -15.11,
            "research_to_sale_ratio": 4.76,
            "price_fair": 107.3,
            "eps_avg_yearly": 3.07,
            "eps_latest_yearly": 2.12,
            "eps_growth_yearly": 27.65
        },
        "20214": {
            "year_quarter": 20214,
            "year": 2021,
            "quarter": 4,
            "eps": 1.31,
            "eps_growth_year": 27.19,
            "eps_4q": 3.33,
            "eps_4q_growth_year": 11.48,
            "roe": 5.17,
            "roe_4q": 12.549999999999999,
            "gross_profit": 307437,
            "gross_margin": 17.5,
            "gross_margin_4q_avg": 17.83,
            "net_income": 119863,
            "revenue": 1756502,
            "common_shares": 830069,
            "book_valuer_per_share": 25.93,
            "book_valuer_per_share_4q_avg": 25.04,
            "equity": 2378601,
            "current_ratio": 154.83,
            "debt_ratio": 55.37,
            "inventory_turnover_ratio": 1.32,
            "account_receivable_turnover_ratio": 1.29,
            "reinvestment_rate": -12.63,
            "research_to_sale_ratio": 3.11,
            "price_fair": 115.4,
            "eps_avg_yearly": 3.3,
            "eps_latest_yearly": 5.24,
            "eps_growth_yearly": 53.63
        },
        "20221": {
            "year_quarter": 20221,
            "year": 2022,
            "quarter": 1,
            "eps": 0.73,
            "eps_growth_year": -27.72,
            "eps_4q": 3.05,
            "eps_4q_growth_year": -15.66,
            "roe": 3.44,
            "roe_4q": 12.469999999999999,
            "gross_profit": 221072,
            "gross_margin": 18.05,
            "gross_margin_4q_avg": 18.06,
            "net_income": 90613,
            "revenue": 1224969,
            "common_shares": 830069,
            "book_valuer_per_share": 27.87,
            "book_valuer_per_share_4q_avg": 25.55,
            "equity": 2893547,
            "current_ratio": 186.72,
            "debt_ratio": 45.69,
            "inventory_turnover_ratio": 0.95,
            "account_receivable_turnover_ratio": 1.02,
            "reinvestment_rate": -0.48,
            "research_to_sale_ratio": 4.39,
            "price_fair": 114.52,
            "eps_avg_yearly": 3.27,
            "eps_latest_yearly": 2.92,
            "eps_growth_yearly": 38.25
        },
        "20222": {
            "year_quarter": 20222,
            "year": 2022,
            "quarter": 2,
            "eps": 0.7,
            "eps_growth_year": 45.83,
            "eps_4q": 3.27,
            "eps_4q_growth_year": 6.51,
            "roe": 2.66,
            "roe_4q": 13.299999999999999,
            "gross_profit": 240362,
            "gross_margin": 19.78,
            "gross_margin_4q_avg": 18.63,
            "net_income": 75860,
            "revenue": 1215433,
            "common_shares": 830069,
            "book_valuer_per_share": 26.5,
            "book_valuer_per_share_4q_avg": 26.15,
            "equity": 2818251,
            "current_ratio": 177.97,
            "debt_ratio": 47.71,
            "inventory_turnover_ratio": 0.85,
            "account_receivable_turnover_ratio": 1.21,
            "reinvestment_rate": -2.04,
            "research_to_sale_ratio": 4.96,
            "price_fair": 113.49,
            "eps_avg_yearly": 3.24,
            "eps_latest_yearly": 2.8,
            "eps_growth_yearly": 34.83
        },
        "20223": {
            "year_quarter": 20223,
            "year": 2022,
            "quarter": 3,
            "eps": 1.61,
            "eps_growth_year": 203.77,
            "eps_4q": 4.35,
            "eps_4q_growth_year": 42.63,
            "roe": 5.65,
            "roe_4q": 16.92,
            "gross_profit": 291484,
            "gross_margin": 18.37,
            "gross_margin_4q_avg": 18.43,
            "net_income": 168204,
            "revenue": 1587064,
            "common_shares": 830069,
            "book_valuer_per_share": 29.16,
            "book_valuer_per_share_4q_avg": 27.37,
            "equity": 3131721,
            "current_ratio": 175.73,
            "debt_ratio": 48.91,
            "inventory_turnover_ratio": 1.02,
            "account_receivable_turnover_ratio": 1.19,
            "reinvestment_rate": -1.51,
            "research_to_sale_ratio": 3.6,
            "price_fair": 117.78,
            "eps_avg_yearly": 3.37,
            "eps_latest_yearly": 6.44,
            "eps_growth_yearly": 84.48
        },
        "20224": {
            "year_quarter": 20224,
            "year": 2022,
            "quarter": 4,
            "eps": 1.1,
            "eps_growth_year": -15.98,
            "eps_4q": 3.98,
            "eps_4q_growth_year": 19.6,
            "roe": 3.89,
            "roe_4q": 15.64,
            "gross_profit": 444047,
            "gross_margin": 19.8,
            "gross_margin_4q_avg": 19,
            "net_income": 131788,
            "revenue": 2242097,
            "common_shares": 875069,
            "book_valuer_per_share": 31.94,
            "book_valuer_per_share_4q_avg": 28.87,
            "equity": 3646892,
            "current_ratio": 169.46,
            "debt_ratio": 53.08,
            "inventory_turnover_ratio": 1.27,
            "account_receivable_turnover_ratio": 1.18,
            "reinvestment_rate": -0.86,
            "research_to_sale_ratio": 2.71,
            "price_fair": 117.78,
            "eps_avg_yearly": 3.37,
            "eps_latest_yearly": 4.4,
            "eps_growth_yearly": 77.01
        },
        "20231": {
            "year_quarter": 20231,
            "year": 2023,
            "quarter": 1,
            "eps": 0.31,
            "eps_growth_year": -57.53,
            "eps_4q": 3.6,
            "eps_4q_growth_year": 17.93,
            "roe": 2.17,
            "roe_4q": 14.370000000000001,
            "gross_profit": 302859,
            "gross_margin": 19.11,
            "gross_margin_4q_avg": 19.27,
            "net_income": 80621,
            "revenue": 1585134,
            "common_shares": 875069,
            "book_valuer_per_share": 32.79,
            "book_valuer_per_share_4q_avg": 30.1,
            "equity": 3788617,
            "current_ratio": 169.41,
            "debt_ratio": 52.62,
            "inventory_turnover_ratio": 0.88,
            "account_receivable_turnover_ratio": 0.8,
            "reinvestment_rate": -3.44,
            "research_to_sale_ratio": 4.35,
            "price_fair": 115.5,
            "eps_avg_yearly": 3.3,
            "eps_latest_yearly": 1.24,
            "eps_growth_yearly": 71.1
        }
    },
    "months": {
        "2002-01": {
            "month": "2002-01",
            "price": "34.32",
            "revenue": 142881
        },
        "2002-02": {
            "month": "2002-02",
            "price": "42.03",
            "revenue": 164608
        },
        "2002-03": {
            "month": "2002-03",
            "price": "42.56",
            "revenue": 186552
        },
        "2002-04": {
            "month": "2002-04",
            "price": "40.20",
            "revenue": 99525
        },
        "2002-05": {
            "month": "2002-05",
            "price": "30.92",
            "revenue": 88623
        },
        "2002-06": {
            "month": "2002-06",
            "price": "26.18",
            "revenue": 84905
        },
        "2002-07": {
            "month": "2002-07",
            "price": "20.81",
            "revenue": 65686
        },
        "2002-08": {
            "month": "2002-08",
            "price": "18.50",
            "revenue": 117744
        },
        "2002-09": {
            "month": "2002-09",
            "price": "17.22",
            "revenue": 103879
        },
        "2002-10": {
            "month": "2002-10",
            "price": "16.18",
            "revenue": 119138
        },
        "2002-11": {
            "month": "2002-11",
            "price": "15.43",
            "revenue": 115767
        },
        "2002-12": {
            "month": "2002-12",
            "price": "13.41",
            "revenue": 111933
        },
        "2003-01": {
            "month": "2003-01",
            "price": "12.69",
            "revenue": 98269
        },
        "2003-02": {
            "month": "2003-02",
            "price": "12.31",
            "revenue": 107015
        },
        "2003-03": {
            "month": "2003-03",
            "price": "11.37",
            "revenue": 98924
        },
        "2003-04": {
            "month": "2003-04",
            "price": "10.51",
            "revenue": 97898
        },
        "2003-05": {
            "month": "2003-05",
            "price": "10.11",
            "revenue": 103581
        },
        "2003-06": {
            "month": "2003-06",
            "price": "12.81",
            "revenue": 114566
        },
        "2003-07": {
            "month": "2003-07",
            "price": "13.54",
            "revenue": 90103
        },
        "2003-08": {
            "month": "2003-08",
            "price": "12.51",
            "revenue": 81648
        },
        "2003-09": {
            "month": "2003-09",
            "price": "11.22",
            "revenue": 103907
        },
        "2003-10": {
            "month": "2003-10",
            "price": "11.50",
            "revenue": 93183
        },
        "2003-11": {
            "month": "2003-11",
            "price": "11.42",
            "revenue": 101611
        },
        "2003-12": {
            "month": "2003-12",
            "price": "11.55",
            "revenue": 81381
        },
        "2004-01": {
            "month": "2004-01",
            "price": "11.26",
            "revenue": 58357
        },
        "2004-02": {
            "month": "2004-02",
            "price": "11.64",
            "revenue": 87115
        },
        "2004-03": {
            "month": "2004-03",
            "price": "12.09",
            "revenue": 120789
        },
        "2004-04": {
            "month": "2004-04",
            "price": "11.83",
            "revenue": 106770
        },
        "2004-05": {
            "month": "2004-05",
            "price": "10.62",
            "revenue": 104281
        },
        "2004-06": {
            "month": "2004-06",
            "price": "10.64",
            "revenue": 81685
        },
        "2004-07": {
            "month": "2004-07",
            "price": "9.54",
            "revenue": 84748
        },
        "2004-08": {
            "month": "2004-08",
            "price": "9.82",
            "revenue": 82874
        },
        "2004-09": {
            "month": "2004-09",
            "price": "10.07",
            "revenue": 95487
        },
        "2004-10": {
            "month": "2004-10",
            "price": "10.38",
            "revenue": 98078
        },
        "2004-11": {
            "month": "2004-11",
            "price": "10.48",
            "revenue": 96036
        },
        "2004-12": {
            "month": "2004-12",
            "price": "11.51",
            "revenue": 87335
        },
        "2005-01": {
            "month": "2005-01",
            "price": "11.08",
            "revenue": 84930
        },
        "2005-02": {
            "month": "2005-02",
            "price": "11.37",
            "revenue": 54724
        },
        "2005-03": {
            "month": "2005-03",
            "price": "11.55",
            "revenue": 87248
        },
        "2005-04": {
            "month": "2005-04",
            "price": "10.80",
            "revenue": 81157
        },
        "2005-05": {
            "month": "2005-05",
            "price": "10.48",
            "revenue": 86936
        },
        "2005-06": {
            "month": "2005-06",
            "price": "10.84",
            "revenue": 72463
        },
        "2005-07": {
            "month": "2005-07",
            "price": "10.79",
            "revenue": 93504
        },
        "2005-08": {
            "month": "2005-08",
            "price": "10.28",
            "revenue": 108030
        },
        "2005-09": {
            "month": "2005-09",
            "price": "10.17",
            "revenue": 117105
        },
        "2005-10": {
            "month": "2005-10",
            "price": "10.08",
            "revenue": 91258
        },
        "2005-11": {
            "month": "2005-11",
            "price": "10.74",
            "revenue": 93374
        },
        "2005-12": {
            "month": "2005-12",
            "price": "14.67",
            "revenue": 137071
        },
        "2006-01": {
            "month": "2006-01",
            "price": "25.24",
            "revenue": 51732
        },
        "2006-02": {
            "month": "2006-02",
            "price": "22.84",
            "revenue": 80731
        },
        "2006-03": {
            "month": "2006-03",
            "price": "25.90",
            "revenue": 114177
        },
        "2006-04": {
            "month": "2006-04",
            "price": "30.54",
            "revenue": 123060
        },
        "2006-05": {
            "month": "2006-05",
            "price": "28.93",
            "revenue": 115478
        },
        "2006-06": {
            "month": "2006-06",
            "price": "25.88",
            "revenue": 86736
        },
        "2006-07": {
            "month": "2006-07",
            "price": "24.37",
            "revenue": 82060
        },
        "2006-08": {
            "month": "2006-08",
            "price": "24.91",
            "revenue": 134305
        },
        "2006-09": {
            "month": "2006-09",
            "price": "28.92",
            "revenue": 144234
        },
        "2006-10": {
            "month": "2006-10",
            "price": "28.99",
            "revenue": 151937
        },
        "2006-11": {
            "month": "2006-11",
            "price": "27.81",
            "revenue": 167596
        },
        "2006-12": {
            "month": "2006-12",
            "price": "33.47",
            "revenue": 146927
        },
        "2007-01": {
            "month": "2007-01",
            "price": "37.65",
            "revenue": 181613
        },
        "2007-02": {
            "month": "2007-02",
            "price": "43.12",
            "revenue": 131411
        },
        "2007-03": {
            "month": "2007-03",
            "price": "57.79",
            "revenue": 223289
        },
        "2007-04": {
            "month": "2007-04",
            "price": "64.55",
            "revenue": 191183
        },
        "2007-05": {
            "month": "2007-05",
            "price": "66.68",
            "revenue": 201237
        },
        "2007-06": {
            "month": "2007-06",
            "price": "80.16",
            "revenue": 170159
        },
        "2007-07": {
            "month": "2007-07",
            "price": "107.40",
            "revenue": 183811
        },
        "2007-08": {
            "month": "2007-08",
            "price": "107.43",
            "revenue": 238853
        },
        "2007-09": {
            "month": "2007-09",
            "price": "94.50",
            "revenue": 224089
        },
        "2007-10": {
            "month": "2007-10",
            "price": "88.12",
            "revenue": 230192
        },
        "2007-11": {
            "month": "2007-11",
            "price": "56.29",
            "revenue": 200496
        },
        "2007-12": {
            "month": "2007-12",
            "price": "48.42",
            "revenue": 186714
        },
        "2008-01": {
            "month": "2008-01",
            "price": "43.62",
            "revenue": 210081
        },
        "2008-02": {
            "month": "2008-02",
            "price": "36.75",
            "revenue": 188387
        },
        "2008-03": {
            "month": "2008-03",
            "price": "42.80",
            "revenue": 231522
        },
        "2008-04": {
            "month": "2008-04",
            "price": "52.74",
            "revenue": 247140
        },
        "2008-05": {
            "month": "2008-05",
            "price": "47.80",
            "revenue": 220121
        },
        "2008-06": {
            "month": "2008-06",
            "price": "40.29",
            "revenue": 191899
        },
        "2008-07": {
            "month": "2008-07",
            "price": "30.66",
            "revenue": 185620
        },
        "2008-08": {
            "month": "2008-08",
            "price": "29.93",
            "revenue": 197033
        },
        "2008-09": {
            "month": "2008-09",
            "price": "25.45",
            "revenue": 194461
        },
        "2008-10": {
            "month": "2008-10",
            "price": "18.41",
            "revenue": 197012
        },
        "2008-11": {
            "month": "2008-11",
            "price": "14.25",
            "revenue": 187301
        },
        "2008-12": {
            "month": "2008-12",
            "price": "14.04",
            "revenue": 230642
        },
        "2009-01": {
            "month": "2009-01",
            "price": "16.00",
            "revenue": 142223
        },
        "2009-02": {
            "month": "2009-02",
            "price": "16.57",
            "revenue": 152998
        },
        "2009-03": {
            "month": "2009-03",
            "price": "18.95",
            "revenue": 180053
        },
        "2009-04": {
            "month": "2009-04",
            "price": "23.44",
            "revenue": 204742
        },
        "2009-05": {
            "month": "2009-05",
            "price": "32.75",
            "revenue": 173021
        },
        "2009-06": {
            "month": "2009-06",
            "price": "36.76",
            "revenue": 201093
        },
        "2009-07": {
            "month": "2009-07",
            "price": "44.91",
            "revenue": 243183
        },
        "2009-08": {
            "month": "2009-08",
            "price": "50.82",
            "revenue": 240056
        },
        "2009-09": {
            "month": "2009-09",
            "price": "76.85",
            "revenue": 261946
        },
        "2009-10": {
            "month": "2009-10",
            "price": "83.91",
            "revenue": 302637
        },
        "2009-11": {
            "month": "2009-11",
            "price": "86.92",
            "revenue": 459834
        },
        "2009-12": {
            "month": "2009-12",
            "price": "129.13",
            "revenue": 338373
        },
        "2010-01": {
            "month": "2010-01",
            "price": "110.25",
            "revenue": 312746
        },
        "2010-02": {
            "month": "2010-02",
            "price": "94.61",
            "revenue": 223128
        },
        "2010-03": {
            "month": "2010-03",
            "price": "100.86",
            "revenue": 334363
        },
        "2010-04": {
            "month": "2010-04",
            "price": "91.51",
            "revenue": 359341
        },
        "2010-05": {
            "month": "2010-05",
            "price": "79.69",
            "revenue": 319491
        },
        "2010-06": {
            "month": "2010-06",
            "price": "91.55",
            "revenue": 473210
        },
        "2010-07": {
            "month": "2010-07",
            "price": "78.52",
            "revenue": 324415
        },
        "2010-08": {
            "month": "2010-08",
            "price": "72.47",
            "revenue": 325450
        },
        "2010-09": {
            "month": "2010-09",
            "price": "76.25",
            "revenue": 261991
        },
        "2010-10": {
            "month": "2010-10",
            "price": "76.44",
            "revenue": 590172
        },
        "2010-11": {
            "month": "2010-11",
            "price": "80.76",
            "revenue": 911005
        },
        "2010-12": {
            "month": "2010-12",
            "price": "81.87",
            "revenue": 451355
        },
        "2011-01": {
            "month": "2011-01",
            "price": "69.46",
            "revenue": 256473
        },
        "2011-02": {
            "month": "2011-02",
            "price": "58.69",
            "revenue": 229322
        },
        "2011-03": {
            "month": "2011-03",
            "price": "49.06",
            "revenue": 414040
        },
        "2011-04": {
            "month": "2011-04",
            "price": "53.86",
            "revenue": 291686
        },
        "2011-05": {
            "month": "2011-05",
            "price": "54.35",
            "revenue": 286902
        },
        "2011-06": {
            "month": "2011-06",
            "price": "50.71",
            "revenue": 304638
        },
        "2011-07": {
            "month": "2011-07",
            "price": "43.97",
            "revenue": 283586
        },
        "2011-08": {
            "month": "2011-08",
            "price": "34.69",
            "revenue": 287249
        },
        "2011-09": {
            "month": "2011-09",
            "price": "31.09",
            "revenue": 289189
        },
        "2011-10": {
            "month": "2011-10",
            "price": "28.85",
            "revenue": 326741
        },
        "2011-11": {
            "month": "2011-11",
            "price": "29.90",
            "revenue": 542581
        },
        "2011-12": {
            "month": "2011-12",
            "price": "27.60",
            "revenue": 425678
        },
        "2012-01": {
            "month": "2012-01",
            "price": "26.96",
            "revenue": 207336
        },
        "2012-02": {
            "month": "2012-02",
            "price": "33.02",
            "revenue": 231317
        },
        "2012-03": {
            "month": "2012-03",
            "price": "32.15",
            "revenue": 262678
        },
        "2012-04": {
            "month": "2012-04",
            "price": "26.51",
            "revenue": 211747
        },
        "2012-05": {
            "month": "2012-05",
            "price": "24.41",
            "revenue": 259963
        },
        "2012-06": {
            "month": "2012-06",
            "price": "24.42",
            "revenue": 377863
        },
        "2012-07": {
            "month": "2012-07",
            "price": "27.88",
            "revenue": 361489
        },
        "2012-08": {
            "month": "2012-08",
            "price": "36.33",
            "revenue": 378376
        },
        "2012-09": {
            "month": "2012-09",
            "price": "40.68",
            "revenue": 763416
        },
        "2012-10": {
            "month": "2012-10",
            "price": "48.59",
            "revenue": 1007228
        },
        "2012-11": {
            "month": "2012-11",
            "price": "45.71",
            "revenue": 1161739
        },
        "2012-12": {
            "month": "2012-12",
            "price": "42.22",
            "revenue": 581298
        },
        "2013-01": {
            "month": "2013-01",
            "price": "41.72",
            "revenue": 431208
        },
        "2013-02": {
            "month": "2013-02",
            "price": "47.13",
            "revenue": 252766
        },
        "2013-03": {
            "month": "2013-03",
            "price": "57.63",
            "revenue": 531779
        },
        "2013-04": {
            "month": "2013-04",
            "price": "69.42",
            "revenue": 540947
        },
        "2013-05": {
            "month": "2013-05",
            "price": "72.08",
            "revenue": 620454
        },
        "2013-06": {
            "month": "2013-06",
            "price": "80.83",
            "revenue": 696274
        },
        "2013-07": {
            "month": "2013-07",
            "price": "82.27",
            "revenue": 530321
        },
        "2013-08": {
            "month": "2013-08",
            "price": "76.79",
            "revenue": 528710
        },
        "2013-09": {
            "month": "2013-09",
            "price": "78.60",
            "revenue": 601662
        },
        "2013-10": {
            "month": "2013-10",
            "price": "73.33",
            "revenue": 1033644
        },
        "2013-11": {
            "month": "2013-11",
            "price": "67.54",
            "revenue": 720775
        },
        "2013-12": {
            "month": "2013-12",
            "price": "65.27",
            "revenue": 665779
        },
        "2014-01": {
            "month": "2014-01",
            "price": "72.18",
            "revenue": 367684
        },
        "2014-02": {
            "month": "2014-02",
            "price": "71.36",
            "revenue": 339137
        },
        "2014-03": {
            "month": "2014-03",
            "price": "74.92",
            "revenue": 459663
        },
        "2014-04": {
            "month": "2014-04",
            "price": "80.04",
            "revenue": 459677
        },
        "2014-05": {
            "month": "2014-05",
            "price": "73.17",
            "revenue": 285399
        },
        "2014-06": {
            "month": "2014-06",
            "price": "68.46",
            "revenue": 360794
        },
        "2014-07": {
            "month": "2014-07",
            "price": "65.61",
            "revenue": 309519
        },
        "2014-08": {
            "month": "2014-08",
            "price": "49.53",
            "revenue": 303349
        },
        "2014-09": {
            "month": "2014-09",
            "price": "40.76",
            "revenue": 363697
        },
        "2014-10": {
            "month": "2014-10",
            "price": "35.21",
            "revenue": 540340
        },
        "2014-11": {
            "month": "2014-11",
            "price": "37.18",
            "revenue": 654377
        },
        "2014-12": {
            "month": "2014-12",
            "price": "44.26",
            "revenue": 790748
        },
        "2015-01": {
            "month": "2015-01",
            "price": "46.99",
            "revenue": 429897
        },
        "2015-02": {
            "month": "2015-02",
            "price": "44.02",
            "revenue": 275125
        },
        "2015-03": {
            "month": "2015-03",
            "price": "45.72",
            "revenue": 359205
        },
        "2015-04": {
            "month": "2015-04",
            "price": "55.16",
            "revenue": 435374
        },
        "2015-05": {
            "month": "2015-05",
            "price": "58.44",
            "revenue": 274557
        },
        "2015-06": {
            "month": "2015-06",
            "price": "60.72",
            "revenue": 215323
        },
        "2015-07": {
            "month": "2015-07",
            "price": "52.28",
            "revenue": 363337
        },
        "2015-08": {
            "month": "2015-08",
            "price": "47.65",
            "revenue": 300307
        },
        "2015-09": {
            "month": "2015-09",
            "price": "55.58",
            "revenue": 512692
        },
        "2015-10": {
            "month": "2015-10",
            "price": "68.16",
            "revenue": 635998
        },
        "2015-11": {
            "month": "2015-11",
            "price": "64.43",
            "revenue": 753428
        },
        "2015-12": {
            "month": "2015-12",
            "price": "57.07",
            "revenue": 510395
        },
        "2016-01": {
            "month": "2016-01",
            "price": "50.90",
            "revenue": 409289
        },
        "2016-02": {
            "month": "2016-02",
            "price": "62.13",
            "revenue": 226297
        },
        "2016-03": {
            "month": "2016-03",
            "price": "69.64",
            "revenue": 379676
        },
        "2016-04": {
            "month": "2016-04",
            "price": "59.03",
            "revenue": 419942
        },
        "2016-05": {
            "month": "2016-05",
            "price": "62.53",
            "revenue": 402333
        },
        "2016-06": {
            "month": "2016-06",
            "price": "68.98",
            "revenue": 423228
        },
        "2016-07": {
            "month": "2016-07",
            "price": "74.70",
            "revenue": 506511
        },
        "2016-08": {
            "month": "2016-08",
            "price": "74.63",
            "revenue": 600433
        },
        "2016-09": {
            "month": "2016-09",
            "price": "67.98",
            "revenue": 603339
        },
        "2016-10": {
            "month": "2016-10",
            "price": "62.17",
            "revenue": 662168
        },
        "2016-11": {
            "month": "2016-11",
            "price": "62.70",
            "revenue": 721551
        },
        "2016-12": {
            "month": "2016-12",
            "price": "66.39",
            "revenue": 482397
        },
        "2017-01": {
            "month": "2017-01",
            "price": "69.06",
            "revenue": 607333
        },
        "2017-02": {
            "month": "2017-02",
            "price": "63.34",
            "revenue": 545079
        },
        "2017-03": {
            "month": "2017-03",
            "price": "62.66",
            "revenue": 765554
        },
        "2017-04": {
            "month": "2017-04",
            "price": "68.32",
            "revenue": 524231
        },
        "2017-05": {
            "month": "2017-05",
            "price": "68.46",
            "revenue": 647815
        },
        "2017-06": {
            "month": "2017-06",
            "price": "66.60",
            "revenue": 719619
        },
        "2017-07": {
            "month": "2017-07",
            "price": "65.35",
            "revenue": 575141
        },
        "2017-08": {
            "month": "2017-08",
            "price": "61.87",
            "revenue": 540717
        },
        "2017-09": {
            "month": "2017-09",
            "price": "56.57",
            "revenue": 481857
        },
        "2017-10": {
            "month": "2017-10",
            "price": "55.36",
            "revenue": 617501
        },
        "2017-11": {
            "month": "2017-11",
            "price": "52.41",
            "revenue": 659547
        },
        "2017-12": {
            "month": "2017-12",
            "price": "52.95",
            "revenue": 403143
        },
        "2018-01": {
            "month": "2018-01",
            "price": "48.98",
            "revenue": 397378
        },
        "2018-02": {
            "month": "2018-02",
            "price": "41.22",
            "revenue": 369804
        },
        "2018-03": {
            "month": "2018-03",
            "price": "39.39",
            "revenue": 485405
        },
        "2018-04": {
            "month": "2018-04",
            "price": "35.32",
            "revenue": 442888
        },
        "2018-05": {
            "month": "2018-05",
            "price": "34.33",
            "revenue": 573615
        },
        "2018-06": {
            "month": "2018-06",
            "price": "37.76",
            "revenue": 496498
        },
        "2018-07": {
            "month": "2018-07",
            "price": "39.09",
            "revenue": 673623
        },
        "2018-08": {
            "month": "2018-08",
            "price": "41.95",
            "revenue": 464748
        },
        "2018-09": {
            "month": "2018-09",
            "price": "37.79",
            "revenue": 538186
        },
        "2018-10": {
            "month": "2018-10",
            "price": "33.49",
            "revenue": 738265
        },
        "2018-11": {
            "month": "2018-11",
            "price": "34.24",
            "revenue": 673943
        },
        "2018-12": {
            "month": "2018-12",
            "price": "36.33",
            "revenue": 407396
        },
        "2019-01": {
            "month": "2019-01",
            "price": "36.55",
            "revenue": 477171
        },
        "2019-02": {
            "month": "2019-02",
            "price": "39.10",
            "revenue": 289818
        },
        "2019-03": {
            "month": "2019-03",
            "price": "44.28",
            "revenue": 360074
        },
        "2019-04": {
            "month": "2019-04",
            "price": "44.98",
            "revenue": 435836
        },
        "2019-05": {
            "month": "2019-05",
            "price": "45.97",
            "revenue": 403311
        },
        "2019-06": {
            "month": "2019-06",
            "price": "46.33",
            "revenue": 458971
        },
        "2019-07": {
            "month": "2019-07",
            "price": "48.36",
            "revenue": 419651
        },
        "2019-08": {
            "month": "2019-08",
            "price": "42.85",
            "revenue": 558238
        },
        "2019-09": {
            "month": "2019-09",
            "price": "41.51",
            "revenue": 478943
        },
        "2019-10": {
            "month": "2019-10",
            "price": "41.18",
            "revenue": 705193
        },
        "2019-11": {
            "month": "2019-11",
            "price": "40.85",
            "revenue": 574675
        },
        "2019-12": {
            "month": "2019-12",
            "price": "39.96",
            "revenue": 469828
        },
        "2020-01": {
            "month": "2020-01",
            "price": "38.56",
            "revenue": 319402
        },
        "2020-02": {
            "month": "2020-02",
            "price": "35.37",
            "revenue": 350615
        },
        "2020-03": {
            "month": "2020-03",
            "price": "30.49",
            "revenue": 311560
        },
        "2020-04": {
            "month": "2020-04",
            "price": "32.32",
            "revenue": 468471
        },
        "2020-05": {
            "month": "2020-05",
            "price": "36.41",
            "revenue": 531307
        },
        "2020-06": {
            "month": "2020-06",
            "price": "39.43",
            "revenue": 436063
        },
        "2020-07": {
            "month": "2020-07",
            "price": "40.72",
            "revenue": 367764
        },
        "2020-08": {
            "month": "2020-08",
            "price": "38.23",
            "revenue": 471210
        },
        "2020-09": {
            "month": "2020-09",
            "price": "35.70",
            "revenue": 454671
        },
        "2020-10": {
            "month": "2020-10",
            "price": "34.88",
            "revenue": 467578
        },
        "2020-11": {
            "month": "2020-11",
            "price": "35.30",
            "revenue": 614926
        },
        "2020-12": {
            "month": "2020-12",
            "price": "38.37",
            "revenue": 565252
        },
        "2021-01": {
            "month": "2021-01",
            "price": "38.34",
            "revenue": 493506
        },
        "2021-02": {
            "month": "2021-02",
            "price": "40.73",
            "revenue": 403393
        },
        "2021-03": {
            "month": "2021-03",
            "price": "46.19",
            "revenue": 489313
        },
        "2021-04": {
            "month": "2021-04",
            "price": "50.70",
            "revenue": 449371
        },
        "2021-05": {
            "month": "2021-05",
            "price": "45.07",
            "revenue": 384609
        },
        "2021-06": {
            "month": "2021-06",
            "price": "44.39",
            "revenue": 439870
        },
        "2021-07": {
            "month": "2021-07",
            "price": "51.85",
            "revenue": 337679
        },
        "2021-08": {
            "month": "2021-08",
            "price": "50.96",
            "revenue": 359959
        },
        "2021-09": {
            "month": "2021-09",
            "price": "53.18",
            "revenue": 440056
        },
        "2021-10": {
            "month": "2021-10",
            "price": "52.76",
            "revenue": 484805
        },
        "2021-11": {
            "month": "2021-11",
            "price": "56.47",
            "revenue": 642552
        },
        "2021-12": {
            "month": "2021-12",
            "price": "57.70",
            "revenue": 629624
        },
        "2022-01": {
            "month": "2022-01",
            "price": "56.16",
            "revenue": 461505
        },
        "2022-02": {
            "month": "2022-02",
            "price": "53.19",
            "revenue": 351039
        },
        "2022-03": {
            "month": "2022-03",
            "price": "49.21",
            "revenue": 412425
        },
        "2022-04": {
            "month": "2022-04",
            "price": "49.58",
            "revenue": 356972
        },
        "2022-05": {
            "month": "2022-05",
            "price": "49.43",
            "revenue": 393934
        },
        "2022-06": {
            "month": "2022-06",
            "price": "53.86",
            "revenue": 464527
        },
        "2022-07": {
            "month": "2022-07",
            "price": "49.15",
            "revenue": 430657
        },
        "2022-08": {
            "month": "2022-08",
            "price": "54.90",
            "revenue": 558538
        },
        "2022-09": {
            "month": "2022-09",
            "price": "61.41",
            "revenue": 598380
        },
        "2022-10": {
            "month": "2022-10",
            "price": "58.68",
            "revenue": 698751
        },
        "2022-11": {
            "month": "2022-11",
            "price": "66.02",
            "revenue": 871849
        },
        "2022-12": {
            "month": "2022-12",
            "price": "69.28",
            "revenue": 670987
        },
        "2023-01": {
            "month": "2023-01",
            "price": "72.26",
            "revenue": 511007
        },
        "2023-02": {
            "month": "2023-02",
            "price": "81.49",
            "revenue": 565743
        },
        "2023-03": {
            "month": "2023-03",
            "price": "91.17",
            "revenue": 508384
        },
        "2023-04": {
            "month": "2023-04",
            "price": "97.55",
            "revenue": 528044
        },
        "2023-05": {
            "month": "2023-05",
            "price": "88.67",
            "revenue": 568485
        }
    }
}
