{
    "summary": {
        "stock_name": "得利影",
        "stock_id": "6144",
        "category": "文化創意",
        "main_business": "影音光碟產品及錄影帶",
        "website_url": "http://www.deltamac.com.tw",
        "ceo": "楊愛麗",
        "pe_ratio": -28,
        "report_year_from": 2001,
        "report_year_to": 2023,
        "age": 23,
        "eps_negative_percentage": 74,
        "eps_growth_avg": {
            "last_all": -97.19,
            "last_2y": -100,
            "last_4y": -100,
            "last_8y": -100,
            "last_12y": -100,
            "last_16y": -100,
            "last_20y": -100,
            "at_2006_last_3y": -100,
            "at_2007_last_3y": null,
            "at_2008_last_3y": -100,
            "at_2009_last_3y": -100,
            "at_2010_last_3y": -100,
            "at_2011_last_3y": -100,
            "at_2012_last_3y": null,
            "at_2013_last_3y": null,
            "at_2014_last_3y": null,
            "at_2015_last_3y": -100,
            "at_2016_last_3y": -100,
            "at_2017_last_3y": -100,
            "at_2018_last_3y": -100,
            "at_2019_last_3y": -100,
            "at_2020_last_3y": -100,
            "at_2021_last_3y": -100,
            "at_2022_last_3y": -100,
            "at_2023_last_3y": -100,
            "at_2024_last_3y": -100,
            "at_2006_last_all": -91.56,
            "at_2007_last_all": -91.56,
            "at_2008_last_all": -94.37,
            "at_2009_last_all": -94.37,
            "at_2010_last_all": -94.37,
            "at_2011_last_all": -94.37,
            "at_2012_last_all": -94.37,
            "at_2013_last_all": -94.37,
            "at_2014_last_all": -94.37,
            "at_2015_last_all": -95.78,
            "at_2016_last_all": -95.78,
            "at_2017_last_all": -95.78,
            "at_2018_last_all": -96.62,
            "at_2019_last_all": -96.62,
            "at_2020_last_all": -96.62,
            "at_2021_last_all": -97.19,
            "at_2022_last_all": -97.19,
            "at_2023_last_all": -97.19,
            "at_2024_last_all": -97.19
        },
        "latest_eps": -0.51,
        "latest_price": 14.3,
        "latest_roe": -5.65,
        "latest_gross_margin": 38.69,
        "latest_equity": 339339,
        "latest_revenue": 50059,
        "latest_gross_profit": 19369,
        "latest_net_income": -3819,
        "latest_debt_ratio": 13.33,
        "latest_current_ratio": 689,
        "latest_account_receivable_turnover_ratio": 2.64,
        "latest_inventory_turnover_ratio": 0.74,
        "latest_reinvestment_rate": null,
        "latest_research_to_sale_ratio": null
    },
    "eps_dividends": {
        "1999": {
            "cash": 0,
            "stock": 3,
            "eps": 0
        },
        "2000": {
            "cash": 0,
            "stock": 2,
            "eps": 0
        },
        "2001": {
            "cash": 0,
            "stock": 1.5,
            "eps": 1.54
        },
        "2002": {
            "cash": 0.2,
            "stock": 1.5,
            "eps": 0.26
        },
        "2003": {
            "cash": 0,
            "stock": 0,
            "eps": -1.27
        },
        "2004": {
            "cash": 0,
            "stock": 0,
            "eps": -2.22
        },
        "2005": {
            "cash": 0,
            "stock": 0,
            "eps": -0.63
        },
        "2006": {
            "cash": 0,
            "stock": 0,
            "eps": -2.44
        },
        "2007": {
            "cash": 0,
            "stock": 0,
            "eps": 0.22
        },
        "2008": {
            "cash": 0,
            "stock": 0,
            "eps": -0.66
        },
        "2009": {
            "cash": 0,
            "stock": 0,
            "eps": -3.33
        },
        "2010": {
            "cash": 0,
            "stock": 0,
            "eps": -0.67
        },
        "2011": {
            "cash": 0,
            "stock": 0,
            "eps": -0.16
        },
        "2012": {
            "cash": 0,
            "stock": 0,
            "eps": -0.4
        },
        "2013": {
            "cash": 0,
            "stock": 0,
            "eps": -0.35
        },
        "2014": {
            "cash": 0,
            "stock": 0,
            "eps": 0
        },
        "2015": {
            "cash": 0,
            "stock": 0,
            "eps": -0.02
        },
        "2016": {
            "cash": 0,
            "stock": 0,
            "eps": -0.54
        },
        "2017": {
            "cash": 0,
            "stock": 0,
            "eps": 0.05
        },
        "2018": {
            "cash": 0,
            "stock": 0,
            "eps": -0.37
        },
        "2019": {
            "cash": 0,
            "stock": 0,
            "eps": -1.03
        },
        "2020": {
            "cash": 0,
            "stock": 0,
            "eps": 0.06
        },
        "2021": {
            "cash": 0,
            "stock": 0,
            "eps": -0.8
        },
        "2022": {
            "cash": 0,
            "stock": 0,
            "eps": -0.2
        },
        "2023": {
            "cash": 0,
            "stock": 0,
            "eps": -0.37
        }
    },
    "dividends": {
        "1999-05-08": {
            "cash": 0,
            "stock": 3
        },
        "2000-06-21": {
            "cash": 0,
            "stock": 2
        },
        "2001-05-11": {
            "cash": 0,
            "stock": 1.5
        },
        "2002-05-08": {
            "cash": 0.2,
            "stock": 1.5
        }
    },
    "prices": {
        "200101": "無",
        "200102": "無",
        "200103": "無",
        "200104": "無",
        "200105": "無",
        "200106": "無",
        "200107": "無",
        "200108": "無",
        "200109": "無",
        "200110": "無",
        "200111": "無",
        "200112": "無",
        "200201": "23.56",
        "200202": "23.25",
        "200203": "23.80",
        "200204": "23.93",
        "200205": "22.92",
        "200206": "21.73",
        "200207": "18.76",
        "200208": "17.03",
        "200209": "15.68",
        "200210": "14.34",
        "200211": "13.71",
        "200212": "13.16",
        "200301": "13.02",
        "200302": "12.55",
        "200303": "11.79",
        "200304": "11.18",
        "200305": "10.44",
        "200306": "12.58",
        "200307": "11.68",
        "200308": "10.61",
        "200309": "10.40",
        "200310": "10.11",
        "200311": "9.94",
        "200312": "9.81",
        "200401": "9.91",
        "200402": "10.62",
        "200403": "11.27",
        "200404": "12.39",
        "200405": "12.75",
        "200406": "12.74",
        "200407": "10.43",
        "200408": "10.14",
        "200409": "9.69",
        "200410": "9.92",
        "200411": "8.86",
        "200412": "8.69",
        "200501": "8.42",
        "200502": "9.15",
        "200503": "9.20",
        "200504": "9.09",
        "200505": "9.08",
        "200506": "9.49",
        "200507": "9.28",
        "200508": "9.30",
        "200509": "9.27",
        "200510": "9.12",
        "200511": "8.32",
        "200512": "9.21",
        "200601": "9.05",
        "200602": "9.56",
        "200603": "8.55",
        "200604": "9.42",
        "200605": "8.91",
        "200606": "8.20",
        "200607": "8.28",
        "200608": "7.89",
        "200609": "8.17",
        "200610": "9.77",
        "200611": "10.37",
        "200612": "11.18",
        "200701": "11.53",
        "200702": "10.65",
        "200703": "10.82",
        "200704": "11.77",
        "200705": "11.75",
        "200706": "11.85",
        "200707": "13.05",
        "200708": "12.08",
        "200709": "12.37",
        "200710": "11.82",
        "200711": "11.95",
        "200712": "12.25",
        "200801": "13.25",
        "200802": "12.55",
        "200803": "12.00",
        "200804": "11.87",
        "200805": "11.73",
        "200806": "11.39",
        "200807": "10.71",
        "200808": "9.75",
        "200809": "7.15",
        "200810": "5.61",
        "200811": "4.72",
        "200812": "4.91",
        "200901": "5.41",
        "200902": "5.65",
        "200903": "6.52",
        "200904": "6.61",
        "200905": "9.60",
        "200906": "10.89",
        "200907": "7.94",
        "200908": "8.33",
        "200909": "8.29",
        "200910": "8.25",
        "200911": "7.95",
        "200912": "7.34",
        "201001": "7.27",
        "201002": "6.90",
        "201003": "7.22",
        "201004": "15.05",
        "201005": "14.00",
        "201006": "13.69",
        "201007": "13.59",
        "201008": "13.86",
        "201009": "12.92",
        "201010": "10.63",
        "201011": "10.25",
        "201012": "10.27",
        "201101": "10.72",
        "201102": "12.07",
        "201103": "12.49",
        "201104": "12.24",
        "201105": "11.44",
        "201106": "11.48",
        "201107": "11.37",
        "201108": "10.23",
        "201109": "9.40",
        "201110": "10.06",
        "201111": "10.35",
        "201112": "9.67",
        "201201": "9.28",
        "201202": "9.27",
        "201203": "10.08",
        "201204": "10.38",
        "201205": "10.15",
        "201206": "10.57",
        "201207": "10.87",
        "201208": "10.59",
        "201209": "10.46",
        "201210": "11.48",
        "201211": "10.97",
        "201212": "10.24",
        "201301": "10.23",
        "201302": "9.98",
        "201303": "9.99",
        "201304": "10.01",
        "201305": "10.09",
        "201306": "10.16",
        "201307": "10.07",
        "201308": "10.15",
        "201309": "10.00",
        "201310": "10.02",
        "201311": "11.16",
        "201312": "11.91",
        "201401": "12.62",
        "201402": "12.53",
        "201403": "12.28",
        "201404": "11.62",
        "201405": "11.80",
        "201406": "11.18",
        "201407": "12.13",
        "201408": "11.97",
        "201409": "11.58",
        "201410": "11.17",
        "201411": "11.21",
        "201412": "11.02",
        "201501": "10.94",
        "201502": "10.95",
        "201503": "10.86",
        "201504": "10.52",
        "201505": "10.57",
        "201506": "10.79",
        "201507": "10.56",
        "201508": "10.39",
        "201509": "10.04",
        "201510": "9.85",
        "201511": "9.32",
        "201512": "9.07",
        "201601": "8.79",
        "201602": "8.90",
        "201603": "8.74",
        "201604": "8.54",
        "201605": "8.43",
        "201606": "8.41",
        "201607": "8.28",
        "201608": "8.55",
        "201609": "9.23",
        "201610": "9.29",
        "201611": "8.65",
        "201612": "9.59",
        "201701": "9.83",
        "201702": "10.87",
        "201703": "11.53",
        "201704": "9.76",
        "201705": "10.66",
        "201706": "10.33",
        "201707": "10.04",
        "201708": "10.03",
        "201709": "9.62",
        "201710": "9.70",
        "201711": "9.78",
        "201712": "10.04",
        "201801": "9.72",
        "201802": "9.46",
        "201803": "9.60",
        "201804": "9.55",
        "201805": "10.23",
        "201806": "10.82",
        "201807": "10.10",
        "201808": "9.56",
        "201809": "10.57",
        "201810": "9.32",
        "201811": "8.18",
        "201812": "8.10",
        "201901": "9.50",
        "201902": "10.70",
        "201903": "9.98",
        "201904": "9.62",
        "201905": "9.09",
        "201906": "9.21",
        "201907": "8.57",
        "201908": "8.27",
        "201909": "8.33",
        "201910": "8.08",
        "201911": "8.00",
        "201912": "7.78",
        "202001": "7.16",
        "202002": "7.47",
        "202003": "6.65",
        "202004": "6.76",
        "202005": "6.64",
        "202006": "6.24",
        "202007": "5.91",
        "202008": "5.73",
        "202009": "9.57",
        "202010": "13.56",
        "202011": "13.36",
        "202012": "12.63",
        "202101": "14.25",
        "202102": "14.01",
        "202103": "15.55",
        "202104": "17.48",
        "202105": "15.78",
        "202106": "16.28",
        "202107": "16.51",
        "202108": "15.26",
        "202109": "15.91",
        "202110": "14.71",
        "202111": "14.24",
        "202112": "14.80",
        "202201": "16.44",
        "202202": "14.32",
        "202203": "14.84",
        "202204": "15.78",
        "202205": "15.31",
        "202206": "14.78",
        "202207": "14.56",
        "202208": "14.26",
        "202209": "14.29",
        "202210": "14.24",
        "202211": "14.69",
        "202212": "14.98",
        "202301": "14.48",
        "202302": "14.18",
        "202303": "14.25",
        "202304": "14.29",
        "202305": "14.92",
        "202306": "14.92",
        "202307": "14.84",
        "202308": "13.91",
        "202309": "13.66",
        "202310": "13.11",
        "202311": "12.94",
        "202312": "13.39"
    },
    "quarters": {
        "20011": {
            "year_quarter": 20011,
            "year": 2001,
            "quarter": 1,
            "eps": 0.73,
            "eps_growth_year": null,
            "eps_4q": null,
            "eps_4q_growth_year": null,
            "roe": 4.54,
            "roe_4q": 4.54,
            "gross_profit": 68410,
            "gross_margin": 28.44,
            "gross_margin_4q_avg": 28.44,
            "net_income": 36090,
            "net_income_4q": null,
            "revenue": 240552,
            "revenue_4q": null,
            "common_shares": 469661,
            "book_valuer_per_share": 17.25,
            "book_valuer_per_share_4q_avg": 17.25,
            "equity": 810129,
            "current_ratio": 126.63,
            "debt_ratio": 47.12,
            "inventory_turnover_ratio": 0.76,
            "account_receivable_turnover_ratio": null,
            "reinvestment_rate": null,
            "research_to_sale_ratio": null,
            "price_fair": 0,
            "eps_avg_yearly": 0,
            "eps_latest_yearly": 0,
            "eps_growth_yearly": 0
        },
        "20012": {
            "year_quarter": 20012,
            "year": 2001,
            "quarter": 2,
            "eps": 0.39,
            "eps_growth_year": null,
            "eps_4q": null,
            "eps_4q_growth_year": null,
            "roe": 2.53,
            "roe_4q": 7.07,
            "gross_profit": 86666,
            "gross_margin": 34.87,
            "gross_margin_4q_avg": 31.66,
            "net_income": 20864,
            "net_income_4q": null,
            "revenue": 248529,
            "revenue_4q": null,
            "common_shares": 469661,
            "book_valuer_per_share": 17.81,
            "book_valuer_per_share_4q_avg": 17.53,
            "equity": 836412,
            "current_ratio": 132.02,
            "debt_ratio": 46.79,
            "inventory_turnover_ratio": 0.85,
            "account_receivable_turnover_ratio": null,
            "reinvestment_rate": null,
            "research_to_sale_ratio": null,
            "price_fair": 0,
            "eps_avg_yearly": 0,
            "eps_latest_yearly": 0,
            "eps_growth_yearly": 0
        },
        "20013": {
            "year_quarter": 20013,
            "year": 2001,
            "quarter": 3,
            "eps": 0.01,
            "eps_growth_year": null,
            "eps_4q": null,
            "eps_4q_growth_year": null,
            "roe": 0.06,
            "roe_4q": 7.13,
            "gross_profit": 45290,
            "gross_margin": 31.87,
            "gross_margin_4q_avg": 31.73,
            "net_income": 489,
            "net_income_4q": null,
            "revenue": 142104,
            "revenue_4q": null,
            "common_shares": 541015,
            "book_valuer_per_share": 15.48,
            "book_valuer_per_share_4q_avg": 16.85,
            "equity": 837402,
            "current_ratio": 117.2,
            "debt_ratio": 48.21,
            "inventory_turnover_ratio": 0.47,
            "account_receivable_turnover_ratio": null,
            "reinvestment_rate": null,
            "research_to_sale_ratio": null,
            "price_fair": 0,
            "eps_avg_yearly": 0,
            "eps_latest_yearly": 0,
            "eps_growth_yearly": 0
        },
        "20014": {
            "year_quarter": 20014,
            "year": 2001,
            "quarter": 4,
            "eps": 0.41,
            "eps_growth_year": null,
            "eps_4q": 1.47,
            "eps_4q_growth_year": null,
            "roe": 2.59,
            "roe_4q": 9.719999999999999,
            "gross_profit": 69932,
            "gross_margin": 30.81,
            "gross_margin_4q_avg": 31.5,
            "net_income": 22130,
            "net_income_4q": null,
            "revenue": 226950,
            "revenue_4q": null,
            "common_shares": 541015,
            "book_valuer_per_share": 15.93,
            "book_valuer_per_share_4q_avg": 16.62,
            "equity": 870035,
            "current_ratio": 127.14,
            "debt_ratio": 50.26,
            "inventory_turnover_ratio": 0.57,
            "account_receivable_turnover_ratio": null,
            "reinvestment_rate": null,
            "research_to_sale_ratio": null,
            "price_fair": 0,
            "eps_avg_yearly": 0,
            "eps_latest_yearly": 0,
            "eps_growth_yearly": 0
        },
        "20021": {
            "year_quarter": 20021,
            "year": 2002,
            "quarter": 1,
            "eps": -0.18,
            "eps_growth_year": -124.66,
            "eps_4q": 0.64,
            "eps_4q_growth_year": null,
            "roe": -1.12,
            "roe_4q": 4.06,
            "gross_profit": 43966,
            "gross_margin": 25.14,
            "gross_margin_4q_avg": 30.67,
            "net_income": -9603,
            "net_income_4q": null,
            "revenue": 174855,
            "revenue_4q": null,
            "common_shares": 541015,
            "book_valuer_per_share": 15.75,
            "book_valuer_per_share_4q_avg": 16.24,
            "equity": 852221,
            "current_ratio": 118.61,
            "debt_ratio": 52.08,
            "inventory_turnover_ratio": 0.42,
            "account_receivable_turnover_ratio": null,
            "reinvestment_rate": null,
            "research_to_sale_ratio": null,
            "price_fair": 0,
            "eps_avg_yearly": 0,
            "eps_latest_yearly": 0,
            "eps_growth_yearly": 0
        },
        "20022": {
            "year_quarter": 20022,
            "year": 2002,
            "quarter": 2,
            "eps": 0.03,
            "eps_growth_year": -92.31,
            "eps_4q": 0.25,
            "eps_4q_growth_year": null,
            "roe": 0.21,
            "roe_4q": 1.7399999999999998,
            "gross_profit": 61779,
            "gross_margin": 28.76,
            "gross_margin_4q_avg": 29.15,
            "net_income": 1766,
            "net_income_4q": null,
            "revenue": 214809,
            "revenue_4q": null,
            "common_shares": 541015,
            "book_valuer_per_share": 15.45,
            "book_valuer_per_share_4q_avg": 15.65,
            "equity": 835906,
            "current_ratio": 118.35,
            "debt_ratio": 55.75,
            "inventory_turnover_ratio": 0.47,
            "account_receivable_turnover_ratio": null,
            "reinvestment_rate": null,
            "research_to_sale_ratio": null,
            "price_fair": 0,
            "eps_avg_yearly": 0,
            "eps_latest_yearly": 0,
            "eps_growth_yearly": 0
        },
        "20023": {
            "year_quarter": 20023,
            "year": 2002,
            "quarter": 3,
            "eps": 0.33,
            "eps_growth_year": 3200,
            "eps_4q": 0.56,
            "eps_4q_growth_year": null,
            "roe": 2.45,
            "roe_4q": 4.13,
            "gross_profit": 92949,
            "gross_margin": 28.9,
            "gross_margin_4q_avg": 28.4,
            "net_income": 20755,
            "net_income_4q": null,
            "revenue": 321571,
            "revenue_4q": null,
            "common_shares": 624315,
            "book_valuer_per_share": 13.8,
            "book_valuer_per_share_4q_avg": 15.23,
            "equity": 861545,
            "current_ratio": 117.37,
            "debt_ratio": 56.08,
            "inventory_turnover_ratio": 0.6,
            "account_receivable_turnover_ratio": null,
            "reinvestment_rate": null,
            "research_to_sale_ratio": null,
            "price_fair": 46.2,
            "eps_avg_yearly": 1.32,
            "eps_latest_yearly": 1.32,
            "eps_growth_yearly": 4000
        },
        "20024": {
            "year_quarter": 20024,
            "year": 2002,
            "quarter": 4,
            "eps": 0.08,
            "eps_growth_year": -80.49,
            "eps_4q": 0.29,
            "eps_4q_growth_year": -80.21,
            "roe": 0.56,
            "roe_4q": 2.1,
            "gross_profit": 104779,
            "gross_margin": 28.51,
            "gross_margin_4q_avg": 27.83,
            "net_income": 4879,
            "net_income_4q": null,
            "revenue": 367578,
            "revenue_4q": null,
            "common_shares": 624315,
            "book_valuer_per_share": 13.87,
            "book_valuer_per_share_4q_avg": 14.72,
            "equity": 880088,
            "current_ratio": 124.06,
            "debt_ratio": 59.8,
            "inventory_turnover_ratio": 0.57,
            "account_receivable_turnover_ratio": null,
            "reinvestment_rate": null,
            "research_to_sale_ratio": null,
            "price_fair": 28.7,
            "eps_avg_yearly": 0.82,
            "eps_latest_yearly": 0.32,
            "eps_growth_yearly": 1848.48
        },
        "20031": {
            "year_quarter": 20031,
            "year": 2003,
            "quarter": 1,
            "eps": -0.02,
            "eps_growth_year": null,
            "eps_4q": 0.5,
            "eps_4q_growth_year": -21.89,
            "roe": -0.12,
            "roe_4q": 3.1,
            "gross_profit": 66078,
            "gross_margin": 22.93,
            "gross_margin_4q_avg": 27.28,
            "net_income": -1062,
            "net_income_4q": null,
            "revenue": 288127,
            "revenue_4q": null,
            "common_shares": 624315,
            "book_valuer_per_share": 13.85,
            "book_valuer_per_share_4q_avg": 14.24,
            "equity": 864759,
            "current_ratio": 119.04,
            "debt_ratio": 55.26,
            "inventory_turnover_ratio": 0.46,
            "account_receivable_turnover_ratio": null,
            "reinvestment_rate": null,
            "research_to_sale_ratio": null,
            "price_fair": 28.7,
            "eps_avg_yearly": 0.82,
            "eps_latest_yearly": 0.32,
            "eps_growth_yearly": 1848.48
        },
        "20032": {
            "year_quarter": 20032,
            "year": 2003,
            "quarter": 2,
            "eps": -0.18,
            "eps_growth_year": -700,
            "eps_4q": 0.22,
            "eps_4q_growth_year": -14.18,
            "roe": -1.29,
            "roe_4q": 1.6,
            "gross_profit": 86734,
            "gross_margin": 35.21,
            "gross_margin_4q_avg": 28.89,
            "net_income": -11118,
            "net_income_4q": null,
            "revenue": 246351,
            "revenue_4q": null,
            "common_shares": 624315,
            "book_valuer_per_share": 13.67,
            "book_valuer_per_share_4q_avg": 13.8,
            "equity": 853168,
            "current_ratio": 112.03,
            "debt_ratio": 58.44,
            "inventory_turnover_ratio": 0.36,
            "account_receivable_turnover_ratio": null,
            "reinvestment_rate": null,
            "research_to_sale_ratio": null,
            "price_fair": 28.7,
            "eps_avg_yearly": 0.82,
            "eps_latest_yearly": 0.32,
            "eps_growth_yearly": 1848.48
        },
        "20033": {
            "year_quarter": 20033,
            "year": 2003,
            "quarter": 3,
            "eps": 0.01,
            "eps_growth_year": -96.97,
            "eps_4q": -0.11,
            "eps_4q_growth_year": -119.76,
            "roe": 0.05,
            "roe_4q": -0.7999999999999998,
            "gross_profit": 57834,
            "gross_margin": 19.76,
            "gross_margin_4q_avg": 26.6,
            "net_income": 428,
            "net_income_4q": null,
            "revenue": 292648,
            "revenue_4q": null,
            "common_shares": 624315,
            "book_valuer_per_share": 13.63,
            "book_valuer_per_share_4q_avg": 13.76,
            "equity": 850656,
            "current_ratio": 117.76,
            "debt_ratio": 58.47,
            "inventory_turnover_ratio": 0.53,
            "account_receivable_turnover_ratio": null,
            "reinvestment_rate": null,
            "research_to_sale_ratio": null,
            "price_fair": 28.7,
            "eps_avg_yearly": 0.82,
            "eps_latest_yearly": 0.32,
            "eps_growth_yearly": 1848.48
        },
        "20034": {
            "year_quarter": 20034,
            "year": 2003,
            "quarter": 4,
            "eps": -1.08,
            "eps_growth_year": -1450,
            "eps_4q": -1.29,
            "eps_4q_growth_year": -541.21,
            "roe": -8.21,
            "roe_4q": -9.569999999999999,
            "gross_profit": 15737,
            "gross_margin": 5.42,
            "gross_margin_4q_avg": 20.83,
            "net_income": -67518,
            "net_income_4q": null,
            "revenue": 290439,
            "revenue_4q": null,
            "common_shares": 624315,
            "book_valuer_per_share": 12.56,
            "book_valuer_per_share_4q_avg": 13.43,
            "equity": 793964,
            "current_ratio": 130,
            "debt_ratio": 62.63,
            "inventory_turnover_ratio": 0.58,
            "account_receivable_turnover_ratio": null,
            "reinvestment_rate": null,
            "research_to_sale_ratio": null,
            "price_fair": 28.7,
            "eps_avg_yearly": 0.82,
            "eps_latest_yearly": 0.32,
            "eps_growth_yearly": 1848.48
        },
        "20041": {
            "year_quarter": 20041,
            "year": 2004,
            "quarter": 1,
            "eps": 0.03,
            "eps_growth_year": null,
            "eps_4q": -1.16,
            "eps_4q_growth_year": -333.7,
            "roe": 0.25,
            "roe_4q": -9.200000000000001,
            "gross_profit": 66730,
            "gross_margin": 22.1,
            "gross_margin_4q_avg": 20.62,
            "net_income": 1973,
            "net_income_4q": null,
            "revenue": 301897,
            "revenue_4q": null,
            "common_shares": 624315,
            "book_valuer_per_share": 12.46,
            "book_valuer_per_share_4q_avg": 13.08,
            "equity": 777777,
            "current_ratio": 118.88,
            "debt_ratio": 59.59,
            "inventory_turnover_ratio": 0.51,
            "account_receivable_turnover_ratio": null,
            "reinvestment_rate": null,
            "research_to_sale_ratio": null,
            "price_fair": 28.7,
            "eps_avg_yearly": 0.82,
            "eps_latest_yearly": 0.32,
            "eps_growth_yearly": 1848.48
        },
        "20042": {
            "year_quarter": 20042,
            "year": 2004,
            "quarter": 2,
            "eps": -0.33,
            "eps_growth_year": null,
            "eps_4q": -1.37,
            "eps_4q_growth_year": -737.76,
            "roe": -2.69,
            "roe_4q": -10.6,
            "gross_profit": 78579,
            "gross_margin": 19.94,
            "gross_margin_4q_avg": 16.81,
            "net_income": -20687,
            "net_income_4q": null,
            "revenue": 394130,
            "revenue_4q": null,
            "common_shares": 624315,
            "book_valuer_per_share": 12.21,
            "book_valuer_per_share_4q_avg": 12.72,
            "equity": 762308,
            "current_ratio": 112.04,
            "debt_ratio": 60.71,
            "inventory_turnover_ratio": 0.73,
            "account_receivable_turnover_ratio": null,
            "reinvestment_rate": null,
            "research_to_sale_ratio": null,
            "price_fair": 28.7,
            "eps_avg_yearly": 0.82,
            "eps_latest_yearly": 0.32,
            "eps_growth_yearly": 1848.48
        },
        "20043": {
            "year_quarter": 20043,
            "year": 2004,
            "quarter": 3,
            "eps": -0.24,
            "eps_growth_year": -2500,
            "eps_4q": -1.62,
            "eps_4q_growth_year": null,
            "roe": -1.94,
            "roe_4q": -12.59,
            "gross_profit": 55366,
            "gross_margin": 22.64,
            "gross_margin_4q_avg": 17.53,
            "net_income": -14677,
            "net_income_4q": null,
            "revenue": 244514,
            "revenue_4q": null,
            "common_shares": 624315,
            "book_valuer_per_share": 11.99,
            "book_valuer_per_share_4q_avg": 12.31,
            "equity": 748704,
            "current_ratio": 112.65,
            "debt_ratio": 61.21,
            "inventory_turnover_ratio": 0.39,
            "account_receivable_turnover_ratio": null,
            "reinvestment_rate": null,
            "research_to_sale_ratio": null,
            "price_fair": 28.7,
            "eps_avg_yearly": 0.82,
            "eps_latest_yearly": 0.32,
            "eps_growth_yearly": 1848.48
        },
        "20044": {
            "year_quarter": 20044,
            "year": 2004,
            "quarter": 4,
            "eps": -1.68,
            "eps_growth_year": null,
            "eps_4q": -2.24,
            "eps_4q_growth_year": null,
            "roe": -15.08,
            "roe_4q": -19.46,
            "gross_profit": 76233,
            "gross_margin": 19.09,
            "gross_margin_4q_avg": 20.94,
            "net_income": -104784,
            "net_income_4q": null,
            "revenue": 399285,
            "revenue_4q": null,
            "common_shares": 624315,
            "book_valuer_per_share": 10.1,
            "book_valuer_per_share_4q_avg": 11.69,
            "equity": 641411,
            "current_ratio": 145.88,
            "debt_ratio": 67.74,
            "inventory_turnover_ratio": 0.58,
            "account_receivable_turnover_ratio": null,
            "reinvestment_rate": null,
            "research_to_sale_ratio": null,
            "price_fair": 28.7,
            "eps_avg_yearly": 0.82,
            "eps_latest_yearly": 0.32,
            "eps_growth_yearly": 1848.48
        },
        "20051": {
            "year_quarter": 20051,
            "year": 2005,
            "quarter": 1,
            "eps": 0.16,
            "eps_growth_year": 433.33,
            "eps_4q": -2.05,
            "eps_4q_growth_year": null,
            "roe": 1.59,
            "roe_4q": -18.12,
            "gross_profit": 84538,
            "gross_margin": 36.04,
            "gross_margin_4q_avg": 24.43,
            "net_income": 10136,
            "net_income_4q": null,
            "revenue": 234560,
            "revenue_4q": null,
            "common_shares": 624315,
            "book_valuer_per_share": 10.21,
            "book_valuer_per_share_4q_avg": 11.13,
            "equity": 637220,
            "current_ratio": 141.79,
            "debt_ratio": 62.02,
            "inventory_turnover_ratio": 0.28,
            "account_receivable_turnover_ratio": null,
            "reinvestment_rate": null,
            "research_to_sale_ratio": null,
            "price_fair": 28.7,
            "eps_avg_yearly": 0.82,
            "eps_latest_yearly": 0.32,
            "eps_growth_yearly": 1848.48
        },
        "20052": {
            "year_quarter": 20052,
            "year": 2005,
            "quarter": 2,
            "eps": 0.05,
            "eps_growth_year": null,
            "eps_4q": -1.79,
            "eps_4q_growth_year": null,
            "roe": 0.46,
            "roe_4q": -14.969999999999999,
            "gross_profit": 67135,
            "gross_margin": 29.79,
            "gross_margin_4q_avg": 26.89,
            "net_income": 2973,
            "net_income_4q": null,
            "revenue": 225396,
            "revenue_4q": null,
            "common_shares": 624315,
            "book_valuer_per_share": 10.29,
            "book_valuer_per_share_4q_avg": 10.65,
            "equity": 642567,
            "current_ratio": 160.2,
            "debt_ratio": 57.73,
            "inventory_turnover_ratio": 0.33,
            "account_receivable_turnover_ratio": null,
            "reinvestment_rate": null,
            "research_to_sale_ratio": null,
            "price_fair": 21.47,
            "eps_avg_yearly": 0.61,
            "eps_latest_yearly": 0.2,
            "eps_growth_yearly": 1140.66
        },
        "20053": {
            "year_quarter": 20053,
            "year": 2005,
            "quarter": 3,
            "eps": -0.15,
            "eps_growth_year": null,
            "eps_4q": -1.62,
            "eps_4q_growth_year": null,
            "roe": -1.46,
            "roe_4q": -14.49,
            "gross_profit": 60175,
            "gross_margin": 37.68,
            "gross_margin_4q_avg": 30.65,
            "net_income": -9349,
            "net_income_4q": null,
            "revenue": 159709,
            "revenue_4q": null,
            "common_shares": 624315,
            "book_valuer_per_share": 10.21,
            "book_valuer_per_share_4q_avg": 10.2,
            "equity": 637503,
            "current_ratio": 173.11,
            "debt_ratio": 55.66,
            "inventory_turnover_ratio": 0.21,
            "account_receivable_turnover_ratio": null,
            "reinvestment_rate": null,
            "research_to_sale_ratio": null,
            "price_fair": 21.47,
            "eps_avg_yearly": 0.61,
            "eps_latest_yearly": 0.2,
            "eps_growth_yearly": 1140.66
        },
        "20054": {
            "year_quarter": 20054,
            "year": 2005,
            "quarter": 4,
            "eps": -0.69,
            "eps_growth_year": null,
            "eps_4q": -0.65,
            "eps_4q_growth_year": null,
            "roe": -6.87,
            "roe_4q": -6.28,
            "gross_profit": 32133,
            "gross_margin": 11.76,
            "gross_margin_4q_avg": 28.82,
            "net_income": -42808,
            "net_income_4q": null,
            "revenue": 273157,
            "revenue_4q": null,
            "common_shares": 624315,
            "book_valuer_per_share": 9.58,
            "book_valuer_per_share_4q_avg": 10.07,
            "equity": 608852,
            "current_ratio": 163.21,
            "debt_ratio": 63.51,
            "inventory_turnover_ratio": 0.47,
            "account_receivable_turnover_ratio": null,
            "reinvestment_rate": null,
            "research_to_sale_ratio": null,
            "price_fair": 21.47,
            "eps_avg_yearly": 0.61,
            "eps_latest_yearly": 0.2,
            "eps_growth_yearly": 1140.66
        },
        "20061": {
            "year_quarter": 20061,
            "year": 2006,
            "quarter": 1,
            "eps": -0.26,
            "eps_growth_year": -262.5,
            "eps_4q": -1.04,
            "eps_4q_growth_year": null,
            "roe": -2.76,
            "roe_4q": -10.629999999999999,
            "gross_profit": 61161,
            "gross_margin": 27.33,
            "gross_margin_4q_avg": 26.64,
            "net_income": -16430,
            "net_income_4q": null,
            "revenue": 223748,
            "revenue_4q": null,
            "common_shares": 624315,
            "book_valuer_per_share": 9.31,
            "book_valuer_per_share_4q_avg": 9.85,
            "equity": 581380,
            "current_ratio": 152.42,
            "debt_ratio": 58.41,
            "inventory_turnover_ratio": 0.32,
            "account_receivable_turnover_ratio": null,
            "reinvestment_rate": null,
            "research_to_sale_ratio": null,
            "price_fair": 21.47,
            "eps_avg_yearly": 0.61,
            "eps_latest_yearly": 0.2,
            "eps_growth_yearly": 1140.66
        },
        "20062": {
            "year_quarter": 20062,
            "year": 2006,
            "quarter": 2,
            "eps": -1.75,
            "eps_growth_year": -3600,
            "eps_4q": -2.85,
            "eps_4q_growth_year": null,
            "roe": -20.78,
            "roe_4q": -31.87,
            "gross_profit": 76918,
            "gross_margin": 31.55,
            "gross_margin_4q_avg": 27.08,
            "net_income": -109138,
            "net_income_4q": null,
            "revenue": 243781,
            "revenue_4q": null,
            "common_shares": 624315,
            "book_valuer_per_share": 7.51,
            "book_valuer_per_share_4q_avg": 9.15,
            "equity": 469073,
            "current_ratio": 126.11,
            "debt_ratio": 63.45,
            "inventory_turnover_ratio": 0.37,
            "account_receivable_turnover_ratio": null,
            "reinvestment_rate": null,
            "research_to_sale_ratio": null,
            "price_fair": 21.47,
            "eps_avg_yearly": 0.61,
            "eps_latest_yearly": 0.2,
            "eps_growth_yearly": 1140.66
        },
        "20063": {
            "year_quarter": 20063,
            "year": 2006,
            "quarter": 3,
            "eps": -0.53,
            "eps_growth_year": null,
            "eps_4q": -3.23,
            "eps_4q_growth_year": null,
            "roe": -7.34,
            "roe_4q": -37.75,
            "gross_profit": 9596,
            "gross_margin": 3.35,
            "gross_margin_4q_avg": 18.5,
            "net_income": -33248,
            "net_income_4q": null,
            "revenue": 286719,
            "revenue_4q": null,
            "common_shares": 624315,
            "book_valuer_per_share": 7.01,
            "book_valuer_per_share_4q_avg": 8.35,
            "equity": 437483,
            "current_ratio": 124.02,
            "debt_ratio": 63.91,
            "inventory_turnover_ratio": 0.76,
            "account_receivable_turnover_ratio": null,
            "reinvestment_rate": null,
            "research_to_sale_ratio": null,
            "price_fair": 0.78,
            "eps_avg_yearly": 0.26,
            "eps_latest_yearly": 0.2,
            "eps_growth_yearly": -289.02
        },
        "20064": {
            "year_quarter": 20064,
            "year": 2006,
            "quarter": 4,
            "eps": 0.1,
            "eps_growth_year": null,
            "eps_4q": -2.48,
            "eps_4q_growth_year": null,
            "roe": 1.38,
            "roe_4q": -29.5,
            "gross_profit": 87171,
            "gross_margin": 41.54,
            "gross_margin_4q_avg": 25.94,
            "net_income": 6166,
            "net_income_4q": null,
            "revenue": 209840,
            "revenue_4q": null,
            "common_shares": 624315,
            "book_valuer_per_share": 7.1,
            "book_valuer_per_share_4q_avg": 7.73,
            "equity": 454316,
            "current_ratio": 131.8,
            "debt_ratio": 68.41,
            "inventory_turnover_ratio": 0.37,
            "account_receivable_turnover_ratio": null,
            "reinvestment_rate": null,
            "research_to_sale_ratio": null,
            "price_fair": 0.6,
            "eps_avg_yearly": 0.2,
            "eps_latest_yearly": 0.2,
            "eps_growth_yearly": -275
        },
        "20071": {
            "year_quarter": 20071,
            "year": 2007,
            "quarter": 1,
            "eps": 0.2,
            "eps_growth_year": null,
            "eps_4q": -1.99,
            "eps_4q_growth_year": null,
            "roe": 2.73,
            "roe_4q": -24.01,
            "gross_profit": 73013,
            "gross_margin": 28.62,
            "gross_margin_4q_avg": 26.27,
            "net_income": 12427,
            "net_income_4q": null,
            "revenue": 255128,
            "revenue_4q": null,
            "common_shares": 624315,
            "book_valuer_per_share": 7.29,
            "book_valuer_per_share_4q_avg": 7.23,
            "equity": 455008,
            "current_ratio": 112.89,
            "debt_ratio": 61.84,
            "inventory_turnover_ratio": 0.55,
            "account_receivable_turnover_ratio": null,
            "reinvestment_rate": null,
            "research_to_sale_ratio": null,
            "price_fair": 17.5,
            "eps_avg_yearly": 0.5,
            "eps_latest_yearly": 0.8,
            "eps_growth_yearly": 62.5
        },
        "20072": {
            "year_quarter": 20072,
            "year": 2007,
            "quarter": 2,
            "eps": 0.06,
            "eps_growth_year": null,
            "eps_4q": -0.18,
            "eps_4q_growth_year": null,
            "roe": 0.81,
            "roe_4q": -2.42,
            "gross_profit": 71595,
            "gross_margin": 36.68,
            "gross_margin_4q_avg": 27.55,
            "net_income": 3704,
            "net_income_4q": null,
            "revenue": 195168,
            "revenue_4q": null,
            "common_shares": 624315,
            "book_valuer_per_share": 7.37,
            "book_valuer_per_share_4q_avg": 7.19,
            "equity": 460002,
            "current_ratio": 129.84,
            "debt_ratio": 60.16,
            "inventory_turnover_ratio": 0.44,
            "account_receivable_turnover_ratio": null,
            "reinvestment_rate": null,
            "research_to_sale_ratio": null,
            "price_fair": 1.24,
            "eps_avg_yearly": 0.41,
            "eps_latest_yearly": 0.24,
            "eps_growth_yearly": -51.67
        },
        "20073": {
            "year_quarter": 20073,
            "year": 2007,
            "quarter": 3,
            "eps": -0.01,
            "eps_growth_year": null,
            "eps_4q": 0.35,
            "eps_4q_growth_year": null,
            "roe": -0.08,
            "roe_4q": 4.84,
            "gross_profit": 81820,
            "gross_margin": 37.1,
            "gross_margin_4q_avg": 35.99,
            "net_income": -383,
            "net_income_4q": null,
            "revenue": 220517,
            "revenue_4q": null,
            "common_shares": 624315,
            "book_valuer_per_share": 7.34,
            "book_valuer_per_share_4q_avg": 7.28,
            "equity": 458557,
            "current_ratio": 121.67,
            "debt_ratio": 61.5,
            "inventory_turnover_ratio": 0.5,
            "account_receivable_turnover_ratio": null,
            "reinvestment_rate": null,
            "research_to_sale_ratio": null,
            "price_fair": 1.24,
            "eps_avg_yearly": 0.41,
            "eps_latest_yearly": 0.24,
            "eps_growth_yearly": -51.67
        },
        "20074": {
            "year_quarter": 20074,
            "year": 2007,
            "quarter": 4,
            "eps": -0.03,
            "eps_growth_year": -130,
            "eps_4q": 0.19,
            "eps_4q_growth_year": null,
            "roe": -0.45,
            "roe_4q": 3.01,
            "gross_profit": 91140,
            "gross_margin": 34.76,
            "gross_margin_4q_avg": 34.29,
            "net_income": -2074,
            "net_income_4q": null,
            "revenue": 262201,
            "revenue_4q": null,
            "common_shares": 624315,
            "book_valuer_per_share": 7.28,
            "book_valuer_per_share_4q_avg": 7.32,
            "equity": 466887,
            "current_ratio": 160.25,
            "debt_ratio": 67.31,
            "inventory_turnover_ratio": 0.55,
            "account_receivable_turnover_ratio": null,
            "reinvestment_rate": null,
            "research_to_sale_ratio": null,
            "price_fair": 1.24,
            "eps_avg_yearly": 0.41,
            "eps_latest_yearly": 0.24,
            "eps_growth_yearly": -51.67
        },
        "20081": {
            "year_quarter": 20081,
            "year": 2008,
            "quarter": 1,
            "eps": 0.08,
            "eps_growth_year": -60,
            "eps_4q": 0.1,
            "eps_4q_growth_year": null,
            "roe": 1.16,
            "roe_4q": 1.44,
            "gross_profit": 76421,
            "gross_margin": 23.43,
            "gross_margin_4q_avg": 32.99,
            "net_income": 5314,
            "net_income_4q": null,
            "revenue": 326144,
            "revenue_4q": null,
            "common_shares": 624315,
            "book_valuer_per_share": 7.05,
            "book_valuer_per_share_4q_avg": 7.26,
            "equity": 451525,
            "current_ratio": 147.13,
            "debt_ratio": 65.92,
            "inventory_turnover_ratio": 0.76,
            "account_receivable_turnover_ratio": null,
            "reinvestment_rate": null,
            "research_to_sale_ratio": null,
            "price_fair": 1.24,
            "eps_avg_yearly": 0.41,
            "eps_latest_yearly": 0.24,
            "eps_growth_yearly": -51.67
        },
        "20082": {
            "year_quarter": 20082,
            "year": 2008,
            "quarter": 2,
            "eps": -0.29,
            "eps_growth_year": -583.33,
            "eps_4q": -0.25,
            "eps_4q_growth_year": null,
            "roe": -3.91,
            "roe_4q": -3.2800000000000002,
            "gross_profit": 66172,
            "gross_margin": 21.09,
            "gross_margin_4q_avg": 29.1,
            "net_income": -17350,
            "net_income_4q": null,
            "revenue": 313833,
            "revenue_4q": null,
            "common_shares": 624315,
            "book_valuer_per_share": 6.8,
            "book_valuer_per_share_4q_avg": 7.12,
            "equity": 435302,
            "current_ratio": 133.04,
            "debt_ratio": 65.37,
            "inventory_turnover_ratio": 0.81,
            "account_receivable_turnover_ratio": null,
            "reinvestment_rate": null,
            "research_to_sale_ratio": null,
            "price_fair": 1.24,
            "eps_avg_yearly": 0.41,
            "eps_latest_yearly": 0.24,
            "eps_growth_yearly": -51.67
        },
        "20083": {
            "year_quarter": 20083,
            "year": 2008,
            "quarter": 3,
            "eps": -0.51,
            "eps_growth_year": null,
            "eps_4q": -0.75,
            "eps_4q_growth_year": -313.02,
            "roe": -7.54,
            "roe_4q": -10.739999999999998,
            "gross_profit": 49942,
            "gross_margin": 24.1,
            "gross_margin_4q_avg": 25.85,
            "net_income": -32071,
            "net_income_4q": null,
            "revenue": 207255,
            "revenue_4q": null,
            "common_shares": 624315,
            "book_valuer_per_share": 6.48,
            "book_valuer_per_share_4q_avg": 6.9,
            "equity": 415556,
            "current_ratio": 124.62,
            "debt_ratio": 65.65,
            "inventory_turnover_ratio": 0.51,
            "account_receivable_turnover_ratio": null,
            "reinvestment_rate": null,
            "research_to_sale_ratio": null,
            "price_fair": 1.24,
            "eps_avg_yearly": 0.41,
            "eps_latest_yearly": 0.24,
            "eps_growth_yearly": -51.67
        },
        "20084": {
            "year_quarter": 20084,
            "year": 2008,
            "quarter": 4,
            "eps": 0.06,
            "eps_growth_year": null,
            "eps_4q": -0.59,
            "eps_4q_growth_year": -404.79,
            "roe": 1,
            "roe_4q": -9.29,
            "gross_profit": 102410,
            "gross_margin": 23.65,
            "gross_margin_4q_avg": 23.07,
            "net_income": 4197,
            "net_income_4q": null,
            "revenue": 433024,
            "revenue_4q": null,
            "common_shares": 624315,
            "book_valuer_per_share": 6.68,
            "book_valuer_per_share_4q_avg": 6.75,
            "equity": 427777,
            "current_ratio": 141.91,
            "debt_ratio": 68.96,
            "inventory_turnover_ratio": 0.99,
            "account_receivable_turnover_ratio": 2.62,
            "reinvestment_rate": null,
            "research_to_sale_ratio": null,
            "price_fair": 1.24,
            "eps_avg_yearly": 0.41,
            "eps_latest_yearly": 0.24,
            "eps_growth_yearly": -51.67
        },
        "20091": {
            "year_quarter": 20091,
            "year": 2009,
            "quarter": 1,
            "eps": 0.08,
            "eps_growth_year": 0,
            "eps_4q": -0.34,
            "eps_4q_growth_year": -460.26,
            "roe": 1.86,
            "roe_4q": -8.59,
            "gross_profit": 134717,
            "gross_margin": 31.02,
            "gross_margin_4q_avg": 24.97,
            "net_income": 9588,
            "net_income_4q": null,
            "revenue": 434273,
            "revenue_4q": null,
            "common_shares": 624315,
            "book_valuer_per_share": 6.83,
            "book_valuer_per_share_4q_avg": 6.7,
            "equity": 602847,
            "current_ratio": 142.76,
            "debt_ratio": 61.92,
            "inventory_turnover_ratio": 0.78,
            "account_receivable_turnover_ratio": 1.17,
            "reinvestment_rate": null,
            "research_to_sale_ratio": null,
            "price_fair": 1.17,
            "eps_avg_yearly": 0.39,
            "eps_latest_yearly": 0.32,
            "eps_growth_yearly": -5.42
        },
        "20092": {
            "year_quarter": 20092,
            "year": 2009,
            "quarter": 2,
            "eps": -0.27,
            "eps_growth_year": null,
            "eps_4q": -0.64,
            "eps_4q_growth_year": null,
            "roe": -4.54,
            "roe_4q": -9.219999999999999,
            "gross_profit": 102517,
            "gross_margin": 29.1,
            "gross_margin_4q_avg": 26.97,
            "net_income": -25628,
            "net_income_4q": null,
            "revenue": 352266,
            "revenue_4q": null,
            "common_shares": 624315,
            "book_valuer_per_share": 6.45,
            "book_valuer_per_share_4q_avg": 6.61,
            "equity": 526089,
            "current_ratio": 155.46,
            "debt_ratio": 64.77,
            "inventory_turnover_ratio": 0.61,
            "account_receivable_turnover_ratio": 0.9,
            "reinvestment_rate": null,
            "research_to_sale_ratio": null,
            "price_fair": 15.87,
            "eps_avg_yearly": 0.45,
            "eps_latest_yearly": 0.32,
            "eps_growth_yearly": 84.44
        },
        "20093": {
            "year_quarter": 20093,
            "year": 2009,
            "quarter": 3,
            "eps": -1.32,
            "eps_growth_year": null,
            "eps_4q": -1.46,
            "eps_4q_growth_year": null,
            "roe": -17.18,
            "roe_4q": -18.86,
            "gross_profit": 104356,
            "gross_margin": 28.52,
            "gross_margin_4q_avg": 28.07,
            "net_income": -82701,
            "net_income_4q": null,
            "revenue": 365852,
            "revenue_4q": null,
            "common_shares": 624315,
            "book_valuer_per_share": 5.01,
            "book_valuer_per_share_4q_avg": 6.24,
            "equity": 436420,
            "current_ratio": 154.12,
            "debt_ratio": 65.84,
            "inventory_turnover_ratio": 0.64,
            "account_receivable_turnover_ratio": 1.18,
            "reinvestment_rate": null,
            "research_to_sale_ratio": null,
            "price_fair": 15.87,
            "eps_avg_yearly": 0.45,
            "eps_latest_yearly": 0.32,
            "eps_growth_yearly": 84.44
        },
        "20094": {
            "year_quarter": 20094,
            "year": 2009,
            "quarter": 4,
            "eps": -1.82,
            "eps_growth_year": -3133.33,
            "eps_4q": -6.56,
            "eps_4q_growth_year": null,
            "roe": -29.32,
            "roe_4q": -49.18,
            "gross_profit": 17221,
            "gross_margin": 4.38,
            "gross_margin_4q_avg": 23.26,
            "net_income": -111299,
            "net_income_4q": null,
            "revenue": 393461,
            "revenue_4q": null,
            "common_shares": 316965,
            "book_valuer_per_share": 6.33,
            "book_valuer_per_share_4q_avg": 6.16,
            "equity": 322737,
            "current_ratio": 128.3,
            "debt_ratio": 74.53,
            "inventory_turnover_ratio": 0.97,
            "account_receivable_turnover_ratio": 2.75,
            "reinvestment_rate": null,
            "research_to_sale_ratio": null,
            "price_fair": 15.87,
            "eps_avg_yearly": 0.45,
            "eps_latest_yearly": 0.32,
            "eps_growth_yearly": 84.44
        },
        "20101": {
            "year_quarter": 20101,
            "year": 2010,
            "quarter": 1,
            "eps": 0.02,
            "eps_growth_year": -75,
            "eps_4q": -4.35,
            "eps_4q_growth_year": null,
            "roe": 0.14,
            "roe_4q": -50.9,
            "gross_profit": 107452,
            "gross_margin": 27.87,
            "gross_margin_4q_avg": 22.47,
            "net_income": 590,
            "net_income_4q": null,
            "revenue": 385607,
            "revenue_4q": null,
            "common_shares": 486965,
            "book_valuer_per_share": 7.59,
            "book_valuer_per_share_4q_avg": 6.35,
            "equity": 494863,
            "current_ratio": 171.55,
            "debt_ratio": 59.53,
            "inventory_turnover_ratio": 0.78,
            "account_receivable_turnover_ratio": 1.29,
            "reinvestment_rate": null,
            "research_to_sale_ratio": null,
            "price_fair": 15.87,
            "eps_avg_yearly": 0.45,
            "eps_latest_yearly": 0.32,
            "eps_growth_yearly": 84.44
        },
        "20102": {
            "year_quarter": 20102,
            "year": 2010,
            "quarter": 2,
            "eps": 0.01,
            "eps_growth_year": null,
            "eps_4q": -3.99,
            "eps_4q_growth_year": null,
            "roe": 1.4,
            "roe_4q": -44.96,
            "gross_profit": 111628,
            "gross_margin": 30.93,
            "gross_margin_4q_avg": 22.93,
            "net_income": 6971,
            "net_income_4q": null,
            "revenue": 360854,
            "revenue_4q": null,
            "common_shares": 486965,
            "book_valuer_per_share": 7.64,
            "book_valuer_per_share_4q_avg": 6.64,
            "equity": 504454,
            "current_ratio": 164.19,
            "debt_ratio": 62.21,
            "inventory_turnover_ratio": 0.69,
            "account_receivable_turnover_ratio": 1.2,
            "reinvestment_rate": null,
            "research_to_sale_ratio": null,
            "price_fair": 8.17,
            "eps_avg_yearly": 0.35,
            "eps_latest_yearly": 0.04,
            "eps_growth_yearly": 13.33
        },
        "20103": {
            "year_quarter": 20103,
            "year": 2010,
            "quarter": 3,
            "eps": -0.72,
            "eps_growth_year": null,
            "eps_4q": -3.01,
            "eps_4q_growth_year": null,
            "roe": -10.4,
            "roe_4q": -38.18,
            "gross_profit": 91455,
            "gross_margin": 28.5,
            "gross_margin_4q_avg": 22.92,
            "net_income": -49429,
            "net_income_4q": null,
            "revenue": 320935,
            "revenue_4q": null,
            "common_shares": 486965,
            "book_valuer_per_share": 6.8,
            "book_valuer_per_share_4q_avg": 7.09,
            "equity": 445841,
            "current_ratio": 159.93,
            "debt_ratio": 63.41,
            "inventory_turnover_ratio": 0.61,
            "account_receivable_turnover_ratio": 1.23,
            "reinvestment_rate": null,
            "research_to_sale_ratio": null,
            "price_fair": 8.17,
            "eps_avg_yearly": 0.35,
            "eps_latest_yearly": 0.04,
            "eps_growth_yearly": 13.33
        },
        "20104": {
            "year_quarter": 20104,
            "year": 2010,
            "quarter": 4,
            "eps": 0.02,
            "eps_growth_year": null,
            "eps_4q": -0.66,
            "eps_4q_growth_year": null,
            "roe": 2.85,
            "roe_4q": -6.010000000000001,
            "gross_profit": 158144,
            "gross_margin": 34.46,
            "gross_margin_4q_avg": 30.44,
            "net_income": 12619,
            "net_income_4q": null,
            "revenue": 458922,
            "revenue_4q": null,
            "common_shares": 486965,
            "book_valuer_per_share": 6.59,
            "book_valuer_per_share_4q_avg": 7.16,
            "equity": 440724,
            "current_ratio": 151.46,
            "debt_ratio": 66.06,
            "inventory_turnover_ratio": 0.85,
            "account_receivable_turnover_ratio": 1.54,
            "reinvestment_rate": null,
            "research_to_sale_ratio": null,
            "price_fair": 8.17,
            "eps_avg_yearly": 0.35,
            "eps_latest_yearly": 0.04,
            "eps_growth_yearly": 13.33
        },
        "20111": {
            "year_quarter": 20111,
            "year": 2011,
            "quarter": 1,
            "eps": -0.07,
            "eps_growth_year": -450,
            "eps_4q": -0.75,
            "eps_4q_growth_year": null,
            "roe": -1.21,
            "roe_4q": -7.359999999999999,
            "gross_profit": 88357,
            "gross_margin": 32.08,
            "gross_margin_4q_avg": 31.49,
            "net_income": -5325,
            "net_income_4q": null,
            "revenue": 275402,
            "revenue_4q": null,
            "common_shares": 486965,
            "book_valuer_per_share": 6.55,
            "book_valuer_per_share_4q_avg": 6.9,
            "equity": 438104,
            "current_ratio": 159.45,
            "debt_ratio": 63.14,
            "inventory_turnover_ratio": 0.57,
            "account_receivable_turnover_ratio": 0.89,
            "reinvestment_rate": null,
            "research_to_sale_ratio": null,
            "price_fair": 0.6,
            "eps_avg_yearly": 0.2,
            "eps_latest_yearly": 0.04,
            "eps_growth_yearly": -115.56
        },
        "20112": {
            "year_quarter": 20112,
            "year": 2011,
            "quarter": 2,
            "eps": -0.05,
            "eps_growth_year": -493.33,
            "eps_4q": -0.81,
            "eps_4q_growth_year": null,
            "roe": -0.66,
            "roe_4q": -9.42,
            "gross_profit": 91950,
            "gross_margin": 30.21,
            "gross_margin_4q_avg": 31.31,
            "net_income": -2883,
            "net_income_4q": null,
            "revenue": 304376,
            "revenue_4q": null,
            "common_shares": 486965,
            "book_valuer_per_share": 6.47,
            "book_valuer_per_share_4q_avg": 6.6,
            "equity": 431463,
            "current_ratio": 162.9,
            "debt_ratio": 61.93,
            "inventory_turnover_ratio": 0.69,
            "account_receivable_turnover_ratio": 1.12,
            "reinvestment_rate": null,
            "research_to_sale_ratio": null,
            "price_fair": 0.54,
            "eps_avg_yearly": 0.18,
            "eps_latest_yearly": 0.04,
            "eps_growth_yearly": -33.33
        },
        "20113": {
            "year_quarter": 20113,
            "year": 2011,
            "quarter": 3,
            "eps": 0.07,
            "eps_growth_year": null,
            "eps_4q": -0.03,
            "eps_4q_growth_year": null,
            "roe": 1.52,
            "roe_4q": 2.5,
            "gross_profit": 106445,
            "gross_margin": 35.54,
            "gross_margin_4q_avg": 33.07,
            "net_income": 6652,
            "net_income_4q": null,
            "revenue": 299546,
            "revenue_4q": null,
            "common_shares": 486965,
            "book_valuer_per_share": 6.63,
            "book_valuer_per_share_4q_avg": 6.56,
            "equity": 443230,
            "current_ratio": 168.33,
            "debt_ratio": 60.93,
            "inventory_turnover_ratio": 0.69,
            "account_receivable_turnover_ratio": 1.06,
            "reinvestment_rate": null,
            "research_to_sale_ratio": null,
            "price_fair": 0.54,
            "eps_avg_yearly": 0.18,
            "eps_latest_yearly": 0.04,
            "eps_growth_yearly": -33.33
        },
        "20114": {
            "year_quarter": 20114,
            "year": 2011,
            "quarter": 4,
            "eps": -0.11,
            "eps_growth_year": -628.74,
            "eps_4q": -0.16,
            "eps_4q_growth_year": null,
            "roe": -3.56,
            "roe_4q": -3.91,
            "gross_profit": 92878,
            "gross_margin": 28.06,
            "gross_margin_4q_avg": 31.47,
            "net_income": -15509,
            "net_income_4q": null,
            "revenue": 331049,
            "revenue_4q": null,
            "common_shares": 486965,
            "book_valuer_per_share": 6.52,
            "book_valuer_per_share_4q_avg": 6.54,
            "equity": 428542,
            "current_ratio": 154.51,
            "debt_ratio": 62.93,
            "inventory_turnover_ratio": 0.84,
            "account_receivable_turnover_ratio": 1.13,
            "reinvestment_rate": null,
            "research_to_sale_ratio": null,
            "price_fair": 0.54,
            "eps_avg_yearly": 0.18,
            "eps_latest_yearly": 0.04,
            "eps_growth_yearly": -33.33
        },
        "20121": {
            "year_quarter": 20121,
            "year": 2012,
            "quarter": 1,
            "eps": -0.06,
            "eps_growth_year": null,
            "eps_4q": -0.16,
            "eps_4q_growth_year": null,
            "roe": -1.08,
            "roe_4q": -3.7800000000000007,
            "gross_profit": 93249,
            "gross_margin": 34.61,
            "gross_margin_4q_avg": 32.11,
            "net_income": -4568,
            "net_income_4q": null,
            "revenue": 269451,
            "revenue_4q": null,
            "common_shares": 486965,
            "book_valuer_per_share": 6.35,
            "book_valuer_per_share_4q_avg": 6.49,
            "equity": 415978,
            "current_ratio": 157.78,
            "debt_ratio": 61.16,
            "inventory_turnover_ratio": 0.63,
            "account_receivable_turnover_ratio": 1.03,
            "reinvestment_rate": null,
            "research_to_sale_ratio": null,
            "price_fair": 0.54,
            "eps_avg_yearly": 0.18,
            "eps_latest_yearly": 0.04,
            "eps_growth_yearly": -33.33
        },
        "20122": {
            "year_quarter": 20122,
            "year": 2012,
            "quarter": 2,
            "eps": -0.07,
            "eps_growth_year": null,
            "eps_4q": -0.18,
            "eps_4q_growth_year": null,
            "roe": -2.9,
            "roe_4q": -6.02,
            "gross_profit": 77634,
            "gross_margin": 27.3,
            "gross_margin_4q_avg": 31.38,
            "net_income": -11843,
            "net_income_4q": null,
            "revenue": 284418,
            "revenue_4q": null,
            "common_shares": 486965,
            "book_valuer_per_share": 6.34,
            "book_valuer_per_share_4q_avg": 6.46,
            "equity": 400947,
            "current_ratio": 164.99,
            "debt_ratio": 58.61,
            "inventory_turnover_ratio": 0.78,
            "account_receivable_turnover_ratio": 1.27,
            "reinvestment_rate": null,
            "research_to_sale_ratio": null,
            "price_fair": 0.54,
            "eps_avg_yearly": 0.18,
            "eps_latest_yearly": 0.04,
            "eps_growth_yearly": -33.33
        },
        "20123": {
            "year_quarter": 20123,
            "year": 2012,
            "quarter": 3,
            "eps": -0,
            "eps_growth_year": -104.05,
            "eps_4q": -0.17,
            "eps_4q_growth_year": null,
            "roe": 0.32,
            "roe_4q": -7.220000000000001,
            "gross_profit": 104721,
            "gross_margin": 36.29,
            "gross_margin_4q_avg": 31.57,
            "net_income": 1662,
            "net_income_4q": null,
            "revenue": 288570,
            "revenue_4q": null,
            "common_shares": 731178,
            "book_valuer_per_share": 7.5,
            "book_valuer_per_share_4q_avg": 6.68,
            "equity": 640795,
            "current_ratio": 318.88,
            "debt_ratio": 47.06,
            "inventory_turnover_ratio": 0.74,
            "account_receivable_turnover_ratio": 1.29,
            "reinvestment_rate": null,
            "research_to_sale_ratio": null,
            "price_fair": 0.54,
            "eps_avg_yearly": 0.18,
            "eps_latest_yearly": 0.04,
            "eps_growth_yearly": -33.33
        },
        "20124": {
            "year_quarter": 20124,
            "year": 2012,
            "quarter": 4,
            "eps": -0.27,
            "eps_growth_year": null,
            "eps_4q": -0.36,
            "eps_4q_growth_year": null,
            "roe": -5.21,
            "roe_4q": -8.87,
            "gross_profit": 110415,
            "gross_margin": 34.57,
            "gross_margin_4q_avg": 33.19,
            "net_income": -32454,
            "net_income_4q": null,
            "revenue": 319433,
            "revenue_4q": null,
            "common_shares": 731178,
            "book_valuer_per_share": 7.21,
            "book_valuer_per_share_4q_avg": 6.85,
            "equity": 605636,
            "current_ratio": 231.51,
            "debt_ratio": 45.96,
            "inventory_turnover_ratio": 0.89,
            "account_receivable_turnover_ratio": 1.48,
            "reinvestment_rate": null,
            "research_to_sale_ratio": null,
            "price_fair": 0.54,
            "eps_avg_yearly": 0.18,
            "eps_latest_yearly": 0.04,
            "eps_growth_yearly": -33.33
        },
        "20131": {
            "year_quarter": 20131,
            "year": 2013,
            "quarter": 1,
            "eps": -0.02,
            "eps_growth_year": null,
            "eps_4q": -0.34,
            "eps_4q_growth_year": null,
            "roe": -1.2,
            "roe_4q": -8.99,
            "gross_profit": 77979,
            "gross_margin": 33.59,
            "gross_margin_4q_avg": 32.94,
            "net_income": -7246,
            "net_income_4q": null,
            "revenue": 232146,
            "revenue_4q": null,
            "common_shares": 731178,
            "book_valuer_per_share": 7.24,
            "book_valuer_per_share_4q_avg": 7.07,
            "equity": 604090,
            "current_ratio": 214.88,
            "debt_ratio": 47.16,
            "inventory_turnover_ratio": 0.68,
            "account_receivable_turnover_ratio": 1.08,
            "reinvestment_rate": null,
            "research_to_sale_ratio": null,
            "price_fair": 0.12,
            "eps_avg_yearly": 0.04,
            "eps_latest_yearly": 0.04,
            "eps_growth_yearly": -200
        },
        "20132": {
            "year_quarter": 20132,
            "year": 2013,
            "quarter": 2,
            "eps": -0.02,
            "eps_growth_year": null,
            "eps_4q": -0.32,
            "eps_4q_growth_year": null,
            "roe": -1.24,
            "roe_4q": -7.33,
            "gross_profit": 69990,
            "gross_margin": 34.93,
            "gross_margin_4q_avg": 34.85,
            "net_income": -7390,
            "net_income_4q": null,
            "revenue": 200359,
            "revenue_4q": null,
            "common_shares": 731178,
            "book_valuer_per_share": 7.22,
            "book_valuer_per_share_4q_avg": 7.29,
            "equity": 588839,
            "current_ratio": 217.39,
            "debt_ratio": 46.28,
            "inventory_turnover_ratio": 0.6,
            "account_receivable_turnover_ratio": 1,
            "reinvestment_rate": null,
            "research_to_sale_ratio": null,
            "price_fair": 0.12,
            "eps_avg_yearly": 0.04,
            "eps_latest_yearly": 0.04,
            "eps_growth_yearly": -200
        },
        "20133": {
            "year_quarter": 20133,
            "year": 2013,
            "quarter": 3,
            "eps": -0.11,
            "eps_growth_year": null,
            "eps_4q": -0.43,
            "eps_4q_growth_year": null,
            "roe": -1.89,
            "roe_4q": -9.54,
            "gross_profit": 74514,
            "gross_margin": 36.24,
            "gross_margin_4q_avg": 34.83,
            "net_income": -10963,
            "net_income_4q": null,
            "revenue": 205588,
            "revenue_4q": null,
            "common_shares": 731178,
            "book_valuer_per_share": 7.07,
            "book_valuer_per_share_4q_avg": 7.19,
            "equity": 572031,
            "current_ratio": 211.49,
            "debt_ratio": 47.71,
            "inventory_turnover_ratio": 0.6,
            "account_receivable_turnover_ratio": 1.1,
            "reinvestment_rate": null,
            "research_to_sale_ratio": null,
            "price_fair": 0.12,
            "eps_avg_yearly": 0.04,
            "eps_latest_yearly": 0.04,
            "eps_growth_yearly": -200
        },
        "20134": {
            "year_quarter": 20134,
            "year": 2013,
            "quarter": 4,
            "eps": -0.2,
            "eps_growth_year": null,
            "eps_4q": -0.36,
            "eps_4q_growth_year": null,
            "roe": -4.52,
            "roe_4q": -8.85,
            "gross_profit": 60457,
            "gross_margin": 24.13,
            "gross_margin_4q_avg": 32.22,
            "net_income": -25990,
            "net_income_4q": null,
            "revenue": 250501,
            "revenue_4q": null,
            "common_shares": 731178,
            "book_valuer_per_share": 6.88,
            "book_valuer_per_share_4q_avg": 7.1,
            "equity": 576918,
            "current_ratio": 225.18,
            "debt_ratio": 43.54,
            "inventory_turnover_ratio": 0.99,
            "account_receivable_turnover_ratio": 1.39,
            "reinvestment_rate": null,
            "research_to_sale_ratio": null,
            "price_fair": 0.12,
            "eps_avg_yearly": 0.04,
            "eps_latest_yearly": 0.04,
            "eps_growth_yearly": -200
        },
        "20141": {
            "year_quarter": 20141,
            "year": 2014,
            "quarter": 1,
            "eps": 0.01,
            "eps_growth_year": null,
            "eps_4q": -0.32,
            "eps_4q_growth_year": null,
            "roe": 0.09,
            "roe_4q": -7.56,
            "gross_profit": 54237,
            "gross_margin": 32.04,
            "gross_margin_4q_avg": 31.84,
            "net_income": 527,
            "net_income_4q": null,
            "revenue": 169286,
            "revenue_4q": null,
            "common_shares": 731178,
            "book_valuer_per_share": 6.93,
            "book_valuer_per_share_4q_avg": 7.03,
            "equity": 581930,
            "current_ratio": 378.25,
            "debt_ratio": 27.41,
            "inventory_turnover_ratio": 0.69,
            "account_receivable_turnover_ratio": 1.1,
            "reinvestment_rate": null,
            "research_to_sale_ratio": null,
            "price_fair": 0.12,
            "eps_avg_yearly": 0.04,
            "eps_latest_yearly": 0.04,
            "eps_growth_yearly": -200
        },
        "20142": {
            "year_quarter": 20142,
            "year": 2014,
            "quarter": 2,
            "eps": 0.03,
            "eps_growth_year": null,
            "eps_4q": -0.27,
            "eps_4q_growth_year": null,
            "roe": 0.32,
            "roe_4q": -5.999999999999999,
            "gross_profit": 59845,
            "gross_margin": 27.45,
            "gross_margin_4q_avg": 29.97,
            "net_income": 1862,
            "net_income_4q": null,
            "revenue": 218034,
            "revenue_4q": null,
            "common_shares": 731178,
            "book_valuer_per_share": 6.93,
            "book_valuer_per_share_4q_avg": 6.95,
            "equity": 579847,
            "current_ratio": 365.65,
            "debt_ratio": 27.6,
            "inventory_turnover_ratio": 0.95,
            "account_receivable_turnover_ratio": 1.49,
            "reinvestment_rate": null,
            "research_to_sale_ratio": null,
            "price_fair": 4.2,
            "eps_avg_yearly": 0.12,
            "eps_latest_yearly": 0.12,
            "eps_growth_yearly": 800
        },
        "20143": {
            "year_quarter": 20143,
            "year": 2014,
            "quarter": 3,
            "eps": -0.09,
            "eps_growth_year": null,
            "eps_4q": -0.25,
            "eps_4q_growth_year": null,
            "roe": -1.86,
            "roe_4q": -5.97,
            "gross_profit": 54596,
            "gross_margin": 28.4,
            "gross_margin_4q_avg": 28.01,
            "net_income": -10718,
            "net_income_4q": null,
            "revenue": 192252,
            "revenue_4q": null,
            "common_shares": 731178,
            "book_valuer_per_share": 6.87,
            "book_valuer_per_share_4q_avg": 6.9,
            "equity": 572648,
            "current_ratio": 382.44,
            "debt_ratio": 26.43,
            "inventory_turnover_ratio": 0.81,
            "account_receivable_turnover_ratio": 1.27,
            "reinvestment_rate": null,
            "research_to_sale_ratio": null,
            "price_fair": 4.2,
            "eps_avg_yearly": 0.12,
            "eps_latest_yearly": 0.12,
            "eps_growth_yearly": 800
        },
        "20144": {
            "year_quarter": 20144,
            "year": 2014,
            "quarter": 4,
            "eps": 0.05,
            "eps_growth_year": null,
            "eps_4q": 0.01,
            "eps_4q_growth_year": null,
            "roe": 0.85,
            "roe_4q": -0.6000000000000002,
            "gross_profit": 65327,
            "gross_margin": 29.62,
            "gross_margin_4q_avg": 29.38,
            "net_income": 4939,
            "net_income_4q": null,
            "revenue": 220517,
            "revenue_4q": null,
            "common_shares": 731178,
            "book_valuer_per_share": 6.99,
            "book_valuer_per_share_4q_avg": 6.93,
            "equity": 585227,
            "current_ratio": 417.55,
            "debt_ratio": 27.1,
            "inventory_turnover_ratio": 0.89,
            "account_receivable_turnover_ratio": 1.42,
            "reinvestment_rate": null,
            "research_to_sale_ratio": null,
            "price_fair": 4.2,
            "eps_avg_yearly": 0.12,
            "eps_latest_yearly": 0.12,
            "eps_growth_yearly": 800
        },
        "20151": {
            "year_quarter": 20151,
            "year": 2015,
            "quarter": 1,
            "eps": 0,
            "eps_growth_year": -100,
            "eps_4q": -0,
            "eps_4q_growth_year": null,
            "roe": -0.12,
            "roe_4q": -0.81,
            "gross_profit": 56280,
            "gross_margin": 28.45,
            "gross_margin_4q_avg": 28.48,
            "net_income": -688,
            "net_income_4q": null,
            "revenue": 197834,
            "revenue_4q": null,
            "common_shares": 731178,
            "book_valuer_per_share": 6.97,
            "book_valuer_per_share_4q_avg": 6.94,
            "equity": 582282,
            "current_ratio": 427.05,
            "debt_ratio": 25.7,
            "inventory_turnover_ratio": 0.82,
            "account_receivable_turnover_ratio": 1.35,
            "reinvestment_rate": null,
            "research_to_sale_ratio": null,
            "price_fair": 4.2,
            "eps_avg_yearly": 0.12,
            "eps_latest_yearly": 0.12,
            "eps_growth_yearly": 800
        },
        "20152": {
            "year_quarter": 20152,
            "year": 2015,
            "quarter": 2,
            "eps": -0.04,
            "eps_growth_year": -233.33,
            "eps_4q": -0.08,
            "eps_4q_growth_year": null,
            "roe": -0.48,
            "roe_4q": -1.61,
            "gross_profit": 54610,
            "gross_margin": 25.46,
            "gross_margin_4q_avg": 27.98,
            "net_income": -2809,
            "net_income_4q": null,
            "revenue": 214472,
            "revenue_4q": null,
            "common_shares": 731178,
            "book_valuer_per_share": 6.91,
            "book_valuer_per_share_4q_avg": 6.94,
            "equity": 577150,
            "current_ratio": 424.67,
            "debt_ratio": 25.52,
            "inventory_turnover_ratio": 1,
            "account_receivable_turnover_ratio": 1.62,
            "reinvestment_rate": null,
            "research_to_sale_ratio": null,
            "price_fair": 4.2,
            "eps_avg_yearly": 0.12,
            "eps_latest_yearly": 0.12,
            "eps_growth_yearly": 800
        },
        "20153": {
            "year_quarter": 20153,
            "year": 2015,
            "quarter": 3,
            "eps": -0.06,
            "eps_growth_year": null,
            "eps_4q": -0.04,
            "eps_4q_growth_year": null,
            "roe": -0.46,
            "roe_4q": -0.21000000000000008,
            "gross_profit": 48120,
            "gross_margin": 28.17,
            "gross_margin_4q_avg": 27.93,
            "net_income": -2650,
            "net_income_4q": null,
            "revenue": 170839,
            "revenue_4q": null,
            "common_shares": 731178,
            "book_valuer_per_share": 6.96,
            "book_valuer_per_share_4q_avg": 6.96,
            "equity": 587547,
            "current_ratio": 436.51,
            "debt_ratio": 24.48,
            "inventory_turnover_ratio": 0.8,
            "account_receivable_turnover_ratio": 1.29,
            "reinvestment_rate": null,
            "research_to_sale_ratio": null,
            "price_fair": 4.2,
            "eps_avg_yearly": 0.12,
            "eps_latest_yearly": 0.12,
            "eps_growth_yearly": 800
        },
        "20154": {
            "year_quarter": 20154,
            "year": 2015,
            "quarter": 4,
            "eps": 0.08,
            "eps_growth_year": 54.73,
            "eps_4q": -0.01,
            "eps_4q_growth_year": -285.32,
            "roe": 1.24,
            "roe_4q": 0.18000000000000005,
            "gross_profit": 61229,
            "gross_margin": 28.19,
            "gross_margin_4q_avg": 27.57,
            "net_income": 7294,
            "net_income_4q": null,
            "revenue": 217189,
            "revenue_4q": null,
            "common_shares": 731178,
            "book_valuer_per_share": 7.03,
            "book_valuer_per_share_4q_avg": 6.97,
            "equity": 593644,
            "current_ratio": 435.44,
            "debt_ratio": 24.18,
            "inventory_turnover_ratio": 1.04,
            "account_receivable_turnover_ratio": 1.53,
            "reinvestment_rate": null,
            "research_to_sale_ratio": null,
            "price_fair": 4.2,
            "eps_avg_yearly": 0.12,
            "eps_latest_yearly": 0.12,
            "eps_growth_yearly": 800
        },
        "20161": {
            "year_quarter": 20161,
            "year": 2016,
            "quarter": 1,
            "eps": -0.04,
            "eps_growth_year": null,
            "eps_4q": -0.06,
            "eps_4q_growth_year": null,
            "roe": -0.94,
            "roe_4q": -0.6399999999999999,
            "gross_profit": 42090,
            "gross_margin": 22.45,
            "gross_margin_4q_avg": 26.07,
            "net_income": -5508,
            "net_income_4q": null,
            "revenue": 187450,
            "revenue_4q": null,
            "common_shares": 731178,
            "book_valuer_per_share": 6.95,
            "book_valuer_per_share_4q_avg": 6.96,
            "equity": 583673,
            "current_ratio": 414.21,
            "debt_ratio": 24.98,
            "inventory_turnover_ratio": 1,
            "account_receivable_turnover_ratio": 1.28,
            "reinvestment_rate": null,
            "research_to_sale_ratio": null,
            "price_fair": 4.2,
            "eps_avg_yearly": 0.12,
            "eps_latest_yearly": 0.12,
            "eps_growth_yearly": 800
        },
        "20162": {
            "year_quarter": 20162,
            "year": 2016,
            "quarter": 2,
            "eps": -0.1,
            "eps_growth_year": null,
            "eps_4q": -0.12,
            "eps_4q_growth_year": null,
            "roe": -1.86,
            "roe_4q": -2.02,
            "gross_profit": 42263,
            "gross_margin": 25.98,
            "gross_margin_4q_avg": 26.2,
            "net_income": -10788,
            "net_income_4q": null,
            "revenue": 162689,
            "revenue_4q": null,
            "common_shares": 731178,
            "book_valuer_per_share": 6.86,
            "book_valuer_per_share_4q_avg": 6.95,
            "equity": 573632,
            "current_ratio": 447.86,
            "debt_ratio": 23.03,
            "inventory_turnover_ratio": 0.84,
            "account_receivable_turnover_ratio": 1.29,
            "reinvestment_rate": null,
            "research_to_sale_ratio": null,
            "price_fair": 4.2,
            "eps_avg_yearly": 0.12,
            "eps_latest_yearly": 0.12,
            "eps_growth_yearly": 800
        },
        "20163": {
            "year_quarter": 20163,
            "year": 2016,
            "quarter": 3,
            "eps": 0,
            "eps_growth_year": null,
            "eps_4q": -0.06,
            "eps_4q_growth_year": null,
            "roe": 0.02,
            "roe_4q": -1.5400000000000003,
            "gross_profit": 49119,
            "gross_margin": 26.65,
            "gross_margin_4q_avg": 25.82,
            "net_income": 142,
            "net_income_4q": null,
            "revenue": 184324,
            "revenue_4q": null,
            "common_shares": 731178,
            "book_valuer_per_share": 6.81,
            "book_valuer_per_share_4q_avg": 6.91,
            "equity": 568102,
            "current_ratio": 431.59,
            "debt_ratio": 23.2,
            "inventory_turnover_ratio": 0.96,
            "account_receivable_turnover_ratio": 1.57,
            "reinvestment_rate": null,
            "research_to_sale_ratio": null,
            "price_fair": 4.2,
            "eps_avg_yearly": 0.12,
            "eps_latest_yearly": 0.12,
            "eps_growth_yearly": 800
        },
        "20164": {
            "year_quarter": 20164,
            "year": 2016,
            "quarter": 4,
            "eps": -0.4,
            "eps_growth_year": -598.82,
            "eps_4q": -0.54,
            "eps_4q_growth_year": null,
            "roe": -8.55,
            "roe_4q": -11.33,
            "gross_profit": 3817,
            "gross_margin": 2.39,
            "gross_margin_4q_avg": 19.37,
            "net_income": -46722,
            "net_income_4q": null,
            "revenue": 159914,
            "revenue_4q": null,
            "common_shares": 731178,
            "book_valuer_per_share": 6.43,
            "book_valuer_per_share_4q_avg": 6.76,
            "equity": 524799,
            "current_ratio": 417.57,
            "debt_ratio": 23.48,
            "inventory_turnover_ratio": 1.18,
            "account_receivable_turnover_ratio": 1.33,
            "reinvestment_rate": null,
            "research_to_sale_ratio": null,
            "price_fair": 4.2,
            "eps_avg_yearly": 0.12,
            "eps_latest_yearly": 0.12,
            "eps_growth_yearly": 800
        },
        "20171": {
            "year_quarter": 20171,
            "year": 2017,
            "quarter": 1,
            "eps": -0.09,
            "eps_growth_year": null,
            "eps_4q": -0.58,
            "eps_4q_growth_year": null,
            "roe": -1.47,
            "roe_4q": -11.860000000000001,
            "gross_profit": 42805,
            "gross_margin": 33.41,
            "gross_margin_4q_avg": 22.11,
            "net_income": -7621,
            "net_income_4q": null,
            "revenue": 128111,
            "revenue_4q": null,
            "common_shares": 731178,
            "book_valuer_per_share": 6.27,
            "book_valuer_per_share_4q_avg": 6.59,
            "equity": 508710,
            "current_ratio": 484.38,
            "debt_ratio": 19.99,
            "inventory_turnover_ratio": 0.69,
            "account_receivable_turnover_ratio": 1.26,
            "reinvestment_rate": null,
            "research_to_sale_ratio": null,
            "price_fair": 4.2,
            "eps_avg_yearly": 0.12,
            "eps_latest_yearly": 0.12,
            "eps_growth_yearly": 800
        },
        "20172": {
            "year_quarter": 20172,
            "year": 2017,
            "quarter": 2,
            "eps": 0.03,
            "eps_growth_year": null,
            "eps_4q": -0.45,
            "eps_4q_growth_year": null,
            "roe": 0.48,
            "roe_4q": -9.520000000000001,
            "gross_profit": 51562,
            "gross_margin": 34.41,
            "gross_margin_4q_avg": 24.22,
            "net_income": 2447,
            "net_income_4q": null,
            "revenue": 149849,
            "revenue_4q": null,
            "common_shares": 731178,
            "book_valuer_per_share": 6.3,
            "book_valuer_per_share_4q_avg": 6.45,
            "equity": 510668,
            "current_ratio": 492.98,
            "debt_ratio": 20.08,
            "inventory_turnover_ratio": 0.78,
            "account_receivable_turnover_ratio": 1.72,
            "reinvestment_rate": null,
            "research_to_sale_ratio": null,
            "price_fair": 4.2,
            "eps_avg_yearly": 0.12,
            "eps_latest_yearly": 0.12,
            "eps_growth_yearly": 800
        },
        "20173": {
            "year_quarter": 20173,
            "year": 2017,
            "quarter": 3,
            "eps": 0.06,
            "eps_growth_year": null,
            "eps_4q": -0.4,
            "eps_4q_growth_year": null,
            "roe": 1,
            "roe_4q": -8.540000000000001,
            "gross_profit": 57513,
            "gross_margin": 33.53,
            "gross_margin_4q_avg": 25.94,
            "net_income": 5146,
            "net_income_4q": null,
            "revenue": 171525,
            "revenue_4q": null,
            "common_shares": 731178,
            "book_valuer_per_share": 6.35,
            "book_valuer_per_share_4q_avg": 6.34,
            "equity": 514984,
            "current_ratio": 470.91,
            "debt_ratio": 20.99,
            "inventory_turnover_ratio": 0.9,
            "account_receivable_turnover_ratio": 1.6,
            "reinvestment_rate": null,
            "research_to_sale_ratio": null,
            "price_fair": 6.3,
            "eps_avg_yearly": 0.18,
            "eps_latest_yearly": 0.24,
            "eps_growth_yearly": 600
        },
        "20174": {
            "year_quarter": 20174,
            "year": 2017,
            "quarter": 4,
            "eps": 0.05,
            "eps_growth_year": null,
            "eps_4q": 0.06,
            "eps_4q_growth_year": null,
            "roe": 0.93,
            "roe_4q": 0.9400000000000002,
            "gross_profit": 52836,
            "gross_margin": 33.26,
            "gross_margin_4q_avg": 33.65,
            "net_income": 4780,
            "net_income_4q": null,
            "revenue": 158861,
            "revenue_4q": null,
            "common_shares": 731178,
            "book_valuer_per_share": 6.39,
            "book_valuer_per_share_4q_avg": 6.33,
            "equity": 517741,
            "current_ratio": 482.34,
            "debt_ratio": 20.77,
            "inventory_turnover_ratio": 0.86,
            "account_receivable_turnover_ratio": 1.28,
            "reinvestment_rate": null,
            "research_to_sale_ratio": null,
            "price_fair": 6.53,
            "eps_avg_yearly": 0.19,
            "eps_latest_yearly": 0.2,
            "eps_growth_yearly": 377.78
        },
        "20181": {
            "year_quarter": 20181,
            "year": 2018,
            "quarter": 1,
            "eps": -0.05,
            "eps_growth_year": null,
            "eps_4q": 0.1,
            "eps_4q_growth_year": null,
            "roe": -0.78,
            "roe_4q": 1.63,
            "gross_profit": 44769,
            "gross_margin": 36.83,
            "gross_margin_4q_avg": 34.51,
            "net_income": -3986,
            "net_income_4q": null,
            "revenue": 121553,
            "revenue_4q": null,
            "common_shares": 731178,
            "book_valuer_per_share": 6.28,
            "book_valuer_per_share_4q_avg": 6.33,
            "equity": 507534,
            "current_ratio": 429.6,
            "debt_ratio": 21.96,
            "inventory_turnover_ratio": 0.65,
            "account_receivable_turnover_ratio": 1.12,
            "reinvestment_rate": null,
            "research_to_sale_ratio": null,
            "price_fair": 6.53,
            "eps_avg_yearly": 0.19,
            "eps_latest_yearly": 0.2,
            "eps_growth_yearly": 377.78
        },
        "20182": {
            "year_quarter": 20182,
            "year": 2018,
            "quarter": 2,
            "eps": -0.1,
            "eps_growth_year": -433.33,
            "eps_4q": -0.03,
            "eps_4q_growth_year": null,
            "roe": -1.75,
            "roe_4q": -0.6000000000000001,
            "gross_profit": 51509,
            "gross_margin": 35.77,
            "gross_margin_4q_avg": 34.85,
            "net_income": -8870,
            "net_income_4q": null,
            "revenue": 143990,
            "revenue_4q": null,
            "common_shares": 731178,
            "book_valuer_per_share": 6.24,
            "book_valuer_per_share_4q_avg": 6.32,
            "equity": 505282,
            "current_ratio": 373.77,
            "debt_ratio": 23.66,
            "inventory_turnover_ratio": 0.73,
            "account_receivable_turnover_ratio": 1.58,
            "reinvestment_rate": null,
            "research_to_sale_ratio": null,
            "price_fair": 7.7,
            "eps_avg_yearly": 0.22,
            "eps_latest_yearly": 0.2,
            "eps_growth_yearly": 166.67
        },
        "20183": {
            "year_quarter": 20183,
            "year": 2018,
            "quarter": 3,
            "eps": -0.05,
            "eps_growth_year": -183.33,
            "eps_4q": -0.15,
            "eps_4q_growth_year": null,
            "roe": -0.82,
            "roe_4q": -2.4199999999999995,
            "gross_profit": 52345,
            "gross_margin": 34.07,
            "gross_margin_4q_avg": 34.98,
            "net_income": -4150,
            "net_income_4q": null,
            "revenue": 153643,
            "revenue_4q": null,
            "common_shares": 731178,
            "book_valuer_per_share": 6.2,
            "book_valuer_per_share_4q_avg": 6.28,
            "equity": 502164,
            "current_ratio": 416.68,
            "debt_ratio": 22.06,
            "inventory_turnover_ratio": 0.73,
            "account_receivable_turnover_ratio": 1.64,
            "reinvestment_rate": null,
            "research_to_sale_ratio": null,
            "price_fair": 7.7,
            "eps_avg_yearly": 0.22,
            "eps_latest_yearly": 0.2,
            "eps_growth_yearly": 166.67
        },
        "20184": {
            "year_quarter": 20184,
            "year": 2018,
            "quarter": 4,
            "eps": -0.17,
            "eps_growth_year": -438.17,
            "eps_4q": -0.37,
            "eps_4q_growth_year": -738.98,
            "roe": -3.58,
            "roe_4q": -6.930000000000001,
            "gross_profit": 38761,
            "gross_margin": 34.02,
            "gross_margin_4q_avg": 35.17,
            "net_income": -17631,
            "net_income_4q": null,
            "revenue": 113936,
            "revenue_4q": null,
            "common_shares": 731178,
            "book_valuer_per_share": 6,
            "book_valuer_per_share_4q_avg": 6.18,
            "equity": 482643,
            "current_ratio": 457.96,
            "debt_ratio": 20.39,
            "inventory_turnover_ratio": 0.59,
            "account_receivable_turnover_ratio": 1.33,
            "reinvestment_rate": null,
            "research_to_sale_ratio": null,
            "price_fair": 7.7,
            "eps_avg_yearly": 0.22,
            "eps_latest_yearly": 0.2,
            "eps_growth_yearly": 166.67
        },
        "20191": {
            "year_quarter": 20191,
            "year": 2019,
            "quarter": 1,
            "eps": -0.16,
            "eps_growth_year": null,
            "eps_4q": -0.49,
            "eps_4q_growth_year": -590.03,
            "roe": -3.36,
            "roe_4q": -9.51,
            "gross_profit": 35835,
            "gross_margin": 32.9,
            "gross_margin_4q_avg": 34.19,
            "net_income": -15965,
            "net_income_4q": null,
            "revenue": 108909,
            "revenue_4q": null,
            "common_shares": 731178,
            "book_valuer_per_share": 5.83,
            "book_valuer_per_share_4q_avg": 6.07,
            "equity": 466968,
            "current_ratio": 386.44,
            "debt_ratio": 23.41,
            "inventory_turnover_ratio": 0.62,
            "account_receivable_turnover_ratio": 1.48,
            "reinvestment_rate": null,
            "research_to_sale_ratio": null,
            "price_fair": 7.7,
            "eps_avg_yearly": 0.22,
            "eps_latest_yearly": 0.2,
            "eps_growth_yearly": 166.67
        },
        "20192": {
            "year_quarter": 20192,
            "year": 2019,
            "quarter": 2,
            "eps": -0.49,
            "eps_growth_year": null,
            "eps_4q": -0.88,
            "eps_4q_growth_year": null,
            "roe": -11.45,
            "roe_4q": -19.21,
            "gross_profit": 25247,
            "gross_margin": 24.61,
            "gross_margin_4q_avg": 31.4,
            "net_income": -50623,
            "net_income_4q": null,
            "revenue": 102568,
            "revenue_4q": null,
            "common_shares": 731178,
            "book_valuer_per_share": 5.36,
            "book_valuer_per_share_4q_avg": 5.85,
            "equity": 417211,
            "current_ratio": 368.34,
            "debt_ratio": 24.14,
            "inventory_turnover_ratio": 0.74,
            "account_receivable_turnover_ratio": 1.55,
            "reinvestment_rate": null,
            "research_to_sale_ratio": null,
            "price_fair": 7.7,
            "eps_avg_yearly": 0.22,
            "eps_latest_yearly": 0.2,
            "eps_growth_yearly": 166.67
        },
        "20193": {
            "year_quarter": 20193,
            "year": 2019,
            "quarter": 3,
            "eps": 0.03,
            "eps_growth_year": null,
            "eps_4q": -0.8,
            "eps_4q_growth_year": null,
            "roe": 0.91,
            "roe_4q": -17.479999999999997,
            "gross_profit": 55016,
            "gross_margin": 43.99,
            "gross_margin_4q_avg": 33.88,
            "net_income": 3811,
            "net_income_4q": null,
            "revenue": 125067,
            "revenue_4q": null,
            "common_shares": 731178,
            "book_valuer_per_share": 5.38,
            "book_valuer_per_share_4q_avg": 5.64,
            "equity": 420875,
            "current_ratio": 381.8,
            "debt_ratio": 23.61,
            "inventory_turnover_ratio": 0.78,
            "account_receivable_turnover_ratio": 2.02,
            "reinvestment_rate": null,
            "research_to_sale_ratio": null,
            "price_fair": 7.7,
            "eps_avg_yearly": 0.22,
            "eps_latest_yearly": 0.2,
            "eps_growth_yearly": 166.67
        },
        "20194": {
            "year_quarter": 20194,
            "year": 2019,
            "quarter": 4,
            "eps": -0.41,
            "eps_growth_year": null,
            "eps_4q": -1.03,
            "eps_4q_growth_year": null,
            "roe": -7.25,
            "roe_4q": -21.15,
            "gross_profit": 2612,
            "gross_margin": -13.29,
            "gross_margin_4q_avg": 22.05,
            "net_income": -29144,
            "net_income_4q": null,
            "revenue": -19651,
            "revenue_4q": null,
            "common_shares": 731178,
            "book_valuer_per_share": 5.24,
            "book_valuer_per_share_4q_avg": 5.45,
            "equity": 383071,
            "current_ratio": 436.06,
            "debt_ratio": 20.22,
            "inventory_turnover_ratio": -0.27,
            "account_receivable_turnover_ratio": -0.39,
            "reinvestment_rate": null,
            "research_to_sale_ratio": null,
            "price_fair": 7.7,
            "eps_avg_yearly": 0.22,
            "eps_latest_yearly": 0.2,
            "eps_growth_yearly": 166.67
        },
        "20201": {
            "year_quarter": 20201,
            "year": 2020,
            "quarter": 1,
            "eps": 0,
            "eps_growth_year": null,
            "eps_4q": -0.86,
            "eps_4q_growth_year": null,
            "roe": 0.08,
            "roe_4q": -17.71,
            "gross_profit": 29748,
            "gross_margin": 38,
            "gross_margin_4q_avg": 23.33,
            "net_income": 294,
            "net_income_4q": null,
            "revenue": 78284,
            "revenue_4q": null,
            "common_shares": 731178,
            "book_valuer_per_share": 5.24,
            "book_valuer_per_share_4q_avg": 5.31,
            "equity": 383465,
            "current_ratio": 517.04,
            "debt_ratio": 17.5,
            "inventory_turnover_ratio": 0.62,
            "account_receivable_turnover_ratio": 2.04,
            "reinvestment_rate": null,
            "research_to_sale_ratio": null,
            "price_fair": 7.7,
            "eps_avg_yearly": 0.22,
            "eps_latest_yearly": 0.2,
            "eps_growth_yearly": 166.67
        },
        "20202": {
            "year_quarter": 20202,
            "year": 2020,
            "quarter": 2,
            "eps": -0.13,
            "eps_growth_year": null,
            "eps_4q": -0.45,
            "eps_4q_growth_year": null,
            "roe": -1.35,
            "roe_4q": -7.609999999999999,
            "gross_profit": 20652,
            "gross_margin": 36.73,
            "gross_margin_4q_avg": 26.36,
            "net_income": -5128,
            "net_income_4q": null,
            "revenue": 56219,
            "revenue_4q": null,
            "common_shares": 731178,
            "book_valuer_per_share": 5.17,
            "book_valuer_per_share_4q_avg": 5.26,
            "equity": 378337,
            "current_ratio": 525,
            "debt_ratio": 17.9,
            "inventory_turnover_ratio": 0.49,
            "account_receivable_turnover_ratio": 1.78,
            "reinvestment_rate": null,
            "research_to_sale_ratio": null,
            "price_fair": 7.7,
            "eps_avg_yearly": 0.22,
            "eps_latest_yearly": 0.2,
            "eps_growth_yearly": 166.67
        },
        "20203": {
            "year_quarter": 20203,
            "year": 2020,
            "quarter": 3,
            "eps": -0.02,
            "eps_growth_year": -166.67,
            "eps_4q": -0.93,
            "eps_4q_growth_year": null,
            "roe": -0.22,
            "roe_4q": -8.74,
            "gross_profit": 25493,
            "gross_margin": 46.11,
            "gross_margin_4q_avg": 26.89,
            "net_income": -837,
            "net_income_4q": null,
            "revenue": 55287,
            "revenue_4q": null,
            "common_shares": 382737,
            "book_valuer_per_share": 9.86,
            "book_valuer_per_share_4q_avg": 6.38,
            "equity": 377404,
            "current_ratio": 630.88,
            "debt_ratio": 17.1,
            "inventory_turnover_ratio": 0.44,
            "account_receivable_turnover_ratio": 2.29,
            "reinvestment_rate": null,
            "research_to_sale_ratio": null,
            "price_fair": 7.7,
            "eps_avg_yearly": 0.22,
            "eps_latest_yearly": 0.2,
            "eps_growth_yearly": 166.67
        },
        "20204": {
            "year_quarter": 20204,
            "year": 2020,
            "quarter": 4,
            "eps": 0.21,
            "eps_growth_year": null,
            "eps_4q": 0.06,
            "eps_4q_growth_year": null,
            "roe": 2.12,
            "roe_4q": 0.63,
            "gross_profit": 28855,
            "gross_margin": 52.21,
            "gross_margin_4q_avg": 43.26,
            "net_income": 8099,
            "net_income_4q": null,
            "revenue": 55267,
            "revenue_4q": null,
            "common_shares": 382737,
            "book_valuer_per_share": 10.1,
            "book_valuer_per_share_4q_avg": 7.59,
            "equity": 386445,
            "current_ratio": 599.01,
            "debt_ratio": 17.29,
            "inventory_turnover_ratio": 0.39,
            "account_receivable_turnover_ratio": 2.3,
            "reinvestment_rate": null,
            "research_to_sale_ratio": null,
            "price_fair": 7.7,
            "eps_avg_yearly": 0.22,
            "eps_latest_yearly": 0.2,
            "eps_growth_yearly": 166.67
        },
        "20211": {
            "year_quarter": 20211,
            "year": 2021,
            "quarter": 1,
            "eps": -0.04,
            "eps_growth_year": null,
            "eps_4q": 0.02,
            "eps_4q_growth_year": null,
            "roe": -0.35,
            "roe_4q": 0.19999999999999996,
            "gross_profit": 22263,
            "gross_margin": 36.18,
            "gross_margin_4q_avg": 42.81,
            "net_income": -1345,
            "net_income_4q": null,
            "revenue": 61537,
            "revenue_4q": null,
            "common_shares": 382737,
            "book_valuer_per_share": 10.06,
            "book_valuer_per_share_4q_avg": 8.8,
            "equity": 385195,
            "current_ratio": 604.77,
            "debt_ratio": 17.61,
            "inventory_turnover_ratio": 0.59,
            "account_receivable_turnover_ratio": 2.8,
            "reinvestment_rate": null,
            "research_to_sale_ratio": null,
            "price_fair": 7.7,
            "eps_avg_yearly": 0.22,
            "eps_latest_yearly": 0.2,
            "eps_growth_yearly": 166.67
        },
        "20212": {
            "year_quarter": 20212,
            "year": 2021,
            "quarter": 2,
            "eps": -0.28,
            "eps_growth_year": null,
            "eps_4q": -0.12,
            "eps_4q_growth_year": null,
            "roe": -2.78,
            "roe_4q": -1.2299999999999998,
            "gross_profit": 12899,
            "gross_margin": 27.06,
            "gross_margin_4q_avg": 40.39,
            "net_income": -10559,
            "net_income_4q": null,
            "revenue": 47664,
            "revenue_4q": null,
            "common_shares": 382737,
            "book_valuer_per_share": 9.79,
            "book_valuer_per_share_4q_avg": 9.95,
            "equity": 374549,
            "current_ratio": 643.67,
            "debt_ratio": 16.35,
            "inventory_turnover_ratio": 0.57,
            "account_receivable_turnover_ratio": 2.54,
            "reinvestment_rate": null,
            "research_to_sale_ratio": null,
            "price_fair": 7.7,
            "eps_avg_yearly": 0.22,
            "eps_latest_yearly": 0.2,
            "eps_growth_yearly": 166.67
        },
        "20213": {
            "year_quarter": 20213,
            "year": 2021,
            "quarter": 3,
            "eps": -0.17,
            "eps_growth_year": null,
            "eps_4q": -0.27,
            "eps_4q_growth_year": null,
            "roe": -1.72,
            "roe_4q": -2.7299999999999995,
            "gross_profit": 11318,
            "gross_margin": 26.46,
            "gross_margin_4q_avg": 35.48,
            "net_income": -6403,
            "net_income_4q": null,
            "revenue": 42779,
            "revenue_4q": null,
            "common_shares": 382737,
            "book_valuer_per_share": 9.62,
            "book_valuer_per_share_4q_avg": 9.89,
            "equity": 368112,
            "current_ratio": 679.95,
            "debt_ratio": 15.6,
            "inventory_turnover_ratio": 0.6,
            "account_receivable_turnover_ratio": 2.61,
            "reinvestment_rate": null,
            "research_to_sale_ratio": null,
            "price_fair": 0.6,
            "eps_avg_yearly": 0.2,
            "eps_latest_yearly": 0.2,
            "eps_growth_yearly": -66.67
        },
        "20214": {
            "year_quarter": 20214,
            "year": 2021,
            "quarter": 4,
            "eps": -0.31,
            "eps_growth_year": -244.89,
            "eps_4q": -0.78,
            "eps_4q_growth_year": -1337.31,
            "roe": -3.23,
            "roe_4q": -8.08,
            "gross_profit": 19541,
            "gross_margin": 37.44,
            "gross_margin_4q_avg": 31.79,
            "net_income": -11735,
            "net_income_4q": null,
            "revenue": 52197,
            "revenue_4q": null,
            "common_shares": 382737,
            "book_valuer_per_share": 9.36,
            "book_valuer_per_share_4q_avg": 9.71,
            "equity": 358106,
            "current_ratio": 587.67,
            "debt_ratio": 16.59,
            "inventory_turnover_ratio": 0.68,
            "account_receivable_turnover_ratio": 2.88,
            "reinvestment_rate": null,
            "research_to_sale_ratio": null,
            "price_fair": 0,
            "eps_avg_yearly": 0,
            "eps_latest_yearly": 0,
            "eps_growth_yearly": 0
        },
        "20221": {
            "year_quarter": 20221,
            "year": 2022,
            "quarter": 1,
            "eps": 0,
            "eps_growth_year": null,
            "eps_4q": -0.75,
            "eps_4q_growth_year": -3723.52,
            "roe": 0.03,
            "roe_4q": -7.699999999999999,
            "gross_profit": 23646,
            "gross_margin": 38.7,
            "gross_margin_4q_avg": 32.42,
            "net_income": 107,
            "net_income_4q": null,
            "revenue": 61098,
            "revenue_4q": null,
            "common_shares": 382737,
            "book_valuer_per_share": 9.36,
            "book_valuer_per_share_4q_avg": 9.53,
            "equity": 358210,
            "current_ratio": 687.48,
            "debt_ratio": 14.43,
            "inventory_turnover_ratio": 0.8,
            "account_receivable_turnover_ratio": 2.94,
            "reinvestment_rate": null,
            "research_to_sale_ratio": null,
            "price_fair": 0,
            "eps_avg_yearly": 0,
            "eps_latest_yearly": 0,
            "eps_growth_yearly": 0
        },
        "20222": {
            "year_quarter": 20222,
            "year": 2022,
            "quarter": 2,
            "eps": -0.05,
            "eps_growth_year": null,
            "eps_4q": -0.52,
            "eps_4q_growth_year": null,
            "roe": -0.52,
            "roe_4q": -5.4399999999999995,
            "gross_profit": 20048,
            "gross_margin": 38.94,
            "gross_margin_4q_avg": 35.39,
            "net_income": -1874,
            "net_income_4q": null,
            "revenue": 51487,
            "revenue_4q": null,
            "common_shares": 382737,
            "book_valuer_per_share": 9.31,
            "book_valuer_per_share_4q_avg": 9.41,
            "equity": 356454,
            "current_ratio": 704.74,
            "debt_ratio": 14.35,
            "inventory_turnover_ratio": 0.71,
            "account_receivable_turnover_ratio": 2.67,
            "reinvestment_rate": null,
            "research_to_sale_ratio": null,
            "price_fair": 0,
            "eps_avg_yearly": 0,
            "eps_latest_yearly": 0,
            "eps_growth_yearly": 0
        },
        "20223": {
            "year_quarter": 20223,
            "year": 2022,
            "quarter": 3,
            "eps": 0,
            "eps_growth_year": null,
            "eps_4q": -0.35,
            "eps_4q_growth_year": null,
            "roe": 0,
            "roe_4q": -3.7199999999999998,
            "gross_profit": 21555,
            "gross_margin": 40.87,
            "gross_margin_4q_avg": 38.99,
            "net_income": 5,
            "net_income_4q": null,
            "revenue": 52741,
            "revenue_4q": null,
            "common_shares": 382737,
            "book_valuer_per_share": 9.32,
            "book_valuer_per_share_4q_avg": 9.34,
            "equity": 356606,
            "current_ratio": 782.71,
            "debt_ratio": 13.14,
            "inventory_turnover_ratio": 0.73,
            "account_receivable_turnover_ratio": 3.07,
            "reinvestment_rate": null,
            "research_to_sale_ratio": null,
            "price_fair": 0,
            "eps_avg_yearly": 0,
            "eps_latest_yearly": 0,
            "eps_growth_yearly": 0
        },
        "20224": {
            "year_quarter": 20224,
            "year": 2022,
            "quarter": 4,
            "eps": -0.15,
            "eps_growth_year": null,
            "eps_4q": -0.19,
            "eps_4q_growth_year": null,
            "roe": -1.57,
            "roe_4q": -2.06,
            "gross_profit": 21896,
            "gross_margin": 36.65,
            "gross_margin_4q_avg": 38.79,
            "net_income": -5585,
            "net_income_4q": null,
            "revenue": 59742,
            "revenue_4q": null,
            "common_shares": 382737,
            "book_valuer_per_share": 9.23,
            "book_valuer_per_share_4q_avg": 9.31,
            "equity": 353190,
            "current_ratio": 666.13,
            "debt_ratio": 14.44,
            "inventory_turnover_ratio": 0.87,
            "account_receivable_turnover_ratio": 2.58,
            "reinvestment_rate": null,
            "research_to_sale_ratio": null,
            "price_fair": 0,
            "eps_avg_yearly": 0,
            "eps_latest_yearly": 0,
            "eps_growth_yearly": 0
        },
        "20231": {
            "year_quarter": 20231,
            "year": 2023,
            "quarter": 1,
            "eps": -0.14,
            "eps_growth_year": null,
            "eps_4q": -0.34,
            "eps_4q_growth_year": null,
            "roe": -1.57,
            "roe_4q": -3.66,
            "gross_profit": 17715,
            "gross_margin": 37.42,
            "gross_margin_4q_avg": 38.47,
            "net_income": -5494,
            "net_income_4q": null,
            "revenue": 47346,
            "revenue_4q": null,
            "common_shares": 382737,
            "book_valuer_per_share": 9.08,
            "book_valuer_per_share_4q_avg": 9.24,
            "equity": 347696,
            "current_ratio": 738.7,
            "debt_ratio": 12.75,
            "inventory_turnover_ratio": 0.69,
            "account_receivable_turnover_ratio": 1.96,
            "reinvestment_rate": null,
            "research_to_sale_ratio": null,
            "price_fair": 0,
            "eps_avg_yearly": 0,
            "eps_latest_yearly": 0,
            "eps_growth_yearly": 0
        },
        "20232": {
            "year_quarter": 20232,
            "year": 2023,
            "quarter": 2,
            "eps": -0.13,
            "eps_growth_year": null,
            "eps_4q": -0.41,
            "eps_4q_growth_year": null,
            "roe": -1.38,
            "roe_4q": -4.5200000000000005,
            "gross_profit": 16306,
            "gross_margin": 40.26,
            "gross_margin_4q_avg": 38.8,
            "net_income": -4775,
            "net_income_4q": null,
            "revenue": 40501,
            "revenue_4q": null,
            "common_shares": 382737,
            "book_valuer_per_share": 8.95,
            "book_valuer_per_share_4q_avg": 9.15,
            "equity": 342620,
            "current_ratio": 730.28,
            "debt_ratio": 12.73,
            "inventory_turnover_ratio": 0.58,
            "account_receivable_turnover_ratio": 2.69,
            "reinvestment_rate": null,
            "research_to_sale_ratio": null,
            "price_fair": 0,
            "eps_avg_yearly": 0,
            "eps_latest_yearly": 0,
            "eps_growth_yearly": 0
        },
        "20233": {
            "year_quarter": 20233,
            "year": 2023,
            "quarter": 3,
            "eps": -0.1,
            "eps_growth_year": null,
            "eps_4q": -0.51,
            "eps_4q_growth_year": null,
            "roe": -1.12,
            "roe_4q": -5.640000000000001,
            "gross_profit": 19369,
            "gross_margin": 38.69,
            "gross_margin_4q_avg": 38.26,
            "net_income": -3819,
            "net_income_4q": null,
            "revenue": 50059,
            "revenue_4q": null,
            "common_shares": 382737,
            "book_valuer_per_share": 8.87,
            "book_valuer_per_share_4q_avg": 9.03,
            "equity": 339339,
            "current_ratio": 689,
            "debt_ratio": 13.33,
            "inventory_turnover_ratio": 0.74,
            "account_receivable_turnover_ratio": 2.64,
            "reinvestment_rate": null,
            "research_to_sale_ratio": null,
            "price_fair": 0,
            "eps_avg_yearly": 0,
            "eps_latest_yearly": 0,
            "eps_growth_yearly": 0
        }
    },
    "months": {
        "2002-01": {
            "month": "2002-01",
            "price": "23.56",
            "revenue": 75579
        },
        "2002-02": {
            "month": "2002-02",
            "price": "23.25",
            "revenue": 64762
        },
        "2002-03": {
            "month": "2002-03",
            "price": "23.80",
            "revenue": 45574
        },
        "2002-04": {
            "month": "2002-04",
            "price": "23.93",
            "revenue": 63153
        },
        "2002-05": {
            "month": "2002-05",
            "price": "22.92",
            "revenue": 69074
        },
        "2002-06": {
            "month": "2002-06",
            "price": "21.73",
            "revenue": 97146
        },
        "2002-07": {
            "month": "2002-07",
            "price": "18.76",
            "revenue": 75785
        },
        "2002-08": {
            "month": "2002-08",
            "price": "17.03",
            "revenue": 144085
        },
        "2002-09": {
            "month": "2002-09",
            "price": "15.68",
            "revenue": 104430
        },
        "2002-10": {
            "month": "2002-10",
            "price": "14.34",
            "revenue": 158422
        },
        "2002-11": {
            "month": "2002-11",
            "price": "13.71",
            "revenue": 93623
        },
        "2002-12": {
            "month": "2002-12",
            "price": "13.16",
            "revenue": 98847
        },
        "2003-01": {
            "month": "2003-01",
            "price": "13.02",
            "revenue": 171038
        },
        "2003-02": {
            "month": "2003-02",
            "price": "12.55",
            "revenue": 64735
        },
        "2003-03": {
            "month": "2003-03",
            "price": "11.79",
            "revenue": 48221
        },
        "2003-04": {
            "month": "2003-04",
            "price": "11.18",
            "revenue": 64894
        },
        "2003-05": {
            "month": "2003-05",
            "price": "10.44",
            "revenue": 94270
        },
        "2003-06": {
            "month": "2003-06",
            "price": "12.58",
            "revenue": 106866
        },
        "2003-07": {
            "month": "2003-07",
            "price": "11.68",
            "revenue": 114535
        },
        "2003-08": {
            "month": "2003-08",
            "price": "10.61",
            "revenue": 60901
        },
        "2003-09": {
            "month": "2003-09",
            "price": "10.40",
            "revenue": 103539
        },
        "2003-10": {
            "month": "2003-10",
            "price": "10.11",
            "revenue": 108572
        },
        "2003-11": {
            "month": "2003-11",
            "price": "9.94",
            "revenue": 91083
        },
        "2003-12": {
            "month": "2003-12",
            "price": "9.81",
            "revenue": 91196
        },
        "2004-01": {
            "month": "2004-01",
            "price": "9.91",
            "revenue": 164273
        },
        "2004-02": {
            "month": "2004-02",
            "price": "10.62",
            "revenue": 29097
        },
        "2004-03": {
            "month": "2004-03",
            "price": "11.27",
            "revenue": 137938
        },
        "2004-04": {
            "month": "2004-04",
            "price": "12.39",
            "revenue": 112210
        },
        "2004-05": {
            "month": "2004-05",
            "price": "12.75",
            "revenue": 116358
        },
        "2004-06": {
            "month": "2004-06",
            "price": "12.74",
            "revenue": 187514
        },
        "2004-07": {
            "month": "2004-07",
            "price": "10.43",
            "revenue": 117611
        },
        "2004-08": {
            "month": "2004-08",
            "price": "10.14",
            "revenue": 25675
        },
        "2004-09": {
            "month": "2004-09",
            "price": "9.69",
            "revenue": 101226
        },
        "2004-10": {
            "month": "2004-10",
            "price": "9.92",
            "revenue": 124929
        },
        "2004-11": {
            "month": "2004-11",
            "price": "8.86",
            "revenue": 96023
        },
        "2004-12": {
            "month": "2004-12",
            "price": "8.69",
            "revenue": 185733
        },
        "2005-01": {
            "month": "2005-01",
            "price": "8.42",
            "revenue": 103291
        },
        "2005-02": {
            "month": "2005-02",
            "price": "9.15",
            "revenue": 113380
        },
        "2005-03": {
            "month": "2005-03",
            "price": "9.20",
            "revenue": 39629
        },
        "2005-04": {
            "month": "2005-04",
            "price": "9.09",
            "revenue": 91292
        },
        "2005-05": {
            "month": "2005-05",
            "price": "9.08",
            "revenue": 112684
        },
        "2005-06": {
            "month": "2005-06",
            "price": "9.49",
            "revenue": 41126
        },
        "2005-07": {
            "month": "2005-07",
            "price": "9.28",
            "revenue": 81815
        },
        "2005-08": {
            "month": "2005-08",
            "price": "9.30",
            "revenue": 49884
        },
        "2005-09": {
            "month": "2005-09",
            "price": "9.27",
            "revenue": 28474
        },
        "2005-10": {
            "month": "2005-10",
            "price": "9.12",
            "revenue": 78298
        },
        "2005-11": {
            "month": "2005-11",
            "price": "8.32",
            "revenue": 91614
        },
        "2005-12": {
            "month": "2005-12",
            "price": "9.21",
            "revenue": 106863
        },
        "2006-01": {
            "month": "2006-01",
            "price": "9.05",
            "revenue": 156079
        },
        "2006-02": {
            "month": "2006-02",
            "price": "9.56",
            "revenue": 37552
        },
        "2006-03": {
            "month": "2006-03",
            "price": "8.55",
            "revenue": 42264
        },
        "2006-04": {
            "month": "2006-04",
            "price": "9.42",
            "revenue": 99917
        },
        "2006-05": {
            "month": "2006-05",
            "price": "8.91",
            "revenue": 83229
        },
        "2006-06": {
            "month": "2006-06",
            "price": "8.20",
            "revenue": 51678
        },
        "2006-07": {
            "month": "2006-07",
            "price": "8.28",
            "revenue": 225182
        },
        "2006-08": {
            "month": "2006-08",
            "price": "7.89",
            "revenue": 40891
        },
        "2006-09": {
            "month": "2006-09",
            "price": "8.17",
            "revenue": 20646
        },
        "2006-10": {
            "month": "2006-10",
            "price": "9.77",
            "revenue": 57344
        },
        "2006-11": {
            "month": "2006-11",
            "price": "10.37",
            "revenue": 88715
        },
        "2006-12": {
            "month": "2006-12",
            "price": "11.18",
            "revenue": 63781
        },
        "2007-01": {
            "month": "2007-01",
            "price": "11.53",
            "revenue": 79759
        },
        "2007-02": {
            "month": "2007-02",
            "price": "10.65",
            "revenue": 137117
        },
        "2007-03": {
            "month": "2007-03",
            "price": "10.82",
            "revenue": 38252
        },
        "2007-04": {
            "month": "2007-04",
            "price": "11.77",
            "revenue": 44295
        },
        "2007-05": {
            "month": "2007-05",
            "price": "11.75",
            "revenue": 77656
        },
        "2007-06": {
            "month": "2007-06",
            "price": "11.85",
            "revenue": 73217
        },
        "2007-07": {
            "month": "2007-07",
            "price": "13.05",
            "revenue": 62794
        },
        "2007-08": {
            "month": "2007-08",
            "price": "12.08",
            "revenue": 87151
        },
        "2007-09": {
            "month": "2007-09",
            "price": "12.37",
            "revenue": 70574
        },
        "2007-10": {
            "month": "2007-10",
            "price": "11.82",
            "revenue": 83664
        },
        "2007-11": {
            "month": "2007-11",
            "price": "11.95",
            "revenue": 79646
        },
        "2007-12": {
            "month": "2007-12",
            "price": "12.25",
            "revenue": 98890
        },
        "2008-01": {
            "month": "2008-01",
            "price": "13.25",
            "revenue": 123715
        },
        "2008-02": {
            "month": "2008-02",
            "price": "12.55",
            "revenue": 70820
        },
        "2008-03": {
            "month": "2008-03",
            "price": "12.00",
            "revenue": 55567
        },
        "2008-04": {
            "month": "2008-04",
            "price": "11.87",
            "revenue": 55072
        },
        "2008-05": {
            "month": "2008-05",
            "price": "11.73",
            "revenue": 58473
        },
        "2008-06": {
            "month": "2008-06",
            "price": "11.39",
            "revenue": 54759
        },
        "2008-07": {
            "month": "2008-07",
            "price": "10.71",
            "revenue": 58105
        },
        "2008-08": {
            "month": "2008-08",
            "price": "9.75",
            "revenue": 43644
        },
        "2008-09": {
            "month": "2008-09",
            "price": "7.15",
            "revenue": 30142
        },
        "2008-10": {
            "month": "2008-10",
            "price": "5.61",
            "revenue": 95239
        },
        "2008-11": {
            "month": "2008-11",
            "price": "4.72",
            "revenue": 66492
        },
        "2008-12": {
            "month": "2008-12",
            "price": "4.91",
            "revenue": 99127
        },
        "2009-01": {
            "month": "2009-01",
            "price": "5.41",
            "revenue": 108984
        },
        "2009-02": {
            "month": "2009-02",
            "price": "5.65",
            "revenue": 63866
        },
        "2009-03": {
            "month": "2009-03",
            "price": "6.52",
            "revenue": 42476
        },
        "2009-04": {
            "month": "2009-04",
            "price": "6.61",
            "revenue": 40718
        },
        "2009-05": {
            "month": "2009-05",
            "price": "9.60",
            "revenue": 61386
        },
        "2009-06": {
            "month": "2009-06",
            "price": "10.89",
            "revenue": 35614
        },
        "2009-07": {
            "month": "2009-07",
            "price": "7.94",
            "revenue": 53660
        },
        "2009-08": {
            "month": "2009-08",
            "price": "8.33",
            "revenue": 41595
        },
        "2009-09": {
            "month": "2009-09",
            "price": "8.29",
            "revenue": 44381
        },
        "2009-10": {
            "month": "2009-10",
            "price": "8.25",
            "revenue": 38028
        },
        "2009-11": {
            "month": "2009-11",
            "price": "7.95",
            "revenue": 69525
        },
        "2009-12": {
            "month": "2009-12",
            "price": "7.34",
            "revenue": 73700
        },
        "2010-01": {
            "month": "2010-01",
            "price": "7.27",
            "revenue": 61247
        },
        "2010-02": {
            "month": "2010-02",
            "price": "6.90",
            "revenue": 65707
        },
        "2010-03": {
            "month": "2010-03",
            "price": "7.22",
            "revenue": 57605
        },
        "2010-04": {
            "month": "2010-04",
            "price": "15.05",
            "revenue": 53783
        },
        "2010-05": {
            "month": "2010-05",
            "price": "14.00",
            "revenue": 38174
        },
        "2010-06": {
            "month": "2010-06",
            "price": "13.69",
            "revenue": 39461
        },
        "2010-07": {
            "month": "2010-07",
            "price": "13.59",
            "revenue": 55183
        },
        "2010-08": {
            "month": "2010-08",
            "price": "13.86",
            "revenue": 51905
        },
        "2010-09": {
            "month": "2010-09",
            "price": "12.92",
            "revenue": 46816
        },
        "2010-10": {
            "month": "2010-10",
            "price": "10.63",
            "revenue": 45593
        },
        "2010-11": {
            "month": "2010-11",
            "price": "10.25",
            "revenue": 57720
        },
        "2010-12": {
            "month": "2010-12",
            "price": "10.27",
            "revenue": 70770
        },
        "2011-01": {
            "month": "2011-01",
            "price": "10.72",
            "revenue": 57676
        },
        "2011-02": {
            "month": "2011-02",
            "price": "12.07",
            "revenue": 33078
        },
        "2011-03": {
            "month": "2011-03",
            "price": "12.49",
            "revenue": 38821
        },
        "2011-04": {
            "month": "2011-04",
            "price": "12.24",
            "revenue": 38892
        },
        "2011-05": {
            "month": "2011-05",
            "price": "11.44",
            "revenue": 53312
        },
        "2011-06": {
            "month": "2011-06",
            "price": "11.48",
            "revenue": 39354
        },
        "2011-07": {
            "month": "2011-07",
            "price": "11.37",
            "revenue": 40965
        },
        "2011-08": {
            "month": "2011-08",
            "price": "10.23",
            "revenue": 41048
        },
        "2011-09": {
            "month": "2011-09",
            "price": "9.40",
            "revenue": 49480
        },
        "2011-10": {
            "month": "2011-10",
            "price": "10.06",
            "revenue": 47248
        },
        "2011-11": {
            "month": "2011-11",
            "price": "10.35",
            "revenue": 59516
        },
        "2011-12": {
            "month": "2011-12",
            "price": "9.67",
            "revenue": 61204
        },
        "2012-01": {
            "month": "2012-01",
            "price": "9.28",
            "revenue": 55725
        },
        "2012-02": {
            "month": "2012-02",
            "price": "9.27",
            "revenue": 38862
        },
        "2012-03": {
            "month": "2012-03",
            "price": "10.08",
            "revenue": 33795
        },
        "2012-04": {
            "month": "2012-04",
            "price": "10.38",
            "revenue": 36543
        },
        "2012-05": {
            "month": "2012-05",
            "price": "10.15",
            "revenue": 51591
        },
        "2012-06": {
            "month": "2012-06",
            "price": "10.57",
            "revenue": 58811
        },
        "2012-07": {
            "month": "2012-07",
            "price": "10.87",
            "revenue": 45747
        },
        "2012-08": {
            "month": "2012-08",
            "price": "10.59",
            "revenue": 34373
        },
        "2012-09": {
            "month": "2012-09",
            "price": "10.46",
            "revenue": 49683
        },
        "2012-10": {
            "month": "2012-10",
            "price": "11.48",
            "revenue": 61615
        },
        "2012-11": {
            "month": "2012-11",
            "price": "10.97",
            "revenue": 52729
        },
        "2012-12": {
            "month": "2012-12",
            "price": "10.24",
            "revenue": 50406
        },
        "2013-01": {
            "month": "2013-01",
            "price": "10.23",
            "revenue": 68397
        },
        "2013-02": {
            "month": "2013-02",
            "price": "9.98",
            "revenue": 80312
        },
        "2013-03": {
            "month": "2013-03",
            "price": "9.99",
            "revenue": 82939
        },
        "2013-04": {
            "month": "2013-04",
            "price": "10.01",
            "revenue": 68033
        },
        "2013-05": {
            "month": "2013-05",
            "price": "10.09",
            "revenue": 54879
        },
        "2013-06": {
            "month": "2013-06",
            "price": "10.16",
            "revenue": 73599
        },
        "2013-07": {
            "month": "2013-07",
            "price": "10.07",
            "revenue": 66588
        },
        "2013-08": {
            "month": "2013-08",
            "price": "10.15",
            "revenue": 63566
        },
        "2013-09": {
            "month": "2013-09",
            "price": "10.00",
            "revenue": 71548
        },
        "2013-10": {
            "month": "2013-10",
            "price": "10.02",
            "revenue": 90945
        },
        "2013-11": {
            "month": "2013-11",
            "price": "11.16",
            "revenue": 93239
        },
        "2013-12": {
            "month": "2013-12",
            "price": "11.91",
            "revenue": 66826
        },
        "2014-01": {
            "month": "2014-01",
            "price": "12.62",
            "revenue": 64896
        },
        "2014-02": {
            "month": "2014-02",
            "price": "12.53",
            "revenue": 48846
        },
        "2014-03": {
            "month": "2014-03",
            "price": "12.28",
            "revenue": 55384
        },
        "2014-04": {
            "month": "2014-04",
            "price": "11.62",
            "revenue": 81442
        },
        "2014-05": {
            "month": "2014-05",
            "price": "11.80",
            "revenue": 54690
        },
        "2014-06": {
            "month": "2014-06",
            "price": "11.18",
            "revenue": 82063
        },
        "2014-07": {
            "month": "2014-07",
            "price": "12.13",
            "revenue": 60084
        },
        "2014-08": {
            "month": "2014-08",
            "price": "11.97",
            "revenue": 65656
        },
        "2014-09": {
            "month": "2014-09",
            "price": "11.58",
            "revenue": 66512
        },
        "2014-10": {
            "month": "2014-10",
            "price": "11.17",
            "revenue": 76527
        },
        "2014-11": {
            "month": "2014-11",
            "price": "11.21",
            "revenue": 65324
        },
        "2014-12": {
            "month": "2014-12",
            "price": "11.02",
            "revenue": 78657
        },
        "2015-01": {
            "month": "2015-01",
            "price": "10.94",
            "revenue": 57957
        },
        "2015-02": {
            "month": "2015-02",
            "price": "10.95",
            "revenue": 61409
        },
        "2015-03": {
            "month": "2015-03",
            "price": "10.86",
            "revenue": 78533
        },
        "2015-04": {
            "month": "2015-04",
            "price": "10.52",
            "revenue": 67886
        },
        "2015-05": {
            "month": "2015-05",
            "price": "10.57",
            "revenue": 57258
        },
        "2015-06": {
            "month": "2015-06",
            "price": "10.79",
            "revenue": 89334
        },
        "2015-07": {
            "month": "2015-07",
            "price": "10.56",
            "revenue": 61029
        },
        "2015-08": {
            "month": "2015-08",
            "price": "10.39",
            "revenue": 40539
        },
        "2015-09": {
            "month": "2015-09",
            "price": "10.04",
            "revenue": 69205
        },
        "2015-10": {
            "month": "2015-10",
            "price": "9.85",
            "revenue": 62205
        },
        "2015-11": {
            "month": "2015-11",
            "price": "9.32",
            "revenue": 62108
        },
        "2015-12": {
            "month": "2015-12",
            "price": "9.07",
            "revenue": 92875
        },
        "2016-01": {
            "month": "2016-01",
            "price": "8.79",
            "revenue": 61203
        },
        "2016-02": {
            "month": "2016-02",
            "price": "8.90",
            "revenue": 55302
        },
        "2016-03": {
            "month": "2016-03",
            "price": "8.74",
            "revenue": 73141
        },
        "2016-04": {
            "month": "2016-04",
            "price": "8.54",
            "revenue": 53068
        },
        "2016-05": {
            "month": "2016-05",
            "price": "8.43",
            "revenue": 56282
        },
        "2016-06": {
            "month": "2016-06",
            "price": "8.41",
            "revenue": 55871
        },
        "2016-07": {
            "month": "2016-07",
            "price": "8.28",
            "revenue": 74606
        },
        "2016-08": {
            "month": "2016-08",
            "price": "8.55",
            "revenue": 51752
        },
        "2016-09": {
            "month": "2016-09",
            "price": "9.23",
            "revenue": 57869
        },
        "2016-10": {
            "month": "2016-10",
            "price": "9.29",
            "revenue": 52595
        },
        "2016-11": {
            "month": "2016-11",
            "price": "8.65",
            "revenue": 54075
        },
        "2016-12": {
            "month": "2016-12",
            "price": "9.59",
            "revenue": 53074
        },
        "2017-01": {
            "month": "2017-01",
            "price": "9.83",
            "revenue": 44070
        },
        "2017-02": {
            "month": "2017-02",
            "price": "10.87",
            "revenue": 38540
        },
        "2017-03": {
            "month": "2017-03",
            "price": "11.53",
            "revenue": 45876
        },
        "2017-04": {
            "month": "2017-04",
            "price": "9.76",
            "revenue": 66009
        },
        "2017-05": {
            "month": "2017-05",
            "price": "10.66",
            "revenue": 39201
        },
        "2017-06": {
            "month": "2017-06",
            "price": "10.33",
            "revenue": 44226
        },
        "2017-07": {
            "month": "2017-07",
            "price": "10.04",
            "revenue": 51654
        },
        "2017-08": {
            "month": "2017-08",
            "price": "10.03",
            "revenue": 53724
        },
        "2017-09": {
            "month": "2017-09",
            "price": "9.62",
            "revenue": 66178
        },
        "2017-10": {
            "month": "2017-10",
            "price": "9.70",
            "revenue": 53085
        },
        "2017-11": {
            "month": "2017-11",
            "price": "9.78",
            "revenue": 51691
        },
        "2017-12": {
            "month": "2017-12",
            "price": "10.04",
            "revenue": 53161
        },
        "2018-01": {
            "month": "2018-01",
            "price": "9.72",
            "revenue": 38553
        },
        "2018-02": {
            "month": "2018-02",
            "price": "9.46",
            "revenue": 33084
        },
        "2018-03": {
            "month": "2018-03",
            "price": "9.60",
            "revenue": 49916
        },
        "2018-04": {
            "month": "2018-04",
            "price": "9.55",
            "revenue": 41599
        },
        "2018-05": {
            "month": "2018-05",
            "price": "10.23",
            "revenue": 50889
        },
        "2018-06": {
            "month": "2018-06",
            "price": "10.82",
            "revenue": 51852
        },
        "2018-07": {
            "month": "2018-07",
            "price": "10.10",
            "revenue": 53271
        },
        "2018-08": {
            "month": "2018-08",
            "price": "9.56",
            "revenue": 51053
        },
        "2018-09": {
            "month": "2018-09",
            "price": "10.57",
            "revenue": 49606
        },
        "2018-10": {
            "month": "2018-10",
            "price": "9.32",
            "revenue": 37940
        },
        "2018-11": {
            "month": "2018-11",
            "price": "8.18",
            "revenue": 39092
        },
        "2018-12": {
            "month": "2018-12",
            "price": "8.10",
            "revenue": 35603
        },
        "2019-01": {
            "month": "2019-01",
            "price": "9.50",
            "revenue": 34516
        },
        "2019-02": {
            "month": "2019-02",
            "price": "10.70",
            "revenue": 30409
        },
        "2019-03": {
            "month": "2019-03",
            "price": "9.98",
            "revenue": 43985
        },
        "2019-04": {
            "month": "2019-04",
            "price": "9.62",
            "revenue": 40260
        },
        "2019-05": {
            "month": "2019-05",
            "price": "9.09",
            "revenue": 29934
        },
        "2019-06": {
            "month": "2019-06",
            "price": "9.21",
            "revenue": 32084
        },
        "2019-07": {
            "month": "2019-07",
            "price": "8.57",
            "revenue": 45514
        },
        "2019-08": {
            "month": "2019-08",
            "price": "8.27",
            "revenue": 46930
        },
        "2019-09": {
            "month": "2019-09",
            "price": "8.33",
            "revenue": 32058
        },
        "2019-10": {
            "month": "2019-10",
            "price": "8.08",
            "revenue": 29841
        },
        "2019-11": {
            "month": "2019-11",
            "price": "8.00",
            "revenue": 26467
        },
        "2019-12": {
            "month": "2019-12",
            "price": "7.78",
            "revenue": 24413
        },
        "2020-01": {
            "month": "2020-01",
            "price": "7.16",
            "revenue": 31511
        },
        "2020-02": {
            "month": "2020-02",
            "price": "7.47",
            "revenue": 22667
        },
        "2020-03": {
            "month": "2020-03",
            "price": "6.65",
            "revenue": 24107
        },
        "2020-04": {
            "month": "2020-04",
            "price": "6.76",
            "revenue": 19013
        },
        "2020-05": {
            "month": "2020-05",
            "price": "6.64",
            "revenue": 19140
        },
        "2020-06": {
            "month": "2020-06",
            "price": "6.24",
            "revenue": 18066
        },
        "2020-07": {
            "month": "2020-07",
            "price": "5.91",
            "revenue": 18414
        },
        "2020-08": {
            "month": "2020-08",
            "price": "5.73",
            "revenue": 18637
        },
        "2020-09": {
            "month": "2020-09",
            "price": "9.57",
            "revenue": 18236
        },
        "2020-10": {
            "month": "2020-10",
            "price": "13.56",
            "revenue": 16333
        },
        "2020-11": {
            "month": "2020-11",
            "price": "13.36",
            "revenue": 18002
        },
        "2020-12": {
            "month": "2020-12",
            "price": "12.63",
            "revenue": 20932
        },
        "2021-01": {
            "month": "2021-01",
            "price": "14.25",
            "revenue": 21306
        },
        "2021-02": {
            "month": "2021-02",
            "price": "14.01",
            "revenue": 21912
        },
        "2021-03": {
            "month": "2021-03",
            "price": "15.55",
            "revenue": 18319
        },
        "2021-04": {
            "month": "2021-04",
            "price": "17.48",
            "revenue": 19989
        },
        "2021-05": {
            "month": "2021-05",
            "price": "15.78",
            "revenue": 13087
        },
        "2021-06": {
            "month": "2021-06",
            "price": "16.28",
            "revenue": 14587
        },
        "2021-07": {
            "month": "2021-07",
            "price": "16.51",
            "revenue": 14061
        },
        "2021-08": {
            "month": "2021-08",
            "price": "15.26",
            "revenue": 13931
        },
        "2021-09": {
            "month": "2021-09",
            "price": "15.91",
            "revenue": 14788
        },
        "2021-10": {
            "month": "2021-10",
            "price": "14.71",
            "revenue": 16025
        },
        "2021-11": {
            "month": "2021-11",
            "price": "14.24",
            "revenue": 18438
        },
        "2021-12": {
            "month": "2021-12",
            "price": "14.80",
            "revenue": 17734
        },
        "2022-01": {
            "month": "2022-01",
            "price": "16.44",
            "revenue": 20417
        },
        "2022-02": {
            "month": "2022-02",
            "price": "14.32",
            "revenue": 21761
        },
        "2022-03": {
            "month": "2022-03",
            "price": "14.84",
            "revenue": 18921
        },
        "2022-04": {
            "month": "2022-04",
            "price": "15.78",
            "revenue": 17558
        },
        "2022-05": {
            "month": "2022-05",
            "price": "15.31",
            "revenue": 15042
        },
        "2022-06": {
            "month": "2022-06",
            "price": "14.78",
            "revenue": 18887
        },
        "2022-07": {
            "month": "2022-07",
            "price": "14.56",
            "revenue": 18367
        },
        "2022-08": {
            "month": "2022-08",
            "price": "14.26",
            "revenue": 17713
        },
        "2022-09": {
            "month": "2022-09",
            "price": "14.29",
            "revenue": 16662
        },
        "2022-10": {
            "month": "2022-10",
            "price": "14.24",
            "revenue": 16448
        },
        "2022-11": {
            "month": "2022-11",
            "price": "14.69",
            "revenue": 22060
        },
        "2022-12": {
            "month": "2022-12",
            "price": "14.98",
            "revenue": 21233
        },
        "2023-01": {
            "month": "2023-01",
            "price": "14.48",
            "revenue": 17949
        },
        "2023-02": {
            "month": "2023-02",
            "price": "14.18",
            "revenue": 14343
        },
        "2023-03": {
            "month": "2023-03",
            "price": "14.25",
            "revenue": 15055
        },
        "2023-04": {
            "month": "2023-04",
            "price": "14.29",
            "revenue": 13600
        },
        "2023-05": {
            "month": "2023-05",
            "price": "14.92",
            "revenue": 13097
        },
        "2023-06": {
            "month": "2023-06",
            "price": "14.92",
            "revenue": 13803
        },
        "2023-07": {
            "month": "2023-07",
            "price": "14.84",
            "revenue": 16791
        },
        "2023-08": {
            "month": "2023-08",
            "price": "13.91",
            "revenue": 16564
        },
        "2023-09": {
            "month": "2023-09",
            "price": "13.66",
            "revenue": 16704
        },
        "2023-10": {
            "month": "2023-10",
            "price": "13.11",
            "revenue": 16115
        },
        "2023-11": {
            "month": "2023-11",
            "price": "12.94",
            "revenue": 20264
        },
        "2023-12": {
            "month": "2023-12",
            "price": "13.39",
            "revenue": 15711
        }
    }
}
