{
    "summary": {
        "stock_name": "勁永",
        "stock_id": "6145",
        "category": "電子通路",
        "main_business": "Apple商品及週邊配件之買賣<br>電子零組件之製造及買賣",
        "website_url": "",
        "ceo": "邱鈺發",
        "pe_ratio": -1,
        "report_year_from": 2002,
        "report_year_to": 2018,
        "age": 22,
        "eps_negative_percentage": 39,
        "eps_growth_avg": {
            "last_all": -47.11,
            "last_2y": -97.78,
            "last_4y": -21.45,
            "last_8y": -46.89,
            "last_12y": -54.47,
            "last_16y": -47.11,
            "last_20y": null,
            "at_2006_last_3y": -78.95,
            "at_2007_last_3y": -89.5,
            "at_2008_last_3y": -100,
            "at_2009_last_3y": -100,
            "at_2010_last_3y": -100,
            "at_2011_last_3y": -100,
            "at_2012_last_3y": -100,
            "at_2013_last_3y": -97.76,
            "at_2014_last_3y": 2.24,
            "at_2015_last_3y": 4.74,
            "at_2016_last_3y": -20.33,
            "at_2017_last_3y": -21.45,
            "at_2018_last_3y": -61.93,
            "at_2019_last_3y": -61.93,
            "at_2020_last_3y": -61.93,
            "at_2021_last_3y": -61.93,
            "at_2022_last_3y": -61.93,
            "at_2023_last_3y": -61.93,
            "at_2024_last_3y": -61.93,
            "at_2006_last_all": -34.21,
            "at_2007_last_all": -47.37,
            "at_2008_last_all": -47.37,
            "at_2009_last_all": -47.37,
            "at_2010_last_all": -56.14,
            "at_2011_last_all": -56.14,
            "at_2012_last_all": -56.14,
            "at_2013_last_all": -61.77,
            "at_2014_last_all": -41.55,
            "at_2015_last_all": -35.85,
            "at_2016_last_all": -41.82,
            "at_2017_last_all": -47.11,
            "at_2018_last_all": -47.11,
            "at_2019_last_all": -47.11,
            "at_2020_last_all": -47.11,
            "at_2021_last_all": -47.11,
            "at_2022_last_all": -47.11,
            "at_2023_last_all": -47.11,
            "at_2024_last_all": -47.11
        },
        "latest_eps": -6.22,
        "latest_price": 6.31,
        "latest_roe": -58.16,
        "latest_gross_margin": 10.77,
        "latest_equity": 2430773,
        "latest_revenue": 678100,
        "latest_gross_profit": 73060,
        "latest_net_income": 2013,
        "latest_debt_ratio": 67.49,
        "latest_current_ratio": 69.58,
        "latest_account_receivable_turnover_ratio": 5.06,
        "latest_inventory_turnover_ratio": 3.62,
        "latest_reinvestment_rate": null,
        "latest_research_to_sale_ratio": 0.5
    },
    "eps_dividends": {
        "2000": {
            "cash": 2.18,
            "stock": 2.18,
            "eps": 0
        },
        "2001": {
            "cash": 1.9,
            "stock": 1.9,
            "eps": 0.71
        },
        "2002": {
            "cash": 0.45,
            "stock": 1,
            "eps": 6.92
        },
        "2003": {
            "cash": 2.36,
            "stock": 2,
            "eps": 2.19
        },
        "2004": {
            "cash": 0,
            "stock": 1.08,
            "eps": 0.69
        },
        "2005": {
            "cash": 0,
            "stock": 0,
            "eps": -0.14
        },
        "2006": {
            "cash": 0.32,
            "stock": 0,
            "eps": 1.4
        },
        "2007": {
            "cash": 0.55,
            "stock": 0.55,
            "eps": -3.1
        },
        "2008": {
            "cash": 0,
            "stock": 0,
            "eps": -4.8
        },
        "2009": {
            "cash": 0,
            "stock": 0,
            "eps": 3.21
        },
        "2010": {
            "cash": 0.47,
            "stock": 0,
            "eps": -3.89
        },
        "2011": {
            "cash": 0,
            "stock": 0,
            "eps": -2.21
        },
        "2012": {
            "cash": 0,
            "stock": 0,
            "eps": 0.67
        },
        "2013": {
            "cash": 0,
            "stock": 0,
            "eps": 0.03
        },
        "2014": {
            "cash": 0,
            "stock": 0,
            "eps": 0.41
        },
        "2015": {
            "cash": 0.2,
            "stock": 0,
            "eps": 0.45
        },
        "2016": {
            "cash": 0.3,
            "stock": 0,
            "eps": 0.02
        },
        "2017": {
            "cash": 0,
            "stock": 0,
            "eps": -6.31
        },
        "2018": {
            "cash": 0,
            "stock": 0,
            "eps": -0.08
        }
    },
    "dividends": {
        "2000-06-30": {
            "cash": 2.18,
            "stock": 2.18
        },
        "2001-06-20": {
            "cash": 1.9,
            "stock": 1.9
        },
        "2002-05-30": {
            "cash": 0.45,
            "stock": 1
        },
        "2003-04-10": {
            "cash": 2.36,
            "stock": 2
        },
        "2004-03-05": {
            "cash": 0,
            "stock": 1.08
        },
        "2006-04-13": {
            "cash": 0.32,
            "stock": 0
        },
        "2007-04-03": {
            "cash": 0.55,
            "stock": 0.55
        },
        "2010-04-28": {
            "cash": 0.47,
            "stock": 0
        },
        "2015-08-06": {
            "cash": 0.2,
            "stock": 0
        },
        "2016-09-30": {
            "cash": 0.3,
            "stock": 0
        }
    },
    "prices": {
        "200101": "無",
        "200102": "無",
        "200103": "無",
        "200104": "無",
        "200105": "無",
        "200106": "無",
        "200107": "無",
        "200108": "無",
        "200109": "無",
        "200110": "無",
        "200111": "無",
        "200112": "無",
        "200201": "31.41",
        "200202": "58.92",
        "200203": "94.50",
        "200204": "112.64",
        "200205": "86.36",
        "200206": "78.28",
        "200207": "82.76",
        "200208": "75.30",
        "200209": "68.90",
        "200210": "74.91",
        "200211": "76.88",
        "200212": "71.00",
        "200301": "65.63",
        "200302": "54.03",
        "200303": "47.53",
        "200304": "41.51",
        "200305": "32.99",
        "200306": "51.10",
        "200307": "62.07",
        "200308": "43.48",
        "200309": "37.75",
        "200310": "37.91",
        "200311": "38.68",
        "200312": "40.77",
        "200401": "42.67",
        "200402": "41.46",
        "200403": "39.67",
        "200404": "40.99",
        "200405": "34.37",
        "200406": "31.30",
        "200407": "24.60",
        "200408": "21.56",
        "200409": "21.02",
        "200410": "19.52",
        "200411": "11.87",
        "200412": "10.55",
        "200501": "11.34",
        "200502": "15.97",
        "200503": "18.65",
        "200504": "9.95",
        "200505": "8.30",
        "200506": "12.13",
        "200507": "15.08",
        "200508": "14.12",
        "200509": "12.23",
        "200510": "12.59",
        "200511": "13.20",
        "200512": "14.53",
        "200601": "15.31",
        "200602": "14.08",
        "200603": "12.59",
        "200604": "12.64",
        "200605": "11.97",
        "200606": "11.50",
        "200607": "11.20",
        "200608": "11.41",
        "200609": "18.33",
        "200610": "23.31",
        "200611": "27.13",
        "200612": "28.12",
        "200701": "24.10",
        "200702": "21.16",
        "200703": "25.45",
        "200704": "27.39",
        "200705": "26.57",
        "200706": "30.03",
        "200707": "37.45",
        "200708": "32.08",
        "200709": "22.54",
        "200710": "20.93",
        "200711": "16.90",
        "200712": "15.65",
        "200801": "16.55",
        "200802": "16.64",
        "200803": "16.64",
        "200804": "17.73",
        "200805": "17.87",
        "200806": "14.37",
        "200807": "10.10",
        "200808": "8.66",
        "200809": "5.54",
        "200810": "5.26",
        "200811": "3.91",
        "200812": "4.74",
        "200901": "5.75",
        "200902": "7.42",
        "200903": "9.02",
        "200904": "14.95",
        "200905": "18.41",
        "200906": "13.88",
        "200907": "16.53",
        "200908": "18.37",
        "200909": "19.32",
        "200910": "23.54",
        "200911": "28.05",
        "200912": "28.20",
        "201001": "30.74",
        "201002": "27.41",
        "201003": "30.08",
        "201004": "29.94",
        "201005": "23.32",
        "201006": "22.97",
        "201007": "25.07",
        "201008": "22.75",
        "201009": "20.15",
        "201010": "19.25",
        "201011": "14.95",
        "201012": "17.55",
        "201101": "18.17",
        "201102": "18.51",
        "201103": "17.05",
        "201104": "16.09",
        "201105": "12.86",
        "201106": "11.07",
        "201107": "11.40",
        "201108": "11.50",
        "201109": "10.38",
        "201110": "10.07",
        "201111": "10.52",
        "201112": "9.38",
        "201201": "9.88",
        "201202": "11.50",
        "201203": "11.09",
        "201204": "10.09",
        "201205": "9.63",
        "201206": "8.99",
        "201207": "8.21",
        "201208": "9.89",
        "201209": "13.34",
        "201210": "13.40",
        "201211": "11.29",
        "201212": "12.25",
        "201301": "13.74",
        "201302": "20.93",
        "201303": "23.49",
        "201304": "25.79",
        "201305": "23.77",
        "201306": "21.99",
        "201307": "21.56",
        "201308": "21.01",
        "201309": "21.34",
        "201310": "19.59",
        "201311": "15.25",
        "201312": "16.08",
        "201401": "16.60",
        "201402": "15.52",
        "201403": "15.45",
        "201404": "15.12",
        "201405": "14.36",
        "201406": "16.46",
        "201407": "17.08",
        "201408": "16.29",
        "201409": "17.70",
        "201410": "15.76",
        "201411": "15.72",
        "201412": "16.30",
        "201501": "16.10",
        "201502": "16.10",
        "201503": "16.88",
        "201504": "17.09",
        "201505": "17.15",
        "201506": "16.07",
        "201507": "13.89",
        "201508": "11.31",
        "201509": "12.64",
        "201510": "13.43",
        "201511": "13.32",
        "201512": "11.82",
        "201601": "10.11",
        "201602": "10.53",
        "201603": "10.91",
        "201604": "10.21",
        "201605": "9.75",
        "201606": "10.50",
        "201607": "10.57",
        "201608": "10.03",
        "201609": "9.82",
        "201610": "9.70",
        "201611": "8.67",
        "201612": "8.59",
        "201701": "10.47",
        "201702": "14.40",
        "201703": "13.70",
        "201704": "12.28",
        "201705": "11.24",
        "201706": "13.24",
        "201707": "12.60",
        "201708": "12.35",
        "201709": "12.75",
        "201710": "12.80",
        "201711": "13.18",
        "201712": "12.55",
        "201801": "12.53",
        "201802": "11.48",
        "201803": "11.44",
        "201804": "9.24",
        "201805": "8.11",
        "201806": "8.19",
        "201807": "7.88",
        "201808": "7.42",
        "201809": "6.86",
        "201810": "無",
        "201811": "無",
        "201812": "無",
        "201901": "無",
        "201902": "無",
        "201903": "無",
        "201904": "無",
        "201905": "無",
        "201906": "無",
        "201907": "無",
        "201908": "無",
        "201909": "無",
        "201910": "無",
        "201911": "無",
        "201912": "無",
        "202001": "無",
        "202002": "無",
        "202003": "無",
        "202004": "無",
        "202005": "無",
        "202006": "無",
        "202007": "無",
        "202008": "無",
        "202009": "無",
        "202010": "無",
        "202011": "無",
        "202012": "無",
        "202101": "無",
        "202102": "無",
        "202103": "無",
        "202104": "無",
        "202105": "無",
        "202106": "無",
        "202107": "無",
        "202108": "無",
        "202109": "無",
        "202110": "無",
        "202111": "無",
        "202112": "無",
        "202201": "無",
        "202202": "無",
        "202203": "無",
        "202204": "無",
        "202205": "無",
        "202206": "無",
        "202207": "無",
        "202208": "無",
        "202209": "無",
        "202210": "無",
        "202211": "無",
        "202212": "無",
        "202301": "無",
        "202302": "無",
        "202303": "無",
        "202304": "無",
        "202305": "無",
        "202306": "無",
        "202307": "無",
        "202308": "無",
        "202309": "無",
        "202310": "無",
        "202311": "無",
        "202312": "無",
        "202401": "無",
        "202402": "無",
        "202403": "無",
        "202404": "無"
    },
    "quarters": {
        "20011": {
            "year_quarter": 20011,
            "year": 2001,
            "quarter": 1,
            "eps": 0.05,
            "eps_growth_year": null,
            "eps_4q": null,
            "eps_4q_growth_year": null,
            "roe": 0.35,
            "roe_4q": 0.35,
            "gross_profit": 64153,
            "gross_margin": 3.41,
            "gross_margin_4q_avg": 3.41,
            "net_income": 2657,
            "net_income_4q": null,
            "revenue": 1882666,
            "revenue_4q": null,
            "common_shares": 500000,
            "book_valuer_per_share": 14.92,
            "book_valuer_per_share_4q_avg": 14.92,
            "equity": 745973,
            "current_ratio": 128.45,
            "debt_ratio": 68.5,
            "inventory_turnover_ratio": 3.07,
            "account_receivable_turnover_ratio": null,
            "reinvestment_rate": null,
            "research_to_sale_ratio": null,
            "price_fair": 0,
            "eps_avg_yearly": 0,
            "eps_latest_yearly": 0,
            "eps_growth_yearly": 0
        },
        "20012": {
            "year_quarter": 20012,
            "year": 2001,
            "quarter": 2,
            "eps": 0.27,
            "eps_growth_year": null,
            "eps_4q": null,
            "eps_4q_growth_year": null,
            "roe": 1.81,
            "roe_4q": 2.16,
            "gross_profit": 71546,
            "gross_margin": 4.09,
            "gross_margin_4q_avg": 3.75,
            "net_income": 13616,
            "net_income_4q": null,
            "revenue": 1750624,
            "revenue_4q": null,
            "common_shares": 500000,
            "book_valuer_per_share": 15.17,
            "book_valuer_per_share_4q_avg": 15.05,
            "equity": 758717,
            "current_ratio": 133.71,
            "debt_ratio": 65.14,
            "inventory_turnover_ratio": 3.68,
            "account_receivable_turnover_ratio": null,
            "reinvestment_rate": null,
            "research_to_sale_ratio": null,
            "price_fair": 0,
            "eps_avg_yearly": 0,
            "eps_latest_yearly": 0,
            "eps_growth_yearly": 0
        },
        "20013": {
            "year_quarter": 20013,
            "year": 2001,
            "quarter": 3,
            "eps": 0.22,
            "eps_growth_year": null,
            "eps_4q": null,
            "eps_4q_growth_year": null,
            "roe": 1.71,
            "roe_4q": 3.87,
            "gross_profit": 81101,
            "gross_margin": 4.05,
            "gross_margin_4q_avg": 3.85,
            "net_income": 13092,
            "net_income_4q": null,
            "revenue": 2001136,
            "revenue_4q": null,
            "common_shares": 600000,
            "book_valuer_per_share": 12.82,
            "book_valuer_per_share_4q_avg": 14.3,
            "equity": 769090,
            "current_ratio": 135.79,
            "debt_ratio": 65.02,
            "inventory_turnover_ratio": 4.61,
            "account_receivable_turnover_ratio": null,
            "reinvestment_rate": null,
            "research_to_sale_ratio": null,
            "price_fair": 0,
            "eps_avg_yearly": 0,
            "eps_latest_yearly": 0,
            "eps_growth_yearly": 0
        },
        "20014": {
            "year_quarter": 20014,
            "year": 2001,
            "quarter": 4,
            "eps": 0.17,
            "eps_growth_year": null,
            "eps_4q": 0.65,
            "eps_4q_growth_year": null,
            "roe": 1.33,
            "roe_4q": 5.199999999999999,
            "gross_profit": 164900,
            "gross_margin": 7.38,
            "gross_margin_4q_avg": 4.73,
            "net_income": 10403,
            "net_income_4q": null,
            "revenue": 2235039,
            "revenue_4q": null,
            "common_shares": 600000,
            "book_valuer_per_share": 12.96,
            "book_valuer_per_share_4q_avg": 13.97,
            "equity": 792285,
            "current_ratio": 128.01,
            "debt_ratio": 66.84,
            "inventory_turnover_ratio": 3.82,
            "account_receivable_turnover_ratio": null,
            "reinvestment_rate": null,
            "research_to_sale_ratio": null,
            "price_fair": 0,
            "eps_avg_yearly": 0,
            "eps_latest_yearly": 0,
            "eps_growth_yearly": 0
        },
        "20021": {
            "year_quarter": 20021,
            "year": 2002,
            "quarter": 1,
            "eps": 5.48,
            "eps_growth_year": 10860,
            "eps_4q": 6.1,
            "eps_4q_growth_year": null,
            "roe": 34.64,
            "roe_4q": 39.49,
            "gross_profit": 171599,
            "gross_margin": 7.94,
            "gross_margin_4q_avg": 5.87,
            "net_income": 328984,
            "net_income_4q": null,
            "revenue": 2160040,
            "revenue_4q": null,
            "common_shares": 600000,
            "book_valuer_per_share": 18.45,
            "book_valuer_per_share_4q_avg": 14.85,
            "equity": 1107002,
            "current_ratio": 145.5,
            "debt_ratio": 58.95,
            "inventory_turnover_ratio": 2.47,
            "account_receivable_turnover_ratio": null,
            "reinvestment_rate": null,
            "research_to_sale_ratio": null,
            "price_fair": 767.2,
            "eps_avg_yearly": 21.92,
            "eps_latest_yearly": 21.92,
            "eps_growth_yearly": 12494.12
        },
        "20022": {
            "year_quarter": 20022,
            "year": 2002,
            "quarter": 2,
            "eps": -0.47,
            "eps_growth_year": -274.07,
            "eps_4q": 5.4,
            "eps_4q_growth_year": null,
            "roe": -2.62,
            "roe_4q": 35.06,
            "gross_profit": 95471,
            "gross_margin": 4.48,
            "gross_margin_4q_avg": 5.96,
            "net_income": -28231,
            "net_income_4q": null,
            "revenue": 2130554,
            "revenue_4q": null,
            "common_shares": 600000,
            "book_valuer_per_share": 17.44,
            "book_valuer_per_share_4q_avg": 15.42,
            "equity": 1046402,
            "current_ratio": 125.79,
            "debt_ratio": 60.91,
            "inventory_turnover_ratio": 2.96,
            "account_receivable_turnover_ratio": null,
            "reinvestment_rate": null,
            "research_to_sale_ratio": null,
            "price_fair": 767.2,
            "eps_avg_yearly": 21.92,
            "eps_latest_yearly": 21.92,
            "eps_growth_yearly": 12494.12
        },
        "20023": {
            "year_quarter": 20023,
            "year": 2002,
            "quarter": 3,
            "eps": 0.94,
            "eps_growth_year": 327.27,
            "eps_4q": 5.52,
            "eps_4q_growth_year": null,
            "roe": 4.71,
            "roe_4q": 38.06,
            "gross_profit": 114795,
            "gross_margin": 5.35,
            "gross_margin_4q_avg": 6.29,
            "net_income": 63924,
            "net_income_4q": null,
            "revenue": 2146906,
            "revenue_4q": null,
            "common_shares": 763000,
            "book_valuer_per_share": 21.85,
            "book_valuer_per_share_4q_avg": 17.68,
            "equity": 1667074,
            "current_ratio": 205.83,
            "debt_ratio": 38.3,
            "inventory_turnover_ratio": 2.85,
            "account_receivable_turnover_ratio": null,
            "reinvestment_rate": null,
            "research_to_sale_ratio": null,
            "price_fair": 767.2,
            "eps_avg_yearly": 21.92,
            "eps_latest_yearly": 21.92,
            "eps_growth_yearly": 12494.12
        },
        "20024": {
            "year_quarter": 20024,
            "year": 2002,
            "quarter": 4,
            "eps": 0.97,
            "eps_growth_year": 470.59,
            "eps_4q": 6.17,
            "eps_4q_growth_year": 849.49,
            "roe": 3.68,
            "roe_4q": 40.410000000000004,
            "gross_profit": 112656,
            "gross_margin": 4.14,
            "gross_margin_4q_avg": 5.48,
            "net_income": 68021,
            "net_income_4q": null,
            "revenue": 2722830,
            "revenue_4q": null,
            "common_shares": 763000,
            "book_valuer_per_share": 22.73,
            "book_valuer_per_share_4q_avg": 20.12,
            "equity": 2025238,
            "current_ratio": 193.32,
            "debt_ratio": 43.43,
            "inventory_turnover_ratio": 1.89,
            "account_receivable_turnover_ratio": null,
            "reinvestment_rate": null,
            "research_to_sale_ratio": null,
            "price_fair": 451.5,
            "eps_avg_yearly": 12.9,
            "eps_latest_yearly": 3.88,
            "eps_growth_yearly": 6253.44
        },
        "20031": {
            "year_quarter": 20031,
            "year": 2003,
            "quarter": 1,
            "eps": 0.38,
            "eps_growth_year": -93.07,
            "eps_4q": 1.75,
            "eps_4q_growth_year": -71.24,
            "roe": 1.52,
            "roe_4q": 7.29,
            "gross_profit": 103511,
            "gross_margin": 4.39,
            "gross_margin_4q_avg": 4.59,
            "net_income": 28693,
            "net_income_4q": null,
            "revenue": 2355539,
            "revenue_4q": null,
            "common_shares": 763000,
            "book_valuer_per_share": 23.08,
            "book_valuer_per_share_4q_avg": 21.28,
            "equity": 1760666,
            "current_ratio": 210.69,
            "debt_ratio": 31.85,
            "inventory_turnover_ratio": 1.75,
            "account_receivable_turnover_ratio": null,
            "reinvestment_rate": null,
            "research_to_sale_ratio": null,
            "price_fair": 318.73,
            "eps_avg_yearly": 9.11,
            "eps_latest_yearly": 1.52,
            "eps_growth_yearly": 4087.86
        },
        "20032": {
            "year_quarter": 20032,
            "year": 2003,
            "quarter": 2,
            "eps": 0.36,
            "eps_growth_year": null,
            "eps_4q": 2.47,
            "eps_4q_growth_year": -54.22,
            "roe": 1.63,
            "roe_4q": 11.54,
            "gross_profit": 119317,
            "gross_margin": 5.77,
            "gross_margin_4q_avg": 4.91,
            "net_income": 27358,
            "net_income_4q": null,
            "revenue": 2068257,
            "revenue_4q": null,
            "common_shares": 763000,
            "book_valuer_per_share": 20.88,
            "book_valuer_per_share_4q_avg": 22.14,
            "equity": 1593224,
            "current_ratio": 254.91,
            "debt_ratio": 47.15,
            "inventory_turnover_ratio": 3.41,
            "account_receivable_turnover_ratio": null,
            "reinvestment_rate": null,
            "research_to_sale_ratio": null,
            "price_fair": 251.65,
            "eps_avg_yearly": 7.19,
            "eps_latest_yearly": 1.44,
            "eps_growth_yearly": 3060.63
        },
        "20033": {
            "year_quarter": 20033,
            "year": 2003,
            "quarter": 3,
            "eps": 1.32,
            "eps_growth_year": 40.43,
            "eps_4q": 2.61,
            "eps_4q_growth_year": -52.65,
            "roe": 7.23,
            "roe_4q": 14.059999999999999,
            "gross_profit": 145354,
            "gross_margin": 6.74,
            "gross_margin_4q_avg": 5.26,
            "net_income": 126774,
            "net_income_4q": null,
            "revenue": 2157931,
            "revenue_4q": null,
            "common_shares": 1021300,
            "book_valuer_per_share": 18.74,
            "book_valuer_per_share_4q_avg": 21.36,
            "equity": 1913878,
            "current_ratio": 188.27,
            "debt_ratio": 44.59,
            "inventory_turnover_ratio": 3.42,
            "account_receivable_turnover_ratio": null,
            "reinvestment_rate": null,
            "research_to_sale_ratio": null,
            "price_fair": 238.28,
            "eps_avg_yearly": 6.81,
            "eps_latest_yearly": 5.28,
            "eps_growth_yearly": 2661.84
        },
        "20034": {
            "year_quarter": 20034,
            "year": 2003,
            "quarter": 4,
            "eps": 0.13,
            "eps_growth_year": -86.6,
            "eps_4q": 1.96,
            "eps_4q_growth_year": -68.21,
            "roe": 0.6,
            "roe_4q": 10.98,
            "gross_profit": 117598,
            "gross_margin": 4.36,
            "gross_margin_4q_avg": 5.32,
            "net_income": 12975,
            "net_income_4q": null,
            "revenue": 2694566,
            "revenue_4q": null,
            "common_shares": 1063612,
            "book_valuer_per_share": 19.28,
            "book_valuer_per_share_4q_avg": 20.5,
            "equity": 2446123,
            "current_ratio": 159.2,
            "debt_ratio": 60.47,
            "inventory_turnover_ratio": 1.67,
            "account_receivable_turnover_ratio": null,
            "reinvestment_rate": null,
            "research_to_sale_ratio": null,
            "price_fair": 201.6,
            "eps_avg_yearly": 5.76,
            "eps_latest_yearly": 0.52,
            "eps_growth_yearly": 2158.1
        },
        "20041": {
            "year_quarter": 20041,
            "year": 2004,
            "quarter": 1,
            "eps": 1.01,
            "eps_growth_year": 165.79,
            "eps_4q": 2.56,
            "eps_4q_growth_year": 46.26,
            "roe": 4.38,
            "roe_4q": 13.84,
            "gross_profit": 149479,
            "gross_margin": 5.64,
            "gross_margin_4q_avg": 5.63,
            "net_income": 108557,
            "net_income_4q": null,
            "revenue": 2648463,
            "revenue_4q": null,
            "common_shares": 1195385,
            "book_valuer_per_share": 20.97,
            "book_valuer_per_share_4q_avg": 19.97,
            "equity": 2506565,
            "current_ratio": 159.84,
            "debt_ratio": 40.66,
            "inventory_turnover_ratio": 1.59,
            "account_receivable_turnover_ratio": null,
            "reinvestment_rate": null,
            "research_to_sale_ratio": null,
            "price_fair": 193,
            "eps_avg_yearly": 5.51,
            "eps_latest_yearly": 4.04,
            "eps_growth_yearly": 2236.61
        },
        "20042": {
            "year_quarter": 20042,
            "year": 2004,
            "quarter": 2,
            "eps": -0.25,
            "eps_growth_year": -169.44,
            "eps_4q": 1.5,
            "eps_4q_growth_year": -39.27,
            "roe": -1.12,
            "roe_4q": 11.09,
            "gross_profit": 49310,
            "gross_margin": 2.23,
            "gross_margin_4q_avg": 4.74,
            "net_income": -30120,
            "net_income_4q": null,
            "revenue": 2213540,
            "revenue_4q": null,
            "common_shares": 1452255,
            "book_valuer_per_share": 19.72,
            "book_valuer_per_share_4q_avg": 19.68,
            "equity": 2863375,
            "current_ratio": 176.7,
            "debt_ratio": 42.33,
            "inventory_turnover_ratio": 2.17,
            "account_receivable_turnover_ratio": null,
            "reinvestment_rate": null,
            "research_to_sale_ratio": null,
            "price_fair": 193,
            "eps_avg_yearly": 5.51,
            "eps_latest_yearly": 4.04,
            "eps_growth_yearly": 2236.61
        },
        "20043": {
            "year_quarter": 20043,
            "year": 2004,
            "quarter": 3,
            "eps": -0.14,
            "eps_growth_year": -110.61,
            "eps_4q": 0.5,
            "eps_4q_growth_year": -80.88,
            "roe": -0.66,
            "roe_4q": 3.1999999999999997,
            "gross_profit": 100506,
            "gross_margin": 2.31,
            "gross_margin_4q_avg": 3.64,
            "net_income": -18888,
            "net_income_4q": null,
            "revenue": 4353015,
            "revenue_4q": null,
            "common_shares": 1452255,
            "book_valuer_per_share": 19.61,
            "book_valuer_per_share_4q_avg": 19.9,
            "equity": 2847807,
            "current_ratio": 155.42,
            "debt_ratio": 48.53,
            "inventory_turnover_ratio": 3,
            "account_receivable_turnover_ratio": null,
            "reinvestment_rate": null,
            "research_to_sale_ratio": null,
            "price_fair": 193,
            "eps_avg_yearly": 5.51,
            "eps_latest_yearly": 4.04,
            "eps_growth_yearly": 2236.61
        },
        "20044": {
            "year_quarter": 20044,
            "year": 2004,
            "quarter": 4,
            "eps": 0.07,
            "eps_growth_year": -46.15,
            "eps_4q": 0.49,
            "eps_4q_growth_year": -75.05,
            "roe": 0.35,
            "roe_4q": 2.9499999999999997,
            "gross_profit": 377141,
            "gross_margin": 5.82,
            "gross_margin_4q_avg": 4,
            "net_income": 9936,
            "net_income_4q": null,
            "revenue": 6483160,
            "revenue_4q": null,
            "common_shares": 1452255,
            "book_valuer_per_share": 19.17,
            "book_valuer_per_share_4q_avg": 19.87,
            "equity": 2796020,
            "current_ratio": 182.46,
            "debt_ratio": 52.6,
            "inventory_turnover_ratio": 3.35,
            "account_receivable_turnover_ratio": null,
            "reinvestment_rate": 49.1,
            "research_to_sale_ratio": null,
            "price_fair": 193,
            "eps_avg_yearly": 5.51,
            "eps_latest_yearly": 4.04,
            "eps_growth_yearly": 2236.61
        },
        "20051": {
            "year_quarter": 20051,
            "year": 2005,
            "quarter": 1,
            "eps": -0.86,
            "eps_growth_year": -185.15,
            "eps_4q": -1.13,
            "eps_4q_growth_year": -143.98,
            "roe": -4.6,
            "roe_4q": -6.03,
            "gross_profit": 123979,
            "gross_margin": 2.79,
            "gross_margin_4q_avg": 3.29,
            "net_income": -125427,
            "net_income_4q": null,
            "revenue": 4449206,
            "revenue_4q": null,
            "common_shares": 1452325,
            "book_valuer_per_share": 18.28,
            "book_valuer_per_share_4q_avg": 19.2,
            "equity": 2654292,
            "current_ratio": 163.36,
            "debt_ratio": 46.44,
            "inventory_turnover_ratio": 2.9,
            "account_receivable_turnover_ratio": null,
            "reinvestment_rate": -3.96,
            "research_to_sale_ratio": null,
            "price_fair": 193,
            "eps_avg_yearly": 5.51,
            "eps_latest_yearly": 4.04,
            "eps_growth_yearly": 2236.61
        },
        "20052": {
            "year_quarter": 20052,
            "year": 2005,
            "quarter": 2,
            "eps": -0.9,
            "eps_growth_year": null,
            "eps_4q": -1.82,
            "eps_4q_growth_year": -221.34,
            "roe": -5.03,
            "roe_4q": -9.94,
            "gross_profit": 124518,
            "gross_margin": 3.71,
            "gross_margin_4q_avg": 3.66,
            "net_income": -130375,
            "net_income_4q": null,
            "revenue": 3360269,
            "revenue_4q": null,
            "common_shares": 1452325,
            "book_valuer_per_share": 17.44,
            "book_valuer_per_share_4q_avg": 18.63,
            "equity": 2533290,
            "current_ratio": 160.2,
            "debt_ratio": 47.99,
            "inventory_turnover_ratio": 3.87,
            "account_receivable_turnover_ratio": null,
            "reinvestment_rate": -10.67,
            "research_to_sale_ratio": null,
            "price_fair": 193,
            "eps_avg_yearly": 5.51,
            "eps_latest_yearly": 4.04,
            "eps_growth_yearly": 2236.61
        },
        "20053": {
            "year_quarter": 20053,
            "year": 2005,
            "quarter": 3,
            "eps": 1.19,
            "eps_growth_year": null,
            "eps_4q": -0.38,
            "eps_4q_growth_year": -175.81,
            "roe": 6.63,
            "roe_4q": -2.65,
            "gross_profit": 68910,
            "gross_margin": 1.47,
            "gross_margin_4q_avg": 3.45,
            "net_income": 186527,
            "net_income_4q": null,
            "revenue": 4703305,
            "revenue_4q": null,
            "common_shares": 1952325,
            "book_valuer_per_share": 15.84,
            "book_valuer_per_share_4q_avg": 17.68,
            "equity": 3091806,
            "current_ratio": 205.55,
            "debt_ratio": 42.48,
            "inventory_turnover_ratio": 4.59,
            "account_receivable_turnover_ratio": null,
            "reinvestment_rate": -6.63,
            "research_to_sale_ratio": null,
            "price_fair": 193,
            "eps_avg_yearly": 5.51,
            "eps_latest_yearly": 4.04,
            "eps_growth_yearly": 2236.61
        },
        "20054": {
            "year_quarter": 20054,
            "year": 2005,
            "quarter": 4,
            "eps": 0.43,
            "eps_growth_year": 514.29,
            "eps_4q": 0.01,
            "eps_4q_growth_year": -98.12,
            "roe": 2.26,
            "roe_4q": -0.7399999999999993,
            "gross_profit": 59995,
            "gross_margin": 1.35,
            "gross_margin_4q_avg": 2.33,
            "net_income": 70790,
            "net_income_4q": null,
            "revenue": 4451623,
            "revenue_4q": null,
            "common_shares": 1952325,
            "book_valuer_per_share": 16.29,
            "book_valuer_per_share_4q_avg": 16.96,
            "equity": 3181464,
            "current_ratio": 200.51,
            "debt_ratio": 47.88,
            "inventory_turnover_ratio": 2.21,
            "account_receivable_turnover_ratio": null,
            "reinvestment_rate": 47.97,
            "research_to_sale_ratio": null,
            "price_fair": 176.4,
            "eps_avg_yearly": 5.04,
            "eps_latest_yearly": 1.72,
            "eps_growth_yearly": 1925.1
        },
        "20061": {
            "year_quarter": 20061,
            "year": 2006,
            "quarter": 1,
            "eps": -1.19,
            "eps_growth_year": null,
            "eps_4q": -0.53,
            "eps_4q_growth_year": null,
            "roe": -7.49,
            "roe_4q": -3.630000000000001,
            "gross_profit": -123401,
            "gross_margin": -2.62,
            "gross_margin_4q_avg": 0.98,
            "net_income": -229632,
            "net_income_4q": null,
            "revenue": 4704282,
            "revenue_4q": null,
            "common_shares": 1952325,
            "book_valuer_per_share": 15.1,
            "book_valuer_per_share_4q_avg": 16.17,
            "equity": 2947841,
            "current_ratio": 177.88,
            "debt_ratio": 46.05,
            "inventory_turnover_ratio": 2.58,
            "account_receivable_turnover_ratio": null,
            "reinvestment_rate": 81.27,
            "research_to_sale_ratio": null,
            "price_fair": 92,
            "eps_avg_yearly": 2.63,
            "eps_latest_yearly": 1.72,
            "eps_growth_yearly": 415.24
        },
        "20062": {
            "year_quarter": 20062,
            "year": 2006,
            "quarter": 2,
            "eps": 1.01,
            "eps_growth_year": null,
            "eps_4q": 1.15,
            "eps_4q_growth_year": null,
            "roe": 6.48,
            "roe_4q": 7.88,
            "gross_profit": 210161,
            "gross_margin": 4.44,
            "gross_margin_4q_avg": 1.16,
            "net_income": 195135,
            "net_income_4q": null,
            "revenue": 4738717,
            "revenue_4q": null,
            "common_shares": 1952325,
            "book_valuer_per_share": 15.75,
            "book_valuer_per_share_4q_avg": 15.75,
            "equity": 3074352,
            "current_ratio": 216.71,
            "debt_ratio": 42.41,
            "inventory_turnover_ratio": 3.41,
            "account_receivable_turnover_ratio": null,
            "reinvestment_rate": 32.27,
            "research_to_sale_ratio": null,
            "price_fair": 92,
            "eps_avg_yearly": 2.63,
            "eps_latest_yearly": 1.72,
            "eps_growth_yearly": 415.24
        },
        "20063": {
            "year_quarter": 20063,
            "year": 2006,
            "quarter": 3,
            "eps": 1.29,
            "eps_growth_year": 8.4,
            "eps_4q": 1.48,
            "eps_4q_growth_year": null,
            "roe": 7.78,
            "roe_4q": 9.030000000000001,
            "gross_profit": 288313,
            "gross_margin": 4.41,
            "gross_margin_4q_avg": 1.9,
            "net_income": 249253,
            "net_income_4q": null,
            "revenue": 6544821,
            "revenue_4q": null,
            "common_shares": 1952325,
            "book_valuer_per_share": 17.08,
            "book_valuer_per_share_4q_avg": 16.06,
            "equity": 3335054,
            "current_ratio": 192.7,
            "debt_ratio": 47.77,
            "inventory_turnover_ratio": 3.7,
            "account_receivable_turnover_ratio": null,
            "reinvestment_rate": 20.85,
            "research_to_sale_ratio": null,
            "price_fair": 103.08,
            "eps_avg_yearly": 2.95,
            "eps_latest_yearly": 5.16,
            "eps_growth_yearly": 377.2
        },
        "20064": {
            "year_quarter": 20064,
            "year": 2006,
            "quarter": 4,
            "eps": 0.29,
            "eps_growth_year": -32.56,
            "eps_4q": 1.39,
            "eps_4q_growth_year": 14977.13,
            "roe": 1.64,
            "roe_4q": 8.41,
            "gross_profit": 294066,
            "gross_margin": 4.14,
            "gross_margin_4q_avg": 2.59,
            "net_income": 56744,
            "net_income_4q": null,
            "revenue": 7096720,
            "revenue_4q": null,
            "common_shares": 2024718,
            "book_valuer_per_share": 17.69,
            "book_valuer_per_share_4q_avg": 16.41,
            "equity": 3584604,
            "current_ratio": 171.93,
            "debt_ratio": 50.51,
            "inventory_turnover_ratio": 2.87,
            "account_receivable_turnover_ratio": null,
            "reinvestment_rate": 46.34,
            "research_to_sale_ratio": null,
            "price_fair": 91.18,
            "eps_avg_yearly": 2.61,
            "eps_latest_yearly": 1.16,
            "eps_growth_yearly": 336.84
        },
        "20071": {
            "year_quarter": 20071,
            "year": 2007,
            "quarter": 1,
            "eps": 0.02,
            "eps_growth_year": null,
            "eps_4q": 2.75,
            "eps_4q_growth_year": null,
            "roe": 0.1,
            "roe_4q": 16,
            "gross_profit": 170615,
            "gross_margin": 2.85,
            "gross_margin_4q_avg": 3.96,
            "net_income": 3671,
            "net_income_4q": null,
            "revenue": 5978454,
            "revenue_4q": null,
            "common_shares": 2031898,
            "book_valuer_per_share": 17.95,
            "book_valuer_per_share_4q_avg": 17.12,
            "equity": 3647873,
            "current_ratio": 174.42,
            "debt_ratio": 47.59,
            "inventory_turnover_ratio": 2.3,
            "account_receivable_turnover_ratio": null,
            "reinvestment_rate": 21.61,
            "research_to_sale_ratio": null,
            "price_fair": 84.88,
            "eps_avg_yearly": 2.43,
            "eps_latest_yearly": 0.08,
            "eps_growth_yearly": 320.7
        },
        "20072": {
            "year_quarter": 20072,
            "year": 2007,
            "quarter": 2,
            "eps": -0.76,
            "eps_growth_year": -175.25,
            "eps_4q": 0.72,
            "eps_4q_growth_year": -37.56,
            "roe": -4.39,
            "roe_4q": 5.13,
            "gross_profit": -32957,
            "gross_margin": -0.58,
            "gross_margin_4q_avg": 2.71,
            "net_income": -154123,
            "net_income_4q": null,
            "revenue": 5650410,
            "revenue_4q": null,
            "common_shares": 2159848,
            "book_valuer_per_share": 15.61,
            "book_valuer_per_share_4q_avg": 17.08,
            "equity": 3372442,
            "current_ratio": 160.42,
            "debt_ratio": 54.45,
            "inventory_turnover_ratio": 2.05,
            "account_receivable_turnover_ratio": null,
            "reinvestment_rate": 33.58,
            "research_to_sale_ratio": null,
            "price_fair": 89.8,
            "eps_avg_yearly": 2.57,
            "eps_latest_yearly": 0.08,
            "eps_growth_yearly": 369.53
        },
        "20073": {
            "year_quarter": 20073,
            "year": 2007,
            "quarter": 3,
            "eps": 0.72,
            "eps_growth_year": -44.19,
            "eps_4q": 0.28,
            "eps_4q_growth_year": -81.11,
            "roe": 4.37,
            "roe_4q": 1.7200000000000004,
            "gross_profit": 87345,
            "gross_margin": 1.4,
            "gross_margin_4q_avg": 1.95,
            "net_income": 153044,
            "net_income_4q": null,
            "revenue": 6257475,
            "revenue_4q": null,
            "common_shares": 2201843,
            "book_valuer_per_share": 16.5,
            "book_valuer_per_share_4q_avg": 16.94,
            "equity": 3632812,
            "current_ratio": 204.22,
            "debt_ratio": 39.23,
            "inventory_turnover_ratio": 2.38,
            "account_receivable_turnover_ratio": null,
            "reinvestment_rate": 35.04,
            "research_to_sale_ratio": null,
            "price_fair": 73.97,
            "eps_avg_yearly": 2.11,
            "eps_latest_yearly": 0.08,
            "eps_growth_yearly": 253.34
        },
        "20074": {
            "year_quarter": 20074,
            "year": 2007,
            "quarter": 4,
            "eps": -3.08,
            "eps_growth_year": -1162.07,
            "eps_4q": -2.95,
            "eps_4q_growth_year": -312.54,
            "roe": -20.19,
            "roe_4q": -20.11,
            "gross_profit": -31001,
            "gross_margin": -0.56,
            "gross_margin_4q_avg": 0.78,
            "net_income": -666196,
            "net_income_4q": null,
            "revenue": 5491260,
            "revenue_4q": null,
            "common_shares": 2202750,
            "book_valuer_per_share": 13.59,
            "book_valuer_per_share_4q_avg": 15.91,
            "equity": 2967592,
            "current_ratio": 161.77,
            "debt_ratio": 51.61,
            "inventory_turnover_ratio": 2.53,
            "account_receivable_turnover_ratio": null,
            "reinvestment_rate": null,
            "research_to_sale_ratio": null,
            "price_fair": 85.12,
            "eps_avg_yearly": 2.43,
            "eps_latest_yearly": 0.08,
            "eps_growth_yearly": 376.13
        },
        "20081": {
            "year_quarter": 20081,
            "year": 2008,
            "quarter": 1,
            "eps": -0.57,
            "eps_growth_year": -2950,
            "eps_4q": -3.64,
            "eps_4q_growth_year": -232.36,
            "roe": -4.28,
            "roe_4q": -24.490000000000002,
            "gross_profit": 48967,
            "gross_margin": 1.04,
            "gross_margin_4q_avg": 0.33,
            "net_income": -124197,
            "net_income_4q": null,
            "revenue": 4687929,
            "revenue_4q": null,
            "common_shares": 2203816,
            "book_valuer_per_share": 13,
            "book_valuer_per_share_4q_avg": 14.68,
            "equity": 2838157,
            "current_ratio": 160.56,
            "debt_ratio": 51.57,
            "inventory_turnover_ratio": 1.88,
            "account_receivable_turnover_ratio": null,
            "reinvestment_rate": null,
            "research_to_sale_ratio": null,
            "price_fair": 6.09,
            "eps_avg_yearly": 2.03,
            "eps_latest_yearly": 0.08,
            "eps_growth_yearly": -206.77
        },
        "20082": {
            "year_quarter": 20082,
            "year": 2008,
            "quarter": 2,
            "eps": 0.05,
            "eps_growth_year": null,
            "eps_4q": -3.6,
            "eps_4q_growth_year": -600.32,
            "roe": 0.31,
            "roe_4q": -19.79,
            "gross_profit": 237327,
            "gross_margin": 4.48,
            "gross_margin_4q_avg": 1.59,
            "net_income": 8727,
            "net_income_4q": null,
            "revenue": 5298198,
            "revenue_4q": null,
            "common_shares": 2203916,
            "book_valuer_per_share": 12.99,
            "book_valuer_per_share_4q_avg": 14.02,
            "equity": 2867068,
            "current_ratio": 153.26,
            "debt_ratio": 53.37,
            "inventory_turnover_ratio": 1.98,
            "account_receivable_turnover_ratio": null,
            "reinvestment_rate": null,
            "research_to_sale_ratio": null,
            "price_fair": 6.09,
            "eps_avg_yearly": 2.03,
            "eps_latest_yearly": 0.08,
            "eps_growth_yearly": -206.77
        },
        "20083": {
            "year_quarter": 20083,
            "year": 2008,
            "quarter": 3,
            "eps": -0.76,
            "eps_growth_year": -205.56,
            "eps_4q": -4.31,
            "eps_4q_growth_year": -1642.47,
            "roe": -6.03,
            "roe_4q": -30.19,
            "gross_profit": -43346,
            "gross_margin": -1.41,
            "gross_margin_4q_avg": 0.89,
            "net_income": -168254,
            "net_income_4q": null,
            "revenue": 3081006,
            "revenue_4q": null,
            "common_shares": 2203916,
            "book_valuer_per_share": 12.29,
            "book_valuer_per_share_4q_avg": 12.97,
            "equity": 2710815,
            "current_ratio": 171.78,
            "debt_ratio": 44.55,
            "inventory_turnover_ratio": 1.26,
            "account_receivable_turnover_ratio": null,
            "reinvestment_rate": null,
            "research_to_sale_ratio": null,
            "price_fair": 6.09,
            "eps_avg_yearly": 2.03,
            "eps_latest_yearly": 0.08,
            "eps_growth_yearly": -206.77
        },
        "20084": {
            "year_quarter": 20084,
            "year": 2008,
            "quarter": 4,
            "eps": -3.52,
            "eps_growth_year": null,
            "eps_4q": -4.79,
            "eps_4q_growth_year": null,
            "roe": -33.7,
            "roe_4q": -43.7,
            "gross_profit": -737341,
            "gross_margin": -19.15,
            "gross_margin_4q_avg": -3.76,
            "net_income": -778993,
            "net_income_4q": null,
            "revenue": 3850311,
            "revenue_4q": null,
            "common_shares": 2203916,
            "book_valuer_per_share": 8.68,
            "book_valuer_per_share_4q_avg": 11.74,
            "equity": 1912066,
            "current_ratio": 133.68,
            "debt_ratio": 51.32,
            "inventory_turnover_ratio": 2.94,
            "account_receivable_turnover_ratio": 16.55,
            "reinvestment_rate": null,
            "research_to_sale_ratio": null,
            "price_fair": 6.09,
            "eps_avg_yearly": 2.03,
            "eps_latest_yearly": 0.08,
            "eps_growth_yearly": -206.77
        },
        "20091": {
            "year_quarter": 20091,
            "year": 2009,
            "quarter": 1,
            "eps": 1.2,
            "eps_growth_year": null,
            "eps_4q": -2.68,
            "eps_4q_growth_year": null,
            "roe": 13.76,
            "roe_4q": -25.660000000000007,
            "gross_profit": 467308,
            "gross_margin": 14.31,
            "gross_margin_4q_avg": -0.44,
            "net_income": 288722,
            "net_income_4q": null,
            "revenue": 3265525,
            "revenue_4q": null,
            "common_shares": 2503916,
            "book_valuer_per_share": 9.13,
            "book_valuer_per_share_4q_avg": 10.77,
            "equity": 2285710,
            "current_ratio": 152.45,
            "debt_ratio": 48,
            "inventory_turnover_ratio": 2.25,
            "account_receivable_turnover_ratio": 6.69,
            "reinvestment_rate": null,
            "research_to_sale_ratio": null,
            "price_fair": 6.09,
            "eps_avg_yearly": 2.03,
            "eps_latest_yearly": 0.08,
            "eps_growth_yearly": -206.77
        },
        "20092": {
            "year_quarter": 20092,
            "year": 2009,
            "quarter": 2,
            "eps": 0.37,
            "eps_growth_year": 640,
            "eps_4q": -2.3,
            "eps_4q_growth_year": null,
            "roe": 3.89,
            "roe_4q": -22.080000000000005,
            "gross_profit": 264396,
            "gross_margin": 8.09,
            "gross_margin_4q_avg": 0.46,
            "net_income": 90749,
            "net_income_4q": null,
            "revenue": 3269202,
            "revenue_4q": null,
            "common_shares": 2504144,
            "book_valuer_per_share": 9.49,
            "book_valuer_per_share_4q_avg": 9.9,
            "equity": 2376097,
            "current_ratio": 150.3,
            "debt_ratio": 51.75,
            "inventory_turnover_ratio": 1.61,
            "account_receivable_turnover_ratio": 5.94,
            "reinvestment_rate": null,
            "research_to_sale_ratio": null,
            "price_fair": 5.76,
            "eps_avg_yearly": 1.92,
            "eps_latest_yearly": 1.48,
            "eps_growth_yearly": -220.75
        },
        "20093": {
            "year_quarter": 20093,
            "year": 2009,
            "quarter": 3,
            "eps": 1.3,
            "eps_growth_year": null,
            "eps_4q": -0.3,
            "eps_4q_growth_year": null,
            "roe": 12.23,
            "roe_4q": -3.8200000000000003,
            "gross_profit": 488510,
            "gross_margin": 8.93,
            "gross_margin_4q_avg": 3.05,
            "net_income": 321457,
            "net_income_4q": null,
            "revenue": 5472579,
            "revenue_4q": null,
            "common_shares": 2505839,
            "book_valuer_per_share": 11.49,
            "book_valuer_per_share_4q_avg": 9.7,
            "equity": 2879540,
            "current_ratio": 174.19,
            "debt_ratio": 54.6,
            "inventory_turnover_ratio": 2.07,
            "account_receivable_turnover_ratio": 7.34,
            "reinvestment_rate": null,
            "research_to_sale_ratio": null,
            "price_fair": 7.4,
            "eps_avg_yearly": 2.47,
            "eps_latest_yearly": 5.2,
            "eps_growth_yearly": -16.39
        },
        "20094": {
            "year_quarter": 20094,
            "year": 2009,
            "quarter": 4,
            "eps": 0.34,
            "eps_growth_year": null,
            "eps_4q": 2.89,
            "eps_4q_growth_year": null,
            "roe": 2.81,
            "roe_4q": 32.69,
            "gross_profit": 263506,
            "gross_margin": 3.6,
            "gross_margin_4q_avg": 8.73,
            "net_income": 85284,
            "net_income_4q": null,
            "revenue": 7326401,
            "revenue_4q": null,
            "common_shares": 2724256,
            "book_valuer_per_share": 11.74,
            "book_valuer_per_share_4q_avg": 10.46,
            "equity": 3198816,
            "current_ratio": 176.94,
            "debt_ratio": 52.86,
            "inventory_turnover_ratio": 2.44,
            "account_receivable_turnover_ratio": 14.91,
            "reinvestment_rate": null,
            "research_to_sale_ratio": null,
            "price_fair": 7.22,
            "eps_avg_yearly": 2.41,
            "eps_latest_yearly": 1.36,
            "eps_growth_yearly": -23.04
        },
        "20101": {
            "year_quarter": 20101,
            "year": 2010,
            "quarter": 1,
            "eps": 0.83,
            "eps_growth_year": -30.83,
            "eps_4q": 2.65,
            "eps_4q_growth_year": null,
            "roe": 6.79,
            "roe_4q": 25.72,
            "gross_profit": 424354,
            "gross_margin": 5.53,
            "gross_margin_4q_avg": 6.54,
            "net_income": 225021,
            "net_income_4q": null,
            "revenue": 7667436,
            "revenue_4q": null,
            "common_shares": 2725756,
            "book_valuer_per_share": 12.58,
            "book_valuer_per_share_4q_avg": 11.33,
            "equity": 3428188,
            "current_ratio": 170.34,
            "debt_ratio": 55.35,
            "inventory_turnover_ratio": 2.03,
            "account_receivable_turnover_ratio": 7.69,
            "reinvestment_rate": null,
            "research_to_sale_ratio": 0.15,
            "price_fair": 88.8,
            "eps_avg_yearly": 2.54,
            "eps_latest_yearly": 3.32,
            "eps_growth_yearly": 62.6
        },
        "20102": {
            "year_quarter": 20102,
            "year": 2010,
            "quarter": 2,
            "eps": -0.4,
            "eps_growth_year": -207.69,
            "eps_4q": 1.92,
            "eps_4q_growth_year": null,
            "roe": -3.28,
            "roe_4q": 18.55,
            "gross_profit": -38790,
            "gross_margin": -0.75,
            "gross_margin_4q_avg": 4.33,
            "net_income": -108688,
            "net_income_4q": null,
            "revenue": 5159370,
            "revenue_4q": null,
            "common_shares": 2727706,
            "book_valuer_per_share": 11.75,
            "book_valuer_per_share_4q_avg": 11.89,
            "equity": 3205392,
            "current_ratio": 167.53,
            "debt_ratio": 56.08,
            "inventory_turnover_ratio": 1.29,
            "account_receivable_turnover_ratio": 5.87,
            "reinvestment_rate": null,
            "research_to_sale_ratio": 0.21,
            "price_fair": 88.8,
            "eps_avg_yearly": 2.54,
            "eps_latest_yearly": 3.32,
            "eps_growth_yearly": 62.6
        },
        "20103": {
            "year_quarter": 20103,
            "year": 2010,
            "quarter": 3,
            "eps": -2.56,
            "eps_growth_year": -296.98,
            "eps_4q": -1.87,
            "eps_4q_growth_year": null,
            "roe": -24.89,
            "roe_4q": -18.570000000000004,
            "gross_profit": -719990,
            "gross_margin": -15.88,
            "gross_margin_4q_avg": -1.88,
            "net_income": -747821,
            "net_income_4q": null,
            "revenue": 4534063,
            "revenue_4q": null,
            "common_shares": 2920301,
            "book_valuer_per_share": 9.6,
            "book_valuer_per_share_4q_avg": 11.42,
            "equity": 2804087,
            "current_ratio": 251.34,
            "debt_ratio": 38.72,
            "inventory_turnover_ratio": 1.88,
            "account_receivable_turnover_ratio": 5.87,
            "reinvestment_rate": null,
            "research_to_sale_ratio": 0.2,
            "price_fair": 73.5,
            "eps_avg_yearly": 2.1,
            "eps_latest_yearly": 3.32,
            "eps_growth_yearly": 54.56
        },
        "20104": {
            "year_quarter": 20104,
            "year": 2010,
            "quarter": 4,
            "eps": -1.76,
            "eps_growth_year": -617.63,
            "eps_4q": -3.92,
            "eps_4q_growth_year": -235.83,
            "roe": -20.23,
            "roe_4q": -41.61000000000001,
            "gross_profit": -136212,
            "gross_margin": -5.4,
            "gross_margin_4q_avg": -4.13,
            "net_income": -514512,
            "net_income_4q": null,
            "revenue": 2520686,
            "revenue_4q": null,
            "common_shares": 2923471,
            "book_valuer_per_share": 7.8,
            "book_valuer_per_share_4q_avg": 10.43,
            "equity": 2281729,
            "current_ratio": 287.8,
            "debt_ratio": 37.07,
            "inventory_turnover_ratio": 2.36,
            "account_receivable_turnover_ratio": 3.04,
            "reinvestment_rate": null,
            "research_to_sale_ratio": 0.31,
            "price_fair": 80.08,
            "eps_avg_yearly": 2.29,
            "eps_latest_yearly": 3.32,
            "eps_growth_yearly": 127.48
        },
        "20111": {
            "year_quarter": 20111,
            "year": 2011,
            "quarter": 1,
            "eps": 0.02,
            "eps_growth_year": -97.59,
            "eps_4q": -4.67,
            "eps_4q_growth_year": -276.17,
            "roe": 0.22,
            "roe_4q": -48.18000000000001,
            "gross_profit": 93467,
            "gross_margin": 3.98,
            "gross_margin_4q_avg": -4.51,
            "net_income": 5091,
            "net_income_4q": null,
            "revenue": 2347930,
            "revenue_4q": null,
            "common_shares": 2925164,
            "book_valuer_per_share": 7.84,
            "book_valuer_per_share_4q_avg": 9.25,
            "equity": 2294206,
            "current_ratio": 346.91,
            "debt_ratio": 32.95,
            "inventory_turnover_ratio": 3.43,
            "account_receivable_turnover_ratio": 2.41,
            "reinvestment_rate": null,
            "research_to_sale_ratio": 0.38,
            "price_fair": 99.4,
            "eps_avg_yearly": 2.84,
            "eps_latest_yearly": 3.32,
            "eps_growth_yearly": 252.46
        },
        "20112": {
            "year_quarter": 20112,
            "year": 2011,
            "quarter": 2,
            "eps": -0.34,
            "eps_growth_year": null,
            "eps_4q": -4.64,
            "eps_4q_growth_year": -341.83,
            "roe": -4.4,
            "roe_4q": -49.3,
            "gross_profit": -91745,
            "gross_margin": -4.55,
            "gross_margin_4q_avg": -5.46,
            "net_income": -99272,
            "net_income_4q": null,
            "revenue": 2015121,
            "revenue_4q": null,
            "common_shares": 2925164,
            "book_valuer_per_share": 7.6,
            "book_valuer_per_share_4q_avg": 8.21,
            "equity": 2221857,
            "current_ratio": 278.03,
            "debt_ratio": 37.87,
            "inventory_turnover_ratio": 3.65,
            "account_receivable_turnover_ratio": 1.97,
            "reinvestment_rate": null,
            "research_to_sale_ratio": 0.39,
            "price_fair": 99.4,
            "eps_avg_yearly": 2.84,
            "eps_latest_yearly": 3.32,
            "eps_growth_yearly": 252.46
        },
        "20113": {
            "year_quarter": 20113,
            "year": 2011,
            "quarter": 3,
            "eps": 0.27,
            "eps_growth_year": null,
            "eps_4q": -1.81,
            "eps_4q_growth_year": null,
            "roe": 3.45,
            "roe_4q": -20.96,
            "gross_profit": 102821,
            "gross_margin": 5.35,
            "gross_margin_4q_avg": -0.16,
            "net_income": 77786,
            "net_income_4q": null,
            "revenue": 1921863,
            "revenue_4q": null,
            "common_shares": 2925164,
            "book_valuer_per_share": 7.8,
            "book_valuer_per_share_4q_avg": 7.76,
            "equity": 2282427,
            "current_ratio": 321.68,
            "debt_ratio": 34.47,
            "inventory_turnover_ratio": 3.75,
            "account_receivable_turnover_ratio": 2.04,
            "reinvestment_rate": null,
            "research_to_sale_ratio": 0.37,
            "price_fair": 99.4,
            "eps_avg_yearly": 2.84,
            "eps_latest_yearly": 3.32,
            "eps_growth_yearly": 252.46
        },
        "20114": {
            "year_quarter": 20114,
            "year": 2011,
            "quarter": 4,
            "eps": -2.16,
            "eps_growth_year": null,
            "eps_4q": -2.21,
            "eps_4q_growth_year": null,
            "roe": -32.06,
            "roe_4q": -32.790000000000006,
            "gross_profit": 66413,
            "gross_margin": 6.08,
            "gross_margin_4q_avg": 2.72,
            "net_income": -630959,
            "net_income_4q": null,
            "revenue": 1092270,
            "revenue_4q": null,
            "common_shares": 2925164,
            "book_valuer_per_share": 5.66,
            "book_valuer_per_share_4q_avg": 7.23,
            "equity": 1654199,
            "current_ratio": 203.99,
            "debt_ratio": 47.23,
            "inventory_turnover_ratio": 2.2,
            "account_receivable_turnover_ratio": 1.69,
            "reinvestment_rate": null,
            "research_to_sale_ratio": 0.49,
            "price_fair": 99.4,
            "eps_avg_yearly": 2.84,
            "eps_latest_yearly": 3.32,
            "eps_growth_yearly": 252.46
        },
        "20121": {
            "year_quarter": 20121,
            "year": 2012,
            "quarter": 1,
            "eps": -0.7,
            "eps_growth_year": -3600,
            "eps_4q": -2.93,
            "eps_4q_growth_year": null,
            "roe": -13.17,
            "roe_4q": -46.18,
            "gross_profit": -85420,
            "gross_margin": -10.3,
            "gross_margin_4q_avg": -0.86,
            "net_income": -205642,
            "net_income_4q": null,
            "revenue": 829618,
            "revenue_4q": null,
            "common_shares": 2925164,
            "book_valuer_per_share": 5.02,
            "book_valuer_per_share_4q_avg": 6.52,
            "equity": 1468956,
            "current_ratio": 229.52,
            "debt_ratio": 49.58,
            "inventory_turnover_ratio": 2.42,
            "account_receivable_turnover_ratio": 2.74,
            "reinvestment_rate": null,
            "research_to_sale_ratio": 0.8,
            "price_fair": 99.4,
            "eps_avg_yearly": 2.84,
            "eps_latest_yearly": 3.32,
            "eps_growth_yearly": 252.46
        },
        "20122": {
            "year_quarter": 20122,
            "year": 2012,
            "quarter": 2,
            "eps": 0.87,
            "eps_growth_year": null,
            "eps_4q": -1.73,
            "eps_4q_growth_year": null,
            "roe": 16.04,
            "roe_4q": -25.740000000000006,
            "gross_profit": 29390,
            "gross_margin": 4.24,
            "gross_margin_4q_avg": 1.34,
            "net_income": 253750,
            "net_income_4q": null,
            "revenue": 693804,
            "revenue_4q": null,
            "common_shares": 2925164,
            "book_valuer_per_share": 5.8,
            "book_valuer_per_share_4q_avg": 6.07,
            "equity": 1695675,
            "current_ratio": 365.23,
            "debt_ratio": 36.86,
            "inventory_turnover_ratio": 3.58,
            "account_receivable_turnover_ratio": 3.04,
            "reinvestment_rate": null,
            "research_to_sale_ratio": 0.8,
            "price_fair": 99.4,
            "eps_avg_yearly": 2.84,
            "eps_latest_yearly": 3.32,
            "eps_growth_yearly": 252.46
        },
        "20123": {
            "year_quarter": 20123,
            "year": 2012,
            "quarter": 3,
            "eps": 0.13,
            "eps_growth_year": -50.4,
            "eps_4q": -1.86,
            "eps_4q_growth_year": null,
            "roe": 2.25,
            "roe_4q": -26.940000000000005,
            "gross_profit": 187772,
            "gross_margin": 5.72,
            "gross_margin_4q_avg": 1.44,
            "net_income": 38581,
            "net_income_4q": null,
            "revenue": 3282569,
            "revenue_4q": null,
            "common_shares": 2925164,
            "book_valuer_per_share": 5.94,
            "book_valuer_per_share_4q_avg": 5.61,
            "equity": 1737495,
            "current_ratio": 83.6,
            "debt_ratio": 67.26,
            "inventory_turnover_ratio": 12.39,
            "account_receivable_turnover_ratio": 14.98,
            "reinvestment_rate": null,
            "research_to_sale_ratio": 0.23,
            "price_fair": 83.16,
            "eps_avg_yearly": 2.38,
            "eps_latest_yearly": 0.52,
            "eps_growth_yearly": 133.92
        },
        "20124": {
            "year_quarter": 20124,
            "year": 2012,
            "quarter": 4,
            "eps": 0.37,
            "eps_growth_year": null,
            "eps_4q": 0.64,
            "eps_4q_growth_year": null,
            "roe": 4.06,
            "roe_4q": 9.179999999999998,
            "gross_profit": 321232,
            "gross_margin": 7.18,
            "gross_margin_4q_avg": 1.71,
            "net_income": 120988,
            "net_income_4q": null,
            "revenue": 4473554,
            "revenue_4q": null,
            "common_shares": 3255098,
            "book_valuer_per_share": 12.96,
            "book_valuer_per_share_4q_avg": 7.43,
            "equity": 4217876,
            "current_ratio": 184.69,
            "debt_ratio": 39.68,
            "inventory_turnover_ratio": 10.92,
            "account_receivable_turnover_ratio": 21.17,
            "reinvestment_rate": null,
            "research_to_sale_ratio": 0.04,
            "price_fair": 77.93,
            "eps_avg_yearly": 2.23,
            "eps_latest_yearly": 1.48,
            "eps_growth_yearly": 234.68
        },
        "20131": {
            "year_quarter": 20131,
            "year": 2013,
            "quarter": 1,
            "eps": 0.15,
            "eps_growth_year": null,
            "eps_4q": 1.42,
            "eps_4q_growth_year": null,
            "roe": 1.15,
            "roe_4q": 23.5,
            "gross_profit": 191509,
            "gross_margin": 3.95,
            "gross_margin_4q_avg": 5.27,
            "net_income": 49656,
            "net_income_4q": null,
            "revenue": 4843348,
            "revenue_4q": null,
            "common_shares": 3255323,
            "book_valuer_per_share": 13.49,
            "book_valuer_per_share_4q_avg": 9.55,
            "equity": 4387408,
            "current_ratio": 211.11,
            "debt_ratio": 28.25,
            "inventory_turnover_ratio": 13.13,
            "account_receivable_turnover_ratio": 25.59,
            "reinvestment_rate": null,
            "research_to_sale_ratio": 0.08,
            "price_fair": 69.8,
            "eps_avg_yearly": 1.99,
            "eps_latest_yearly": 0.6,
            "eps_growth_yearly": 167.17
        },
        "20132": {
            "year_quarter": 20132,
            "year": 2013,
            "quarter": 2,
            "eps": -0.12,
            "eps_growth_year": -113.83,
            "eps_4q": 0.52,
            "eps_4q_growth_year": null,
            "roe": -0.93,
            "roe_4q": 6.529999999999999,
            "gross_profit": 73820,
            "gross_margin": 3.93,
            "gross_margin_4q_avg": 5.2,
            "net_income": -40895,
            "net_income_4q": null,
            "revenue": 1880057,
            "revenue_4q": null,
            "common_shares": 3255333,
            "book_valuer_per_share": 13.47,
            "book_valuer_per_share_4q_avg": 11.47,
            "equity": 4379085,
            "current_ratio": 273.3,
            "debt_ratio": 23.06,
            "inventory_turnover_ratio": 5.04,
            "account_receivable_turnover_ratio": 9.29,
            "reinvestment_rate": null,
            "research_to_sale_ratio": 0.2,
            "price_fair": 72.8,
            "eps_avg_yearly": 2.08,
            "eps_latest_yearly": 0.6,
            "eps_growth_yearly": 241.15
        },
        "20133": {
            "year_quarter": 20133,
            "year": 2013,
            "quarter": 3,
            "eps": -0.05,
            "eps_growth_year": -137.91,
            "eps_4q": 0.35,
            "eps_4q_growth_year": null,
            "roe": -0.44,
            "roe_4q": 3.8399999999999994,
            "gross_profit": 99090,
            "gross_margin": 5.28,
            "gross_margin_4q_avg": 5.09,
            "net_income": -19106,
            "net_income_4q": null,
            "revenue": 1878100,
            "revenue_4q": null,
            "common_shares": 3255333,
            "book_valuer_per_share": 13.25,
            "book_valuer_per_share_4q_avg": 13.29,
            "equity": 4306657,
            "current_ratio": 245.74,
            "debt_ratio": 25.29,
            "inventory_turnover_ratio": 4.43,
            "account_receivable_turnover_ratio": 8.96,
            "reinvestment_rate": null,
            "research_to_sale_ratio": 0.21,
            "price_fair": 50.96,
            "eps_avg_yearly": 1.46,
            "eps_latest_yearly": 0.6,
            "eps_growth_yearly": 88.3
        },
        "20134": {
            "year_quarter": 20134,
            "year": 2013,
            "quarter": 4,
            "eps": 0.05,
            "eps_growth_year": -85.71,
            "eps_4q": 0.03,
            "eps_4q_growth_year": -94.95,
            "roe": 0.36,
            "roe_4q": 0.1399999999999999,
            "gross_profit": 128054,
            "gross_margin": 5.19,
            "gross_margin_4q_avg": 4.59,
            "net_income": 15792,
            "net_income_4q": null,
            "revenue": 2469356,
            "revenue_4q": null,
            "common_shares": 3255333,
            "book_valuer_per_share": 13.42,
            "book_valuer_per_share_4q_avg": 13.41,
            "equity": 4360744,
            "current_ratio": 174.08,
            "debt_ratio": 23.46,
            "inventory_turnover_ratio": 6.62,
            "account_receivable_turnover_ratio": 12.27,
            "reinvestment_rate": null,
            "research_to_sale_ratio": 0.14,
            "price_fair": 51.8,
            "eps_avg_yearly": 1.48,
            "eps_latest_yearly": 0.6,
            "eps_growth_yearly": 184.22
        },
        "20141": {
            "year_quarter": 20141,
            "year": 2014,
            "quarter": 1,
            "eps": 0.02,
            "eps_growth_year": -86.67,
            "eps_4q": -0.1,
            "eps_4q_growth_year": -106.97,
            "roe": 0.17,
            "roe_4q": -0.8400000000000001,
            "gross_profit": 103543,
            "gross_margin": 6,
            "gross_margin_4q_avg": 5.1,
            "net_income": 7357,
            "net_income_4q": null,
            "revenue": 1726689,
            "revenue_4q": null,
            "common_shares": 3255333,
            "book_valuer_per_share": 13.6,
            "book_valuer_per_share_4q_avg": 13.44,
            "equity": 4426737,
            "current_ratio": 135.44,
            "debt_ratio": 25.27,
            "inventory_turnover_ratio": 5.98,
            "account_receivable_turnover_ratio": 7.66,
            "reinvestment_rate": null,
            "research_to_sale_ratio": 0.14,
            "price_fair": 2.01,
            "eps_avg_yearly": 0.67,
            "eps_latest_yearly": 0.08,
            "eps_growth_yearly": -19.9
        },
        "20142": {
            "year_quarter": 20142,
            "year": 2014,
            "quarter": 2,
            "eps": -0.14,
            "eps_growth_year": null,
            "eps_4q": -0.12,
            "eps_4q_growth_year": -122.28,
            "roe": -1.03,
            "roe_4q": -0.94,
            "gross_profit": 67888,
            "gross_margin": 4.25,
            "gross_margin_4q_avg": 5.18,
            "net_income": -44906,
            "net_income_4q": null,
            "revenue": 1598554,
            "revenue_4q": null,
            "common_shares": 3255333,
            "book_valuer_per_share": 13.22,
            "book_valuer_per_share_4q_avg": 13.37,
            "equity": 4303092,
            "current_ratio": 136.14,
            "debt_ratio": 23.75,
            "inventory_turnover_ratio": 6.07,
            "account_receivable_turnover_ratio": 9.22,
            "reinvestment_rate": null,
            "research_to_sale_ratio": 0.13,
            "price_fair": 2.01,
            "eps_avg_yearly": 0.67,
            "eps_latest_yearly": 0.08,
            "eps_growth_yearly": -19.9
        },
        "20143": {
            "year_quarter": 20143,
            "year": 2014,
            "quarter": 3,
            "eps": 0.14,
            "eps_growth_year": null,
            "eps_4q": 0.07,
            "eps_4q_growth_year": -78.86,
            "roe": 1.02,
            "roe_4q": 0.52,
            "gross_profit": 136899,
            "gross_margin": 12.34,
            "gross_margin_4q_avg": 6.95,
            "net_income": 44390,
            "net_income_4q": null,
            "revenue": 1109454,
            "revenue_4q": null,
            "common_shares": 3255333,
            "book_valuer_per_share": 13.59,
            "book_valuer_per_share_4q_avg": 13.46,
            "equity": 4424816,
            "current_ratio": 135,
            "debt_ratio": 25.86,
            "inventory_turnover_ratio": 4,
            "account_receivable_turnover_ratio": 7.98,
            "reinvestment_rate": null,
            "research_to_sale_ratio": 0.19,
            "price_fair": 2.01,
            "eps_avg_yearly": 0.67,
            "eps_latest_yearly": 0.08,
            "eps_growth_yearly": -19.9
        },
        "20144": {
            "year_quarter": 20144,
            "year": 2014,
            "quarter": 4,
            "eps": 0.39,
            "eps_growth_year": 642.6,
            "eps_4q": 0.42,
            "eps_4q_growth_year": 1189.29,
            "roe": 2.8,
            "roe_4q": 2.96,
            "gross_profit": 364653,
            "gross_margin": 11.71,
            "gross_margin_4q_avg": 8.58,
            "net_income": 128358,
            "net_income_4q": null,
            "revenue": 3113820,
            "revenue_4q": null,
            "common_shares": 3255333,
            "book_valuer_per_share": 14.52,
            "book_valuer_per_share_4q_avg": 13.73,
            "equity": 4727670,
            "current_ratio": 145.3,
            "debt_ratio": 27.25,
            "inventory_turnover_ratio": 13.6,
            "account_receivable_turnover_ratio": 21.73,
            "reinvestment_rate": null,
            "research_to_sale_ratio": 0.09,
            "price_fair": 29.68,
            "eps_avg_yearly": 0.85,
            "eps_latest_yearly": 1.56,
            "eps_growth_yearly": 126.94
        },
        "20151": {
            "year_quarter": 20151,
            "year": 2015,
            "quarter": 1,
            "eps": 0.33,
            "eps_growth_year": 1550,
            "eps_4q": 0.72,
            "eps_4q_growth_year": null,
            "roe": 2.27,
            "roe_4q": 5.06,
            "gross_profit": 218209,
            "gross_margin": 6.99,
            "gross_margin_4q_avg": 8.82,
            "net_income": 107914,
            "net_income_4q": null,
            "revenue": 3123474,
            "revenue_4q": null,
            "common_shares": 3255333,
            "book_valuer_per_share": 14.71,
            "book_valuer_per_share_4q_avg": 14.01,
            "equity": 4786988,
            "current_ratio": 157.89,
            "debt_ratio": 24.77,
            "inventory_turnover_ratio": 19.56,
            "account_receivable_turnover_ratio": 25.43,
            "reinvestment_rate": null,
            "research_to_sale_ratio": 0.11,
            "price_fair": 32.43,
            "eps_avg_yearly": 0.93,
            "eps_latest_yearly": 1.32,
            "eps_growth_yearly": 95.52
        },
        "20152": {
            "year_quarter": 20152,
            "year": 2015,
            "quarter": 2,
            "eps": 0.01,
            "eps_growth_year": null,
            "eps_4q": 0.87,
            "eps_4q_growth_year": null,
            "roe": 0.03,
            "roe_4q": 6.119999999999999,
            "gross_profit": 102987,
            "gross_margin": 4.79,
            "gross_margin_4q_avg": 8.96,
            "net_income": 1277,
            "net_income_4q": null,
            "revenue": 2148862,
            "revenue_4q": null,
            "common_shares": 3255333,
            "book_valuer_per_share": 14.32,
            "book_valuer_per_share_4q_avg": 14.29,
            "equity": 4662458,
            "current_ratio": 178.53,
            "debt_ratio": 24.58,
            "inventory_turnover_ratio": 11.34,
            "account_receivable_turnover_ratio": 14.38,
            "reinvestment_rate": null,
            "research_to_sale_ratio": 0.15,
            "price_fair": 28,
            "eps_avg_yearly": 0.8,
            "eps_latest_yearly": 0.04,
            "eps_growth_yearly": 26.47
        },
        "20153": {
            "year_quarter": 20153,
            "year": 2015,
            "quarter": 3,
            "eps": 0.1,
            "eps_growth_year": -28.57,
            "eps_4q": 0.83,
            "eps_4q_growth_year": 1024.68,
            "roe": 0.7,
            "roe_4q": 5.8,
            "gross_profit": 105248,
            "gross_margin": 7.92,
            "gross_margin_4q_avg": 7.85,
            "net_income": 33904,
            "net_income_4q": null,
            "revenue": 1328699,
            "revenue_4q": null,
            "common_shares": 3255333,
            "book_valuer_per_share": 15.24,
            "book_valuer_per_share_4q_avg": 14.7,
            "equity": 4961516,
            "current_ratio": 230.58,
            "debt_ratio": 23.88,
            "inventory_turnover_ratio": 5.77,
            "account_receivable_turnover_ratio": 7.92,
            "reinvestment_rate": null,
            "research_to_sale_ratio": 0.28,
            "price_fair": 26.25,
            "eps_avg_yearly": 0.75,
            "eps_latest_yearly": 0.4,
            "eps_growth_yearly": 473.16
        },
        "20154": {
            "year_quarter": 20154,
            "year": 2015,
            "quarter": 4,
            "eps": 0.01,
            "eps_growth_year": -96.56,
            "eps_4q": 0.45,
            "eps_4q_growth_year": 9.1,
            "roe": 0.09,
            "roe_4q": 3.09,
            "gross_profit": 141114,
            "gross_margin": 7.85,
            "gross_margin_4q_avg": 6.89,
            "net_income": 4420,
            "net_income_4q": null,
            "revenue": 1798583,
            "revenue_4q": null,
            "common_shares": 3255333,
            "book_valuer_per_share": 15.15,
            "book_valuer_per_share_4q_avg": 14.86,
            "equity": 4931376,
            "current_ratio": 223.51,
            "debt_ratio": 23.83,
            "inventory_turnover_ratio": 6.63,
            "account_receivable_turnover_ratio": 11.02,
            "reinvestment_rate": 99.58,
            "research_to_sale_ratio": 0.27,
            "price_fair": 23.49,
            "eps_avg_yearly": 0.67,
            "eps_latest_yearly": 0.04,
            "eps_growth_yearly": 380.58
        },
        "20161": {
            "year_quarter": 20161,
            "year": 2016,
            "quarter": 1,
            "eps": 0.05,
            "eps_growth_year": -84.85,
            "eps_4q": 0.17,
            "eps_4q_growth_year": -75.89,
            "roe": 0.35,
            "roe_4q": 1.17,
            "gross_profit": 106396,
            "gross_margin": 10.02,
            "gross_margin_4q_avg": 7.65,
            "net_income": 17240,
            "net_income_4q": null,
            "revenue": 1061740,
            "revenue_4q": null,
            "common_shares": 3255333,
            "book_valuer_per_share": 14.95,
            "book_valuer_per_share_4q_avg": 14.92,
            "equity": 4868346,
            "current_ratio": 217.49,
            "debt_ratio": 23.51,
            "inventory_turnover_ratio": 3.13,
            "account_receivable_turnover_ratio": 6.63,
            "reinvestment_rate": 92.48,
            "research_to_sale_ratio": 0.36,
            "price_fair": 21.84,
            "eps_avg_yearly": 0.62,
            "eps_latest_yearly": 0.2,
            "eps_growth_yearly": 502.53
        },
        "20162": {
            "year_quarter": 20162,
            "year": 2016,
            "quarter": 2,
            "eps": -0.04,
            "eps_growth_year": -500,
            "eps_4q": 0.12,
            "eps_4q_growth_year": -85.58,
            "roe": -0.31,
            "roe_4q": 0.83,
            "gross_profit": 90811,
            "gross_margin": 10.2,
            "gross_margin_4q_avg": 9,
            "net_income": -14910,
            "net_income_4q": null,
            "revenue": 890145,
            "revenue_4q": null,
            "common_shares": 3255333,
            "book_valuer_per_share": 14.58,
            "book_valuer_per_share_4q_avg": 14.98,
            "equity": 4744658,
            "current_ratio": 210.52,
            "debt_ratio": 22.95,
            "inventory_turnover_ratio": 2.58,
            "account_receivable_turnover_ratio": 5.16,
            "reinvestment_rate": 139.2,
            "research_to_sale_ratio": 0.33,
            "price_fair": 21.84,
            "eps_avg_yearly": 0.62,
            "eps_latest_yearly": 0.2,
            "eps_growth_yearly": 502.53
        },
        "20163": {
            "year_quarter": 20163,
            "year": 2016,
            "quarter": 3,
            "eps": -0.01,
            "eps_growth_year": -110,
            "eps_4q": 0.01,
            "eps_4q_growth_year": -98.84,
            "roe": -0.08,
            "roe_4q": 0.04999999999999996,
            "gross_profit": 92988,
            "gross_margin": 11.64,
            "gross_margin_4q_avg": 9.93,
            "net_income": -3591,
            "net_income_4q": null,
            "revenue": 798575,
            "revenue_4q": null,
            "common_shares": 3255333,
            "book_valuer_per_share": 14.16,
            "book_valuer_per_share_4q_avg": 14.71,
            "equity": 4611069,
            "current_ratio": 180.76,
            "debt_ratio": 25.55,
            "inventory_turnover_ratio": 2.67,
            "account_receivable_turnover_ratio": 4.18,
            "reinvestment_rate": 145.89,
            "research_to_sale_ratio": 0.4,
            "price_fair": 22.24,
            "eps_avg_yearly": 0.64,
            "eps_latest_yearly": 0.2,
            "eps_growth_yearly": 596.17
        },
        "20164": {
            "year_quarter": 20164,
            "year": 2016,
            "quarter": 4,
            "eps": 0.02,
            "eps_growth_year": 36.96,
            "eps_4q": 0.01,
            "eps_4q_growth_year": -96.75,
            "roe": 0.13,
            "roe_4q": 0.08999999999999997,
            "gross_profit": 107127,
            "gross_margin": 10.08,
            "gross_margin_4q_avg": 10.49,
            "net_income": 6054,
            "net_income_4q": null,
            "revenue": 1063231,
            "revenue_4q": null,
            "common_shares": 3255333,
            "book_valuer_per_share": 14.55,
            "book_valuer_per_share_4q_avg": 14.56,
            "equity": 4738090,
            "current_ratio": 127.23,
            "debt_ratio": 33.84,
            "inventory_turnover_ratio": 3.92,
            "account_receivable_turnover_ratio": 5.11,
            "reinvestment_rate": 223.63,
            "research_to_sale_ratio": 0.31,
            "price_fair": 18.55,
            "eps_avg_yearly": 0.53,
            "eps_latest_yearly": 0.2,
            "eps_growth_yearly": 578.38
        },
        "20171": {
            "year_quarter": 20171,
            "year": 2017,
            "quarter": 1,
            "eps": -0.09,
            "eps_growth_year": -280,
            "eps_4q": -0.13,
            "eps_4q_growth_year": -174.11,
            "roe": -0.65,
            "roe_4q": -0.9099999999999999,
            "gross_profit": 63191,
            "gross_margin": 11.18,
            "gross_margin_4q_avg": 10.78,
            "net_income": -29678,
            "net_income_4q": null,
            "revenue": 565142,
            "revenue_4q": null,
            "common_shares": 3255333,
            "book_valuer_per_share": 13.69,
            "book_valuer_per_share_4q_avg": 14.25,
            "equity": 4455874,
            "current_ratio": 105.71,
            "debt_ratio": 33.74,
            "inventory_turnover_ratio": 1.62,
            "account_receivable_turnover_ratio": 2.65,
            "reinvestment_rate": 0.33,
            "research_to_sale_ratio": 0.58,
            "price_fair": 18.2,
            "eps_avg_yearly": 0.52,
            "eps_latest_yearly": 0.2,
            "eps_growth_yearly": 694.98
        },
        "20172": {
            "year_quarter": 20172,
            "year": 2017,
            "quarter": 2,
            "eps": -0.09,
            "eps_growth_year": null,
            "eps_4q": -0.17,
            "eps_4q_growth_year": -235.19,
            "roe": -0.62,
            "roe_4q": -1.2200000000000002,
            "gross_profit": 60173,
            "gross_margin": 14.53,
            "gross_margin_4q_avg": 11.86,
            "net_income": -27678,
            "net_income_4q": null,
            "revenue": 414172,
            "revenue_4q": null,
            "common_shares": 3255333,
            "book_valuer_per_share": 13.67,
            "book_valuer_per_share_4q_avg": 14.02,
            "equity": 4522414,
            "current_ratio": 106.2,
            "debt_ratio": 38.35,
            "inventory_turnover_ratio": 1.23,
            "account_receivable_turnover_ratio": 2.41,
            "reinvestment_rate": 351.6,
            "research_to_sale_ratio": 0.75,
            "price_fair": 18.2,
            "eps_avg_yearly": 0.52,
            "eps_latest_yearly": 0.2,
            "eps_growth_yearly": 694.98
        },
        "20173": {
            "year_quarter": 20173,
            "year": 2017,
            "quarter": 3,
            "eps": -0.1,
            "eps_growth_year": null,
            "eps_4q": -0.26,
            "eps_4q_growth_year": -2826.58,
            "roe": -0.77,
            "roe_4q": -1.9100000000000001,
            "gross_profit": 53248,
            "gross_margin": 9.85,
            "gross_margin_4q_avg": 11.41,
            "net_income": -34589,
            "net_income_4q": null,
            "revenue": 540343,
            "revenue_4q": null,
            "common_shares": 3255333,
            "book_valuer_per_share": 13.54,
            "book_valuer_per_share_4q_avg": 13.86,
            "equity": 4479665,
            "current_ratio": 111.63,
            "debt_ratio": 41.85,
            "inventory_turnover_ratio": 1.91,
            "account_receivable_turnover_ratio": 4.16,
            "reinvestment_rate": 459.21,
            "research_to_sale_ratio": 0.64,
            "price_fair": 18.2,
            "eps_avg_yearly": 0.52,
            "eps_latest_yearly": 0.2,
            "eps_growth_yearly": 694.98
        },
        "20174": {
            "year_quarter": 20174,
            "year": 2017,
            "quarter": 4,
            "eps": -6.03,
            "eps_growth_year": -32517.58,
            "eps_4q": -6.31,
            "eps_4q_growth_year": -42967.99,
            "roe": -56.16,
            "roe_4q": -58.199999999999996,
            "gross_profit": 128683,
            "gross_margin": 11.24,
            "gross_margin_4q_avg": 11.7,
            "net_income": -1962612,
            "net_income_4q": null,
            "revenue": 1144610,
            "revenue_4q": null,
            "common_shares": 3255333,
            "book_valuer_per_share": 7.49,
            "book_valuer_per_share_4q_avg": 12.1,
            "equity": 2510215,
            "current_ratio": 114.38,
            "debt_ratio": 58.46,
            "inventory_turnover_ratio": 3.32,
            "account_receivable_turnover_ratio": 7.21,
            "reinvestment_rate": null,
            "research_to_sale_ratio": 0.3,
            "price_fair": 18.2,
            "eps_avg_yearly": 0.52,
            "eps_latest_yearly": 0.2,
            "eps_growth_yearly": 694.98
        },
        "20181": {
            "year_quarter": 20181,
            "year": 2018,
            "quarter": 1,
            "eps": -0.08,
            "eps_growth_year": null,
            "eps_4q": -6.3,
            "eps_4q_growth_year": null,
            "roe": -1.09,
            "roe_4q": -58.64,
            "gross_profit": 66904,
            "gross_margin": 8.93,
            "gross_margin_4q_avg": 11.14,
            "net_income": -26713,
            "net_income_4q": null,
            "revenue": 748917,
            "revenue_4q": null,
            "common_shares": 3255333,
            "book_valuer_per_share": 7.07,
            "book_valuer_per_share_4q_avg": 10.44,
            "equity": 2373759,
            "current_ratio": 86.51,
            "debt_ratio": 62.63,
            "inventory_turnover_ratio": 2.71,
            "account_receivable_turnover_ratio": 4.58,
            "reinvestment_rate": null,
            "research_to_sale_ratio": 0.55,
            "price_fair": 20.77,
            "eps_avg_yearly": 0.59,
            "eps_latest_yearly": 0.2,
            "eps_growth_yearly": 850.81
        },
        "20182": {
            "year_quarter": 20182,
            "year": 2018,
            "quarter": 2,
            "eps": 0,
            "eps_growth_year": null,
            "eps_4q": -6.22,
            "eps_4q_growth_year": null,
            "roe": 0.08,
            "roe_4q": -57.94,
            "gross_profit": 73060,
            "gross_margin": 10.77,
            "gross_margin_4q_avg": 10.2,
            "net_income": 2013,
            "net_income_4q": null,
            "revenue": 678100,
            "revenue_4q": null,
            "common_shares": 3255333,
            "book_valuer_per_share": 7.24,
            "book_valuer_per_share_4q_avg": 8.84,
            "equity": 2430773,
            "current_ratio": 69.58,
            "debt_ratio": 67.49,
            "inventory_turnover_ratio": 3.62,
            "account_receivable_turnover_ratio": 5.06,
            "reinvestment_rate": null,
            "research_to_sale_ratio": 0.5,
            "price_fair": 20.77,
            "eps_avg_yearly": 0.59,
            "eps_latest_yearly": 0.2,
            "eps_growth_yearly": 850.81
        }
    },
    "months": {
        "2002-01": {
            "month": "2002-01",
            "price": "31.41",
            "revenue": 878339
        },
        "2002-02": {
            "month": "2002-02",
            "price": "58.92",
            "revenue": 626872
        },
        "2002-03": {
            "month": "2002-03",
            "price": "94.50",
            "revenue": 654830
        },
        "2002-04": {
            "month": "2002-04",
            "price": "112.64",
            "revenue": 727564
        },
        "2002-05": {
            "month": "2002-05",
            "price": "86.36",
            "revenue": 636092
        },
        "2002-06": {
            "month": "2002-06",
            "price": "78.28",
            "revenue": 766898
        },
        "2002-07": {
            "month": "2002-07",
            "price": "82.76",
            "revenue": 722668
        },
        "2002-08": {
            "month": "2002-08",
            "price": "75.30",
            "revenue": 635635
        },
        "2002-09": {
            "month": "2002-09",
            "price": "68.90",
            "revenue": 788603
        },
        "2002-10": {
            "month": "2002-10",
            "price": "74.91",
            "revenue": 915189
        },
        "2002-11": {
            "month": "2002-11",
            "price": "76.88",
            "revenue": 781849
        },
        "2002-12": {
            "month": "2002-12",
            "price": "71.00",
            "revenue": 1044357
        },
        "2003-01": {
            "month": "2003-01",
            "price": "65.63",
            "revenue": 981777
        },
        "2003-02": {
            "month": "2003-02",
            "price": "54.03",
            "revenue": 522598
        },
        "2003-03": {
            "month": "2003-03",
            "price": "47.53",
            "revenue": 827555
        },
        "2003-04": {
            "month": "2003-04",
            "price": "41.51",
            "revenue": 584222
        },
        "2003-05": {
            "month": "2003-05",
            "price": "32.99",
            "revenue": 602841
        },
        "2003-06": {
            "month": "2003-06",
            "price": "51.10",
            "revenue": 862343
        },
        "2003-07": {
            "month": "2003-07",
            "price": "62.07",
            "revenue": 737229
        },
        "2003-08": {
            "month": "2003-08",
            "price": "43.48",
            "revenue": 645064
        },
        "2003-09": {
            "month": "2003-09",
            "price": "37.75",
            "revenue": 767088
        },
        "2003-10": {
            "month": "2003-10",
            "price": "37.91",
            "revenue": 1133421
        },
        "2003-11": {
            "month": "2003-11",
            "price": "38.68",
            "revenue": 815000
        },
        "2003-12": {
            "month": "2003-12",
            "price": "40.77",
            "revenue": 930783
        },
        "2004-01": {
            "month": "2004-01",
            "price": "42.67",
            "revenue": 897635
        },
        "2004-02": {
            "month": "2004-02",
            "price": "41.46",
            "revenue": 725899
        },
        "2004-03": {
            "month": "2004-03",
            "price": "39.67",
            "revenue": 1037821
        },
        "2004-04": {
            "month": "2004-04",
            "price": "40.99",
            "revenue": 907438
        },
        "2004-05": {
            "month": "2004-05",
            "price": "34.37",
            "revenue": 1037367
        },
        "2004-06": {
            "month": "2004-06",
            "price": "31.30",
            "revenue": 1357218
        },
        "2004-07": {
            "month": "2004-07",
            "price": "24.60",
            "revenue": 1123268
        },
        "2004-08": {
            "month": "2004-08",
            "price": "21.56",
            "revenue": 1392027
        },
        "2004-09": {
            "month": "2004-09",
            "price": "21.02",
            "revenue": 2171427
        },
        "2004-10": {
            "month": "2004-10",
            "price": "19.52",
            "revenue": 2210784
        },
        "2004-11": {
            "month": "2004-11",
            "price": "11.87",
            "revenue": 2154188
        },
        "2004-12": {
            "month": "2004-12",
            "price": "10.55",
            "revenue": 2496395
        },
        "2005-01": {
            "month": "2005-01",
            "price": "11.34",
            "revenue": 1627468
        },
        "2005-02": {
            "month": "2005-02",
            "price": "15.97",
            "revenue": 1362655
        },
        "2005-03": {
            "month": "2005-03",
            "price": "18.65",
            "revenue": 1540906
        },
        "2005-04": {
            "month": "2005-04",
            "price": "9.95",
            "revenue": 1129498
        },
        "2005-05": {
            "month": "2005-05",
            "price": "8.30",
            "revenue": 1197059
        },
        "2005-06": {
            "month": "2005-06",
            "price": "12.13",
            "revenue": 1279467
        },
        "2005-07": {
            "month": "2005-07",
            "price": "15.08",
            "revenue": 1460327
        },
        "2005-08": {
            "month": "2005-08",
            "price": "14.12",
            "revenue": 1522171
        },
        "2005-09": {
            "month": "2005-09",
            "price": "12.23",
            "revenue": 1709786
        },
        "2005-10": {
            "month": "2005-10",
            "price": "12.59",
            "revenue": 1583820
        },
        "2005-11": {
            "month": "2005-11",
            "price": "13.20",
            "revenue": 1631069
        },
        "2005-12": {
            "month": "2005-12",
            "price": "14.53",
            "revenue": 1417351
        },
        "2006-01": {
            "month": "2006-01",
            "price": "15.31",
            "revenue": 1316725
        },
        "2006-02": {
            "month": "2006-02",
            "price": "14.08",
            "revenue": 1544647
        },
        "2006-03": {
            "month": "2006-03",
            "price": "12.59",
            "revenue": 1839589
        },
        "2006-04": {
            "month": "2006-04",
            "price": "12.64",
            "revenue": 1707840
        },
        "2006-05": {
            "month": "2006-05",
            "price": "11.97",
            "revenue": 1620045
        },
        "2006-06": {
            "month": "2006-06",
            "price": "11.50",
            "revenue": 1408487
        },
        "2006-07": {
            "month": "2006-07",
            "price": "11.20",
            "revenue": 1802914
        },
        "2006-08": {
            "month": "2006-08",
            "price": "11.41",
            "revenue": 2423879
        },
        "2006-09": {
            "month": "2006-09",
            "price": "18.33",
            "revenue": 2510738
        },
        "2006-10": {
            "month": "2006-10",
            "price": "23.31",
            "revenue": 2192946
        },
        "2006-11": {
            "month": "2006-11",
            "price": "27.13",
            "revenue": 2380296
        },
        "2006-12": {
            "month": "2006-12",
            "price": "28.12",
            "revenue": 2417760
        },
        "2007-01": {
            "month": "2007-01",
            "price": "24.10",
            "revenue": 2305878
        },
        "2007-02": {
            "month": "2007-02",
            "price": "21.16",
            "revenue": 1732909
        },
        "2007-03": {
            "month": "2007-03",
            "price": "25.45",
            "revenue": 2779329
        },
        "2007-04": {
            "month": "2007-04",
            "price": "27.39",
            "revenue": 2081057
        },
        "2007-05": {
            "month": "2007-05",
            "price": "26.57",
            "revenue": 2269699
        },
        "2007-06": {
            "month": "2007-06",
            "price": "30.03",
            "revenue": 2381913
        },
        "2007-07": {
            "month": "2007-07",
            "price": "37.45",
            "revenue": 2589044
        },
        "2007-08": {
            "month": "2007-08",
            "price": "32.08",
            "revenue": 2545652
        },
        "2007-09": {
            "month": "2007-09",
            "price": "22.54",
            "revenue": 2338344
        },
        "2007-10": {
            "month": "2007-10",
            "price": "20.93",
            "revenue": 2736786
        },
        "2007-11": {
            "month": "2007-11",
            "price": "16.90",
            "revenue": 2246353
        },
        "2007-12": {
            "month": "2007-12",
            "price": "15.65",
            "revenue": 2114661
        },
        "2008-01": {
            "month": "2008-01",
            "price": "16.55",
            "revenue": 1593061
        },
        "2008-02": {
            "month": "2008-02",
            "price": "16.64",
            "revenue": 1361239
        },
        "2008-03": {
            "month": "2008-03",
            "price": "16.64",
            "revenue": 1729319
        },
        "2008-04": {
            "month": "2008-04",
            "price": "17.73",
            "revenue": 1583266
        },
        "2008-05": {
            "month": "2008-05",
            "price": "17.87",
            "revenue": 1322343
        },
        "2008-06": {
            "month": "2008-06",
            "price": "14.37",
            "revenue": 1508804
        },
        "2008-07": {
            "month": "2008-07",
            "price": "10.10",
            "revenue": 1450872
        },
        "2008-08": {
            "month": "2008-08",
            "price": "8.66",
            "revenue": 1330250
        },
        "2008-09": {
            "month": "2008-09",
            "price": "5.54",
            "revenue": 1073725
        },
        "2008-10": {
            "month": "2008-10",
            "price": "5.26",
            "revenue": 1221779
        },
        "2008-11": {
            "month": "2008-11",
            "price": "3.91",
            "revenue": 1111220
        },
        "2008-12": {
            "month": "2008-12",
            "price": "4.74",
            "revenue": 1378494
        },
        "2009-01": {
            "month": "2009-01",
            "price": "5.75",
            "revenue": 850060
        },
        "2009-02": {
            "month": "2009-02",
            "price": "7.42",
            "revenue": 1100796
        },
        "2009-03": {
            "month": "2009-03",
            "price": "9.02",
            "revenue": 1264627
        },
        "2009-04": {
            "month": "2009-04",
            "price": "14.95",
            "revenue": 1300754
        },
        "2009-05": {
            "month": "2009-05",
            "price": "18.41",
            "revenue": 954376
        },
        "2009-06": {
            "month": "2009-06",
            "price": "13.88",
            "revenue": 1015102
        },
        "2009-07": {
            "month": "2009-07",
            "price": "16.53",
            "revenue": 1673624
        },
        "2009-08": {
            "month": "2009-08",
            "price": "18.37",
            "revenue": 1831744
        },
        "2009-09": {
            "month": "2009-09",
            "price": "19.32",
            "revenue": 2057308
        },
        "2009-10": {
            "month": "2009-10",
            "price": "23.54",
            "revenue": 2401574
        },
        "2009-11": {
            "month": "2009-11",
            "price": "28.05",
            "revenue": 2403327
        },
        "2009-12": {
            "month": "2009-12",
            "price": "28.20",
            "revenue": 2610101
        },
        "2010-01": {
            "month": "2010-01",
            "price": "30.74",
            "revenue": 2562436
        },
        "2010-02": {
            "month": "2010-02",
            "price": "27.41",
            "revenue": 2189404
        },
        "2010-03": {
            "month": "2010-03",
            "price": "30.08",
            "revenue": 2923120
        },
        "2010-04": {
            "month": "2010-04",
            "price": "29.94",
            "revenue": 1712389
        },
        "2010-05": {
            "month": "2010-05",
            "price": "23.32",
            "revenue": 1441888
        },
        "2010-06": {
            "month": "2010-06",
            "price": "22.97",
            "revenue": 1909102
        },
        "2010-07": {
            "month": "2010-07",
            "price": "25.07",
            "revenue": 1595678
        },
        "2010-08": {
            "month": "2010-08",
            "price": "22.75",
            "revenue": 1626073
        },
        "2010-09": {
            "month": "2010-09",
            "price": "20.15",
            "revenue": 1394359
        },
        "2010-10": {
            "month": "2010-10",
            "price": "19.25",
            "revenue": 1151222
        },
        "2010-11": {
            "month": "2010-11",
            "price": "14.95",
            "revenue": 911670
        },
        "2010-12": {
            "month": "2010-12",
            "price": "17.55",
            "revenue": 824997
        },
        "2011-01": {
            "month": "2011-01",
            "price": "18.17",
            "revenue": 837993
        },
        "2011-02": {
            "month": "2011-02",
            "price": "18.51",
            "revenue": 655619
        },
        "2011-03": {
            "month": "2011-03",
            "price": "17.05",
            "revenue": 848634
        },
        "2011-04": {
            "month": "2011-04",
            "price": "16.09",
            "revenue": 739838
        },
        "2011-05": {
            "month": "2011-05",
            "price": "12.86",
            "revenue": 648464
        },
        "2011-06": {
            "month": "2011-06",
            "price": "11.07",
            "revenue": 628690
        },
        "2011-07": {
            "month": "2011-07",
            "price": "11.40",
            "revenue": 668542
        },
        "2011-08": {
            "month": "2011-08",
            "price": "11.50",
            "revenue": 568345
        },
        "2011-09": {
            "month": "2011-09",
            "price": "10.38",
            "revenue": 476648
        },
        "2011-10": {
            "month": "2011-10",
            "price": "10.07",
            "revenue": 500509
        },
        "2011-11": {
            "month": "2011-11",
            "price": "10.52",
            "revenue": 421110
        },
        "2011-12": {
            "month": "2011-12",
            "price": "9.38",
            "revenue": 265065
        },
        "2012-01": {
            "month": "2012-01",
            "price": "9.88",
            "revenue": 246778
        },
        "2012-02": {
            "month": "2012-02",
            "price": "11.50",
            "revenue": 258903
        },
        "2012-03": {
            "month": "2012-03",
            "price": "11.09",
            "revenue": 322296
        },
        "2012-04": {
            "month": "2012-04",
            "price": "10.09",
            "revenue": 285847
        },
        "2012-05": {
            "month": "2012-05",
            "price": "9.63",
            "revenue": 227992
        },
        "2012-06": {
            "month": "2012-06",
            "price": "8.99",
            "revenue": 175756
        },
        "2012-07": {
            "month": "2012-07",
            "price": "8.21",
            "revenue": 749507
        },
        "2012-08": {
            "month": "2012-08",
            "price": "9.89",
            "revenue": 1222033
        },
        "2012-09": {
            "month": "2012-09",
            "price": "13.34",
            "revenue": 1318121
        },
        "2012-10": {
            "month": "2012-10",
            "price": "13.40",
            "revenue": 1344310
        },
        "2012-11": {
            "month": "2012-11",
            "price": "11.29",
            "revenue": 1586475
        },
        "2012-12": {
            "month": "2012-12",
            "price": "12.25",
            "revenue": 1511450
        },
        "2013-01": {
            "month": "2013-01",
            "price": "13.74",
            "revenue": 2659907
        },
        "2013-02": {
            "month": "2013-02",
            "price": "20.93",
            "revenue": 1187024
        },
        "2013-03": {
            "month": "2013-03",
            "price": "23.49",
            "revenue": 976699
        },
        "2013-04": {
            "month": "2013-04",
            "price": "25.79",
            "revenue": 681704
        },
        "2013-05": {
            "month": "2013-05",
            "price": "23.77",
            "revenue": 587710
        },
        "2013-06": {
            "month": "2013-06",
            "price": "21.99",
            "revenue": 594686
        },
        "2013-07": {
            "month": "2013-07",
            "price": "21.56",
            "revenue": 652618
        },
        "2013-08": {
            "month": "2013-08",
            "price": "21.01",
            "revenue": 561713
        },
        "2013-09": {
            "month": "2013-09",
            "price": "21.34",
            "revenue": 655696
        },
        "2013-10": {
            "month": "2013-10",
            "price": "19.59",
            "revenue": 429594
        },
        "2013-11": {
            "month": "2013-11",
            "price": "15.25",
            "revenue": 1249629
        },
        "2013-12": {
            "month": "2013-12",
            "price": "16.08",
            "revenue": 795112
        },
        "2014-01": {
            "month": "2014-01",
            "price": "16.60",
            "revenue": 605230
        },
        "2014-02": {
            "month": "2014-02",
            "price": "15.52",
            "revenue": 524160
        },
        "2014-03": {
            "month": "2014-03",
            "price": "15.45",
            "revenue": 596909
        },
        "2014-04": {
            "month": "2014-04",
            "price": "15.12",
            "revenue": 661405
        },
        "2014-05": {
            "month": "2014-05",
            "price": "14.36",
            "revenue": 548583
        },
        "2014-06": {
            "month": "2014-06",
            "price": "16.46",
            "revenue": 388882
        },
        "2014-07": {
            "month": "2014-07",
            "price": "17.08",
            "revenue": 383739
        },
        "2014-08": {
            "month": "2014-08",
            "price": "16.29",
            "revenue": 208023
        },
        "2014-09": {
            "month": "2014-09",
            "price": "17.70",
            "revenue": 518906
        },
        "2014-10": {
            "month": "2014-10",
            "price": "15.76",
            "revenue": 1058361
        },
        "2014-11": {
            "month": "2014-11",
            "price": "15.72",
            "revenue": 1105899
        },
        "2014-12": {
            "month": "2014-12",
            "price": "16.30",
            "revenue": 978075
        },
        "2015-01": {
            "month": "2015-01",
            "price": "16.10",
            "revenue": 1524317
        },
        "2015-02": {
            "month": "2015-02",
            "price": "16.10",
            "revenue": 932740
        },
        "2015-03": {
            "month": "2015-03",
            "price": "16.88",
            "revenue": 669347
        },
        "2015-04": {
            "month": "2015-04",
            "price": "17.09",
            "revenue": 1107610
        },
        "2015-05": {
            "month": "2015-05",
            "price": "17.15",
            "revenue": 615686
        },
        "2015-06": {
            "month": "2015-06",
            "price": "16.07",
            "revenue": 437567
        },
        "2015-07": {
            "month": "2015-07",
            "price": "13.89",
            "revenue": 530519
        },
        "2015-08": {
            "month": "2015-08",
            "price": "11.31",
            "revenue": 294956
        },
        "2015-09": {
            "month": "2015-09",
            "price": "12.64",
            "revenue": 477099
        },
        "2015-10": {
            "month": "2015-10",
            "price": "13.43",
            "revenue": 826351
        },
        "2015-11": {
            "month": "2015-11",
            "price": "13.32",
            "revenue": 600722
        },
        "2015-12": {
            "month": "2015-12",
            "price": "11.82",
            "revenue": 354260
        },
        "2016-01": {
            "month": "2016-01",
            "price": "10.11",
            "revenue": 335565
        },
        "2016-02": {
            "month": "2016-02",
            "price": "10.53",
            "revenue": 314966
        },
        "2016-03": {
            "month": "2016-03",
            "price": "10.91",
            "revenue": 409889
        },
        "2016-04": {
            "month": "2016-04",
            "price": "10.21",
            "revenue": 368941
        },
        "2016-05": {
            "month": "2016-05",
            "price": "9.75",
            "revenue": 344661
        },
        "2016-06": {
            "month": "2016-06",
            "price": "10.50",
            "revenue": 177814
        },
        "2016-07": {
            "month": "2016-07",
            "price": "10.57",
            "revenue": 159290
        },
        "2016-08": {
            "month": "2016-08",
            "price": "10.03",
            "revenue": 160141
        },
        "2016-09": {
            "month": "2016-09",
            "price": "9.82",
            "revenue": 481306
        },
        "2016-10": {
            "month": "2016-10",
            "price": "9.70",
            "revenue": 392943
        },
        "2016-11": {
            "month": "2016-11",
            "price": "8.67",
            "revenue": 371762
        },
        "2016-12": {
            "month": "2016-12",
            "price": "8.59",
            "revenue": 301107
        },
        "2017-01": {
            "month": "2017-01",
            "price": "10.47",
            "revenue": 189929
        },
        "2017-02": {
            "month": "2017-02",
            "price": "14.40",
            "revenue": 180023
        },
        "2017-03": {
            "month": "2017-03",
            "price": "13.70",
            "revenue": 198487
        },
        "2017-04": {
            "month": "2017-04",
            "price": "12.28",
            "revenue": 174413
        },
        "2017-05": {
            "month": "2017-05",
            "price": "11.24",
            "revenue": 120613
        },
        "2017-06": {
            "month": "2017-06",
            "price": "13.24",
            "revenue": 122379
        },
        "2017-07": {
            "month": "2017-07",
            "price": "12.60",
            "revenue": 136307
        },
        "2017-08": {
            "month": "2017-08",
            "price": "12.35",
            "revenue": 145709
        },
        "2017-09": {
            "month": "2017-09",
            "price": "12.75",
            "revenue": 255304
        },
        "2017-10": {
            "month": "2017-10",
            "price": "12.80",
            "revenue": 217565
        },
        "2017-11": {
            "month": "2017-11",
            "price": "13.18",
            "revenue": 477443
        },
        "2017-12": {
            "month": "2017-12",
            "price": "12.55",
            "revenue": 440755
        },
        "2018-01": {
            "month": "2018-01",
            "price": "12.53",
            "revenue": 292049
        },
        "2018-02": {
            "month": "2018-02",
            "price": "11.48",
            "revenue": 235922
        },
        "2018-03": {
            "month": "2018-03",
            "price": "11.44",
            "revenue": 223161
        },
        "2018-04": {
            "month": "2018-04",
            "price": "9.24",
            "revenue": 200737
        },
        "2018-05": {
            "month": "2018-05",
            "price": "8.11",
            "revenue": 266781
        },
        "2018-06": {
            "month": "2018-06",
            "price": "8.19",
            "revenue": 211013
        },
        "2018-07": {
            "month": "2018-07",
            "price": "7.88",
            "revenue": 227262
        },
        "2018-08": {
            "month": "2018-08",
            "price": "7.42",
            "revenue": 146196
        },
        "2018-09": {
            "month": "2018-09",
            "price": "6.86",
            "revenue": 384415
        }
    }
}
