{
    "summary": {
        "stock_name": "耕興",
        "stock_id": "6146",
        "category": "其他電子",
        "main_business": "無線網通及行動通訊產品之射頻、天線性能及符合性標準測試及認證<br>電磁相容(EMC)及產品安全規範(SAFETY)之測試及認證<br>電子零組件之買賣",
        "website_url": "http://www.sporton.com.tw",
        "ceo": "黃文亮",
        "pe_ratio": 17,
        "report_year_from": 2001,
        "report_year_to": 2023,
        "age": 23,
        "eps_negative_percentage": 0,
        "eps_growth_avg": {
            "last_all": 8.38,
            "last_2y": 24.2,
            "last_4y": 15.74,
            "last_8y": 8.91,
            "last_12y": 8.65,
            "last_16y": 9.83,
            "last_20y": 7.53,
            "at_2006_last_3y": -2.26,
            "at_2007_last_3y": 0.11,
            "at_2008_last_3y": 1.25,
            "at_2009_last_3y": 9.8,
            "at_2010_last_3y": 13.66,
            "at_2011_last_3y": 8.27,
            "at_2012_last_3y": 4.67,
            "at_2013_last_3y": 0.79,
            "at_2014_last_3y": 8.06,
            "at_2015_last_3y": 13.48,
            "at_2016_last_3y": 13.84,
            "at_2017_last_3y": 11.85,
            "at_2018_last_3y": 0.38,
            "at_2019_last_3y": -4.09,
            "at_2020_last_3y": 1.27,
            "at_2021_last_3y": 11.1,
            "at_2022_last_3y": 21.77,
            "at_2023_last_3y": 20.76,
            "at_2024_last_3y": 20.76,
            "at_2006_last_all": 3.48,
            "at_2007_last_all": 5.14,
            "at_2008_last_all": 4.68,
            "at_2009_last_all": 7.14,
            "at_2010_last_all": 8,
            "at_2011_last_all": 6.39,
            "at_2012_last_all": 4.68,
            "at_2013_last_all": 5.02,
            "at_2014_last_all": 8.02,
            "at_2015_last_all": 8.41,
            "at_2016_last_all": 7.12,
            "at_2017_last_all": 6.73,
            "at_2018_last_all": 6.22,
            "at_2019_last_all": 5.63,
            "at_2020_last_all": 5.89,
            "at_2021_last_all": 7.6,
            "at_2022_last_all": 9.18,
            "at_2023_last_all": 8.38,
            "at_2024_last_all": 8.38
        },
        "latest_eps": 14.32,
        "latest_price": 246.5,
        "latest_roe": 27.33,
        "latest_gross_margin": 50.35,
        "latest_equity": 5730351,
        "latest_revenue": 1155584,
        "latest_gross_profit": 581860,
        "latest_net_income": 291600,
        "latest_debt_ratio": 24.32,
        "latest_current_ratio": 337.91,
        "latest_account_receivable_turnover_ratio": 0.85,
        "latest_inventory_turnover_ratio": 10.84,
        "latest_reinvestment_rate": 7.84,
        "latest_research_to_sale_ratio": 2.62
    },
    "eps_dividends": {
        "1999": {
            "cash": 2.9,
            "stock": 2.9,
            "eps": 0
        },
        "2000": {
            "cash": 3,
            "stock": 3,
            "eps": 0
        },
        "2001": {
            "cash": 2.5,
            "stock": 1,
            "eps": 3.18
        },
        "2002": {
            "cash": 2.5,
            "stock": 1.5,
            "eps": 4.02
        },
        "2003": {
            "cash": 1.2,
            "stock": 1.8,
            "eps": 4.18
        },
        "2004": {
            "cash": 2.1,
            "stock": 1,
            "eps": 4.07
        },
        "2005": {
            "cash": 2,
            "stock": 1,
            "eps": 3.67
        },
        "2006": {
            "cash": 2,
            "stock": 1,
            "eps": 3.65
        },
        "2007": {
            "cash": 2.7,
            "stock": 0.3,
            "eps": 4.14
        },
        "2008": {
            "cash": 3,
            "stock": 0.1,
            "eps": 4.22
        },
        "2009": {
            "cash": 3.4,
            "stock": 0.1,
            "eps": 5.25
        },
        "2010": {
            "cash": 4,
            "stock": 0.2,
            "eps": 6.03
        },
        "2011": {
            "cash": 4.94,
            "stock": 0.05,
            "eps": 5.54
        },
        "2012": {
            "cash": 4.8,
            "stock": 0.2,
            "eps": 4.85
        },
        "2013": {
            "cash": 4,
            "stock": 0.1,
            "eps": 5.28
        },
        "2014": {
            "cash": 4.3,
            "stock": 0.2,
            "eps": 7.6
        },
        "2015": {
            "cash": 5.8,
            "stock": 0.2,
            "eps": 8.63
        },
        "2016": {
            "cash": 6,
            "stock": 0.1,
            "eps": 7.68
        },
        "2017": {
            "cash": 6.1,
            "stock": 0.1,
            "eps": 7.75
        },
        "2018": {
            "cash": 6.1,
            "stock": 0.1,
            "eps": 7.6
        },
        "2019": {
            "cash": 6.2,
            "stock": 0,
            "eps": 7.27
        },
        "2020": {
            "cash": 6,
            "stock": 0,
            "eps": 8.03
        },
        "2021": {
            "cash": 6.3,
            "stock": 0.5,
            "eps": 11.26
        },
        "2022": {
            "cash": 9,
            "stock": 0,
            "eps": 15.85
        },
        "2023": {
            "cash": 11,
            "stock": 0.5,
            "eps": 14.52
        },
        "2024": {
            "cash": 10.5,
            "stock": 0,
            "eps": 0
        }
    },
    "dividends": {
        "1999-05-29": {
            "cash": 2.9,
            "stock": 2.9
        },
        "2000-06-17": {
            "cash": 3,
            "stock": 3
        },
        "2001-05-16": {
            "cash": 2.5,
            "stock": 1
        },
        "2002-05-11": {
            "cash": 2.5,
            "stock": 1.5
        },
        "2003-06-07": {
            "cash": 1.2,
            "stock": 1.8
        },
        "2004-03-31": {
            "cash": 2.1,
            "stock": 1
        },
        "2005-04-28": {
            "cash": 2,
            "stock": 1
        },
        "2006-04-28": {
            "cash": 2,
            "stock": 1
        },
        "2007-04-25": {
            "cash": 2.7,
            "stock": 0.3
        },
        "2008-04-23": {
            "cash": 3,
            "stock": 0.1
        },
        "2009-05-06": {
            "cash": 3.4,
            "stock": 0.1
        },
        "2010-04-09": {
            "cash": 4,
            "stock": 0.2
        },
        "2011-04-20": {
            "cash": 4.94,
            "stock": 0.05
        },
        "2012-06-07": {
            "cash": 4.8,
            "stock": 0.2
        },
        "2013-06-14": {
            "cash": 4,
            "stock": 0.1
        },
        "2014-10-09": {
            "cash": 4.3,
            "stock": 0.2
        },
        "2015-09-16": {
            "cash": 5.8,
            "stock": 0.2
        },
        "2016-09-12": {
            "cash": 6,
            "stock": 0.1
        },
        "2017-08-23": {
            "cash": 6.1,
            "stock": 0.1
        },
        "2018-08-08": {
            "cash": 6.1,
            "stock": 0.1
        },
        "2019-07-26": {
            "cash": 6.2,
            "stock": 0
        },
        "2020-07-24": {
            "cash": 6,
            "stock": 0
        },
        "2021-09-08": {
            "cash": 6.3,
            "stock": 0.5
        },
        "2022-07-15": {
            "cash": 9,
            "stock": 0
        },
        "2023-07-21": {
            "cash": 11,
            "stock": 0.5
        },
        "2024-02-06": {
            "cash": 10.5,
            "stock": 0
        }
    },
    "prices": {
        "200101": "無",
        "200102": "無",
        "200103": "無",
        "200104": "無",
        "200105": "無",
        "200106": "無",
        "200107": "無",
        "200108": "無",
        "200109": "無",
        "200110": "無",
        "200111": "無",
        "200112": "無",
        "200201": "49.93",
        "200202": "67.62",
        "200203": "68.40",
        "200204": "68.57",
        "200205": "66.45",
        "200206": "66.90",
        "200207": "62.43",
        "200208": "58.82",
        "200209": "57.30",
        "200210": "57.14",
        "200211": "56.33",
        "200212": "58.43",
        "200301": "58.55",
        "200302": "55.78",
        "200303": "54.00",
        "200304": "52.20",
        "200305": "48.83",
        "200306": "54.10",
        "200307": "56.61",
        "200308": "56.33",
        "200309": "56.40",
        "200310": "53.43",
        "200311": "51.30",
        "200312": "48.93",
        "200401": "48.63",
        "200402": "51.11",
        "200403": "50.28",
        "200404": "50.72",
        "200405": "55.80",
        "200406": "64.10",
        "200407": "58.27",
        "200408": "56.85",
        "200409": "61.55",
        "200410": "52.54",
        "200411": "45.18",
        "200412": "43.49",
        "200501": "40.44",
        "200502": "40.63",
        "200503": "39.59",
        "200504": "40.70",
        "200505": "41.20",
        "200506": "47.57",
        "200507": "57.56",
        "200508": "53.98",
        "200509": "49.19",
        "200510": "47.32",
        "200511": "45.75",
        "200512": "50.40",
        "200601": "55.89",
        "200602": "53.63",
        "200603": "57.43",
        "200604": "57.57",
        "200605": "54.25",
        "200606": "45.74",
        "200607": "45.65",
        "200608": "44.94",
        "200609": "44.28",
        "200610": "43.01",
        "200611": "42.32",
        "200612": "43.32",
        "200701": "44.89",
        "200702": "43.44",
        "200703": "43.70",
        "200704": "45.13",
        "200705": "44.96",
        "200706": "50.65",
        "200707": "57.93",
        "200708": "58.91",
        "200709": "61.02",
        "200710": "58.11",
        "200711": "47.00",
        "200712": "45.79",
        "200801": "41.93",
        "200802": "42.42",
        "200803": "44.61",
        "200804": "48.15",
        "200805": "48.29",
        "200806": "46.14",
        "200807": "43.15",
        "200808": "42.48",
        "200809": "37.48",
        "200810": "32.98",
        "200811": "29.14",
        "200812": "28.36",
        "200901": "29.37",
        "200902": "32.12",
        "200903": "36.50",
        "200904": "46.29",
        "200905": "51.12",
        "200906": "49.12",
        "200907": "52.79",
        "200908": "61.21",
        "200909": "61.11",
        "200910": "62.78",
        "200911": "63.06",
        "200912": "65.00",
        "201001": "62.85",
        "201002": "59.16",
        "201003": "63.53",
        "201004": "66.70",
        "201005": "68.44",
        "201006": "69.92",
        "201007": "69.03",
        "201008": "65.26",
        "201009": "63.54",
        "201010": "66.21",
        "201011": "64.29",
        "201012": "68.20",
        "201101": "66.63",
        "201102": "67.71",
        "201103": "65.96",
        "201104": "69.44",
        "201105": "74.04",
        "201106": "70.80",
        "201107": "69.39",
        "201108": "64.64",
        "201109": "63.11",
        "201110": "64.58",
        "201111": "62.80",
        "201112": "61.47",
        "201201": "61.21",
        "201202": "65.62",
        "201203": "67.38",
        "201204": "68.46",
        "201205": "69.70",
        "201206": "71.01",
        "201207": "70.05",
        "201208": "69.12",
        "201209": "67.18",
        "201210": "66.78",
        "201211": "65.48",
        "201212": "66.23",
        "201301": "66.18",
        "201302": "67.75",
        "201303": "73.76",
        "201304": "73.30",
        "201305": "74.19",
        "201306": "76.45",
        "201307": "83.43",
        "201308": "88.41",
        "201309": "86.36",
        "201310": "94.37",
        "201311": "119.76",
        "201312": "136.98",
        "201401": "126.11",
        "201402": "131.03",
        "201403": "145.10",
        "201404": "138.79",
        "201405": "133.36",
        "201406": "130.40",
        "201407": "138.39",
        "201408": "143.64",
        "201409": "152.62",
        "201410": "149.32",
        "201411": "148.82",
        "201412": "155.96",
        "201501": "163.02",
        "201502": "167.31",
        "201503": "173.36",
        "201504": "169.45",
        "201505": "185.35",
        "201506": "207.76",
        "201507": "203.45",
        "201508": "188.45",
        "201509": "187.48",
        "201510": "189.12",
        "201511": "192.14",
        "201512": "198.61",
        "201601": "192.95",
        "201602": "188.00",
        "201603": "179.15",
        "201604": "171.47",
        "201605": "172.71",
        "201606": "171.05",
        "201607": "171.52",
        "201608": "173.80",
        "201609": "165.92",
        "201610": "154.65",
        "201611": "159.89",
        "201612": "168.73",
        "201701": "172.44",
        "201702": "173.56",
        "201703": "178.83",
        "201704": "179.97",
        "201705": "173.58",
        "201706": "156.93",
        "201707": "154.45",
        "201708": "157.28",
        "201709": "151.50",
        "201710": "152.18",
        "201711": "154.84",
        "201712": "154.31",
        "201801": "168.34",
        "201802": "155.85",
        "201803": "159.11",
        "201804": "160.86",
        "201805": "161.30",
        "201806": "148.35",
        "201807": "145.39",
        "201808": "142.89",
        "201809": "135.53",
        "201810": "121.66",
        "201811": "116.39",
        "201812": "141.79",
        "201901": "151.31",
        "201902": "165.15",
        "201903": "170.78",
        "201904": "182.12",
        "201905": "186.86",
        "201906": "182.68",
        "201907": "194.96",
        "201908": "207.48",
        "201909": "204.39",
        "201910": "194.93",
        "201911": "197.17",
        "201912": "210.91",
        "202001": "203.20",
        "202002": "208.47",
        "202003": "172.11",
        "202004": "181.28",
        "202005": "195.18",
        "202006": "227.22",
        "202007": "249.80",
        "202008": "260.10",
        "202009": "258.75",
        "202010": "237.74",
        "202011": "237.64",
        "202012": "254.76",
        "202101": "259.85",
        "202102": "260.58",
        "202103": "246.82",
        "202104": "249.79",
        "202105": "247.57",
        "202106": "237.24",
        "202107": "240.43",
        "202108": "240.00",
        "202109": "224.10",
        "202110": "217.82",
        "202111": "217.09",
        "202112": "216.25",
        "202201": "213.08",
        "202202": "201.67",
        "202203": "190.54",
        "202204": "189.61",
        "202205": "190.07",
        "202206": "189.45",
        "202207": "186.48",
        "202208": "227.65",
        "202209": "240.31",
        "202210": "218.08",
        "202211": "202.09",
        "202212": "219.73",
        "202301": "223.69",
        "202302": "242.08",
        "202303": "265.87",
        "202304": "260.47",
        "202305": "247.82",
        "202306": "247.98",
        "202307": "240.26",
        "202308": "246.32",
        "202309": "249.50",
        "202310": "248.80",
        "202311": "228.39",
        "202312": "238.00"
    },
    "quarters": {
        "20011": {
            "year_quarter": 20011,
            "year": 2001,
            "quarter": 1,
            "eps": 0.74,
            "eps_growth_year": null,
            "eps_4q": null,
            "eps_4q_growth_year": null,
            "roe": 4.38,
            "roe_4q": 4.38,
            "gross_profit": 39742,
            "gross_margin": 51.52,
            "gross_margin_4q_avg": 51.52,
            "net_income": 21513,
            "net_income_4q": null,
            "revenue": 77142,
            "revenue_4q": null,
            "common_shares": 292221,
            "book_valuer_per_share": 17.19,
            "book_valuer_per_share_4q_avg": 17.19,
            "equity": 502269,
            "current_ratio": 287.17,
            "debt_ratio": 16.6,
            "inventory_turnover_ratio": 2.85,
            "account_receivable_turnover_ratio": null,
            "reinvestment_rate": null,
            "research_to_sale_ratio": null,
            "price_fair": 0,
            "eps_avg_yearly": 0,
            "eps_latest_yearly": 0,
            "eps_growth_yearly": 0
        },
        "20012": {
            "year_quarter": 20012,
            "year": 2001,
            "quarter": 2,
            "eps": 0.87,
            "eps_growth_year": null,
            "eps_4q": null,
            "eps_4q_growth_year": null,
            "roe": 5.21,
            "roe_4q": 9.59,
            "gross_profit": 51230,
            "gross_margin": 58.69,
            "gross_margin_4q_avg": 55.11,
            "net_income": 25511,
            "net_income_4q": null,
            "revenue": 87294,
            "revenue_4q": null,
            "common_shares": 324443,
            "book_valuer_per_share": 14.71,
            "book_valuer_per_share_4q_avg": 15.95,
            "equity": 477169,
            "current_ratio": 191.08,
            "debt_ratio": 20.28,
            "inventory_turnover_ratio": 3.14,
            "account_receivable_turnover_ratio": null,
            "reinvestment_rate": null,
            "research_to_sale_ratio": null,
            "price_fair": 0,
            "eps_avg_yearly": 0,
            "eps_latest_yearly": 0,
            "eps_growth_yearly": 0
        },
        "20013": {
            "year_quarter": 20013,
            "year": 2001,
            "quarter": 3,
            "eps": 0.77,
            "eps_growth_year": null,
            "eps_4q": null,
            "eps_4q_growth_year": null,
            "roe": 5.11,
            "roe_4q": 14.7,
            "gross_profit": 54202,
            "gross_margin": 50.6,
            "gross_margin_4q_avg": 53.6,
            "net_income": 25032,
            "net_income_4q": null,
            "revenue": 107120,
            "revenue_4q": null,
            "common_shares": 324443,
            "book_valuer_per_share": 15.48,
            "book_valuer_per_share_4q_avg": 15.79,
            "equity": 502203,
            "current_ratio": 172.49,
            "debt_ratio": 21.7,
            "inventory_turnover_ratio": 4.58,
            "account_receivable_turnover_ratio": null,
            "reinvestment_rate": null,
            "research_to_sale_ratio": null,
            "price_fair": 0,
            "eps_avg_yearly": 0,
            "eps_latest_yearly": 0,
            "eps_growth_yearly": 0
        },
        "20014": {
            "year_quarter": 20014,
            "year": 2001,
            "quarter": 4,
            "eps": 0.8,
            "eps_growth_year": null,
            "eps_4q": 3.01,
            "eps_4q_growth_year": null,
            "roe": 5.07,
            "roe_4q": 19.77,
            "gross_profit": 43355,
            "gross_margin": 43.3,
            "gross_margin_4q_avg": 51.03,
            "net_income": 26073,
            "net_income_4q": null,
            "revenue": 100127,
            "revenue_4q": null,
            "common_shares": 324443,
            "book_valuer_per_share": 16.25,
            "book_valuer_per_share_4q_avg": 15.91,
            "equity": 527097,
            "current_ratio": 201.93,
            "debt_ratio": 19.9,
            "inventory_turnover_ratio": 4.39,
            "account_receivable_turnover_ratio": null,
            "reinvestment_rate": null,
            "research_to_sale_ratio": null,
            "price_fair": 0,
            "eps_avg_yearly": 0,
            "eps_latest_yearly": 0,
            "eps_growth_yearly": 0
        },
        "20021": {
            "year_quarter": 20021,
            "year": 2002,
            "quarter": 1,
            "eps": 0.84,
            "eps_growth_year": 13.51,
            "eps_4q": 3.21,
            "eps_4q_growth_year": null,
            "roe": 5.03,
            "roe_4q": 20.42,
            "gross_profit": 49787,
            "gross_margin": 46.91,
            "gross_margin_4q_avg": 49.88,
            "net_income": 27173,
            "net_income_4q": null,
            "revenue": 106134,
            "revenue_4q": null,
            "common_shares": 324443,
            "book_valuer_per_share": 17.08,
            "book_valuer_per_share_4q_avg": 15.88,
            "equity": 554271,
            "current_ratio": 246.36,
            "debt_ratio": 17.42,
            "inventory_turnover_ratio": 3.93,
            "account_receivable_turnover_ratio": null,
            "reinvestment_rate": null,
            "research_to_sale_ratio": null,
            "price_fair": 100.8,
            "eps_avg_yearly": 3.36,
            "eps_latest_yearly": 3.36,
            "eps_growth_yearly": 20
        },
        "20022": {
            "year_quarter": 20022,
            "year": 2002,
            "quarter": 2,
            "eps": 0.9,
            "eps_growth_year": 3.45,
            "eps_4q": 2.94,
            "eps_4q_growth_year": null,
            "roe": 6.24,
            "roe_4q": 21.45,
            "gross_profit": 60870,
            "gross_margin": 51.33,
            "gross_margin_4q_avg": 48.04,
            "net_income": 34565,
            "net_income_4q": null,
            "revenue": 118585,
            "revenue_4q": null,
            "common_shares": 382110,
            "book_valuer_per_share": 14.47,
            "book_valuer_per_share_4q_avg": 15.82,
            "equity": 552866,
            "current_ratio": 200.27,
            "debt_ratio": 21.69,
            "inventory_turnover_ratio": 3.94,
            "account_receivable_turnover_ratio": null,
            "reinvestment_rate": null,
            "research_to_sale_ratio": null,
            "price_fair": 119.31,
            "eps_avg_yearly": 3.48,
            "eps_latest_yearly": 3.6,
            "eps_growth_yearly": 24.29
        },
        "20023": {
            "year_quarter": 20023,
            "year": 2002,
            "quarter": 3,
            "eps": 1.03,
            "eps_growth_year": 33.77,
            "eps_4q": 3.32,
            "eps_4q_growth_year": null,
            "roe": 6.9,
            "roe_4q": 23.240000000000002,
            "gross_profit": 68425,
            "gross_margin": 46.87,
            "gross_margin_4q_avg": 47.1,
            "net_income": 39523,
            "net_income_4q": null,
            "revenue": 146004,
            "revenue_4q": null,
            "common_shares": 382110,
            "book_valuer_per_share": 15.5,
            "book_valuer_per_share_4q_avg": 15.83,
            "equity": 592436,
            "current_ratio": 239.64,
            "debt_ratio": 22.81,
            "inventory_turnover_ratio": 4.36,
            "account_receivable_turnover_ratio": null,
            "reinvestment_rate": null,
            "research_to_sale_ratio": null,
            "price_fair": 129.27,
            "eps_avg_yearly": 3.69,
            "eps_latest_yearly": 4.12,
            "eps_growth_yearly": 35.45
        },
        "20024": {
            "year_quarter": 20024,
            "year": 2002,
            "quarter": 4,
            "eps": 1.25,
            "eps_growth_year": 56.25,
            "eps_4q": 3.9,
            "eps_4q_growth_year": 29.43,
            "roe": 7.75,
            "roe_4q": 25.92,
            "gross_profit": 71592,
            "gross_margin": 41.64,
            "gross_margin_4q_avg": 46.69,
            "net_income": 47818,
            "net_income_4q": null,
            "revenue": 171934,
            "revenue_4q": null,
            "common_shares": 382110,
            "book_valuer_per_share": 16.79,
            "book_valuer_per_share_4q_avg": 15.96,
            "equity": 641444,
            "current_ratio": 201.76,
            "debt_ratio": 24.53,
            "inventory_turnover_ratio": 5.76,
            "account_receivable_turnover_ratio": null,
            "reinvestment_rate": null,
            "research_to_sale_ratio": null,
            "price_fair": 140.7,
            "eps_avg_yearly": 4.02,
            "eps_latest_yearly": 5,
            "eps_growth_yearly": 47.95
        },
        "20031": {
            "year_quarter": 20031,
            "year": 2003,
            "quarter": 1,
            "eps": 0.89,
            "eps_growth_year": 5.95,
            "eps_4q": 4.09,
            "eps_4q_growth_year": 27.54,
            "roe": 5.15,
            "roe_4q": 26.04,
            "gross_profit": 65350,
            "gross_margin": 43.25,
            "gross_margin_4q_avg": 45.77,
            "net_income": 33885,
            "net_income_4q": null,
            "revenue": 151112,
            "revenue_4q": null,
            "common_shares": 382110,
            "book_valuer_per_share": 17.67,
            "book_valuer_per_share_4q_avg": 16.11,
            "equity": 675329,
            "current_ratio": 239.73,
            "debt_ratio": 21.28,
            "inventory_turnover_ratio": 6.17,
            "account_receivable_turnover_ratio": null,
            "reinvestment_rate": null,
            "research_to_sale_ratio": null,
            "price_fair": 99.45,
            "eps_avg_yearly": 3.93,
            "eps_latest_yearly": 3.56,
            "eps_growth_yearly": 15.32
        },
        "20032": {
            "year_quarter": 20032,
            "year": 2003,
            "quarter": 2,
            "eps": 1.07,
            "eps_growth_year": 18.89,
            "eps_4q": 3.67,
            "eps_4q_growth_year": 24.8,
            "roe": 7.4,
            "roe_4q": 27.200000000000003,
            "gross_profit": 81530,
            "gross_margin": 46.7,
            "gross_margin_4q_avg": 44.62,
            "net_income": 49947,
            "net_income_4q": null,
            "revenue": 174586,
            "revenue_4q": null,
            "common_shares": 382110,
            "book_valuer_per_share": 17.66,
            "book_valuer_per_share_4q_avg": 16.91,
            "equity": 674833,
            "current_ratio": 211.69,
            "debt_ratio": 23.15,
            "inventory_turnover_ratio": 6.42,
            "account_receivable_turnover_ratio": null,
            "reinvestment_rate": null,
            "research_to_sale_ratio": null,
            "price_fair": 139.53,
            "eps_avg_yearly": 3.99,
            "eps_latest_yearly": 4.28,
            "eps_growth_yearly": 26.25
        },
        "20033": {
            "year_quarter": 20033,
            "year": 2003,
            "quarter": 3,
            "eps": 1.05,
            "eps_growth_year": 1.94,
            "eps_4q": 3.88,
            "eps_4q_growth_year": 16.79,
            "roe": 7,
            "roe_4q": 27.3,
            "gross_profit": 85306,
            "gross_margin": 42.15,
            "gross_margin_4q_avg": 43.44,
            "net_income": 48919,
            "net_income_4q": null,
            "revenue": 202402,
            "revenue_4q": null,
            "common_shares": 464689,
            "book_valuer_per_share": 15.57,
            "book_valuer_per_share_4q_avg": 16.92,
            "equity": 723625,
            "current_ratio": 231.56,
            "debt_ratio": 21.98,
            "inventory_turnover_ratio": 6.83,
            "account_receivable_turnover_ratio": null,
            "reinvestment_rate": null,
            "research_to_sale_ratio": null,
            "price_fair": 126.26,
            "eps_avg_yearly": 4.02,
            "eps_latest_yearly": 4.2,
            "eps_growth_yearly": 21.43
        },
        "20034": {
            "year_quarter": 20034,
            "year": 2003,
            "quarter": 4,
            "eps": 1.17,
            "eps_growth_year": -6.4,
            "eps_4q": 4.02,
            "eps_4q_growth_year": 3.22,
            "roe": 7.25,
            "roe_4q": 26.799999999999997,
            "gross_profit": 89634,
            "gross_margin": 42.39,
            "gross_margin_4q_avg": 43.62,
            "net_income": 54450,
            "net_income_4q": null,
            "revenue": 211470,
            "revenue_4q": null,
            "common_shares": 464689,
            "book_valuer_per_share": 16.74,
            "book_valuer_per_share_4q_avg": 16.91,
            "equity": 778114,
            "current_ratio": 484.05,
            "debt_ratio": 35.55,
            "inventory_turnover_ratio": 6.57,
            "account_receivable_turnover_ratio": null,
            "reinvestment_rate": null,
            "research_to_sale_ratio": null,
            "price_fair": 141.31,
            "eps_avg_yearly": 4.1,
            "eps_latest_yearly": 4.68,
            "eps_growth_yearly": 24.47
        },
        "20041": {
            "year_quarter": 20041,
            "year": 2004,
            "quarter": 1,
            "eps": 1.02,
            "eps_growth_year": 14.61,
            "eps_4q": 4.32,
            "eps_4q_growth_year": 5.62,
            "roe": 5.91,
            "roe_4q": 27.560000000000002,
            "gross_profit": 88926,
            "gross_margin": 40.91,
            "gross_margin_4q_avg": 43.04,
            "net_income": 47362,
            "net_income_4q": null,
            "revenue": 217379,
            "revenue_4q": null,
            "common_shares": 464689,
            "book_valuer_per_share": 17.76,
            "book_valuer_per_share_4q_avg": 16.93,
            "equity": 825228,
            "current_ratio": 499.63,
            "debt_ratio": 34.36,
            "inventory_turnover_ratio": 5.98,
            "account_receivable_turnover_ratio": null,
            "reinvestment_rate": null,
            "research_to_sale_ratio": null,
            "price_fair": 106.74,
            "eps_avg_yearly": 4.1,
            "eps_latest_yearly": 4.08,
            "eps_growth_yearly": 16.05
        },
        "20042": {
            "year_quarter": 20042,
            "year": 2004,
            "quarter": 2,
            "eps": 1.47,
            "eps_growth_year": 37.38,
            "eps_4q": 4.69,
            "eps_4q_growth_year": 27.97,
            "roe": 7.97,
            "roe_4q": 28.13,
            "gross_profit": 120964,
            "gross_margin": 47.54,
            "gross_margin_4q_avg": 43.25,
            "net_income": 68759,
            "net_income_4q": null,
            "revenue": 254456,
            "revenue_4q": null,
            "common_shares": 464689,
            "book_valuer_per_share": 19.35,
            "book_valuer_per_share_4q_avg": 17.36,
            "equity": 899176,
            "current_ratio": 276.26,
            "debt_ratio": 32.93,
            "inventory_turnover_ratio": 6.18,
            "account_receivable_turnover_ratio": null,
            "reinvestment_rate": null,
            "research_to_sale_ratio": null,
            "price_fair": 149.66,
            "eps_avg_yearly": 4.28,
            "eps_latest_yearly": 5.88,
            "eps_growth_yearly": 32.09
        },
        "20043": {
            "year_quarter": 20043,
            "year": 2004,
            "quarter": 3,
            "eps": 1.14,
            "eps_growth_year": 8.57,
            "eps_4q": 4.34,
            "eps_4q_growth_year": 12,
            "roe": 6.21,
            "roe_4q": 27.34,
            "gross_profit": 104551,
            "gross_margin": 46.3,
            "gross_margin_4q_avg": 44.29,
            "net_income": 60747,
            "net_income_4q": null,
            "revenue": 225814,
            "revenue_4q": null,
            "common_shares": 546796,
            "book_valuer_per_share": 19.34,
            "book_valuer_per_share_4q_avg": 18.3,
            "equity": 1057720,
            "current_ratio": 364.56,
            "debt_ratio": 20.78,
            "inventory_turnover_ratio": 7.15,
            "account_receivable_turnover_ratio": null,
            "reinvestment_rate": null,
            "research_to_sale_ratio": null,
            "price_fair": 133.4,
            "eps_avg_yearly": 4.3,
            "eps_latest_yearly": 4.56,
            "eps_growth_yearly": 21.01
        },
        "20044": {
            "year_quarter": 20044,
            "year": 2004,
            "quarter": 4,
            "eps": 0.44,
            "eps_growth_year": -62.39,
            "eps_4q": 3.68,
            "eps_4q_growth_year": -8.52,
            "roe": 2.23,
            "roe_4q": 22.32,
            "gross_profit": 74874,
            "gross_margin": 34.62,
            "gross_margin_4q_avg": 42.34,
            "net_income": 24021,
            "net_income_4q": null,
            "revenue": 216287,
            "revenue_4q": null,
            "common_shares": 571784,
            "book_valuer_per_share": 19.15,
            "book_valuer_per_share_4q_avg": 18.9,
            "equity": 1095019,
            "current_ratio": 312.51,
            "debt_ratio": 21.16,
            "inventory_turnover_ratio": 9.5,
            "account_receivable_turnover_ratio": null,
            "reinvestment_rate": 52.83,
            "research_to_sale_ratio": null,
            "price_fair": 12.27,
            "eps_avg_yearly": 4.09,
            "eps_latest_yearly": 1.76,
            "eps_growth_yearly": -1.21
        },
        "20051": {
            "year_quarter": 20051,
            "year": 2005,
            "quarter": 1,
            "eps": 0.84,
            "eps_growth_year": -17.65,
            "eps_4q": 3.66,
            "eps_4q_growth_year": -15.27,
            "roe": 4.38,
            "roe_4q": 20.79,
            "gross_profit": 87277,
            "gross_margin": 42.31,
            "gross_margin_4q_avg": 42.69,
            "net_income": 45701,
            "net_income_4q": null,
            "revenue": 206275,
            "revenue_4q": null,
            "common_shares": 571784,
            "book_valuer_per_share": 17.31,
            "book_valuer_per_share_4q_avg": 18.79,
            "equity": 989806,
            "current_ratio": 235.77,
            "debt_ratio": 25.09,
            "inventory_turnover_ratio": 8.69,
            "account_receivable_turnover_ratio": null,
            "reinvestment_rate": 48.28,
            "research_to_sale_ratio": null,
            "price_fair": 141.18,
            "eps_avg_yearly": 4.03,
            "eps_latest_yearly": 3.36,
            "eps_growth_yearly": 26.86
        },
        "20052": {
            "year_quarter": 20052,
            "year": 2005,
            "quarter": 2,
            "eps": 0.97,
            "eps_growth_year": -34.01,
            "eps_4q": 3.39,
            "eps_4q_growth_year": -27.84,
            "roe": 5.46,
            "roe_4q": 18.28,
            "gross_profit": 86304,
            "gross_margin": 41.82,
            "gross_margin_4q_avg": 41.26,
            "net_income": 52380,
            "net_income_4q": null,
            "revenue": 206359,
            "revenue_4q": null,
            "common_shares": 571784,
            "book_valuer_per_share": 16.23,
            "book_valuer_per_share_4q_avg": 18.01,
            "equity": 928080,
            "current_ratio": 174.44,
            "debt_ratio": 30.97,
            "inventory_turnover_ratio": 7.65,
            "account_receivable_turnover_ratio": null,
            "reinvestment_rate": 48.59,
            "research_to_sale_ratio": null,
            "price_fair": 140.8,
            "eps_avg_yearly": 4.02,
            "eps_latest_yearly": 3.88,
            "eps_growth_yearly": 29.36
        },
        "20053": {
            "year_quarter": 20053,
            "year": 2005,
            "quarter": 3,
            "eps": 1.09,
            "eps_growth_year": -4.39,
            "eps_4q": 3.1,
            "eps_4q_growth_year": -28.57,
            "roe": 6.57,
            "roe_4q": 18.64,
            "gross_profit": 111413,
            "gross_margin": 48.49,
            "gross_margin_4q_avg": 41.81,
            "net_income": 66184,
            "net_income_4q": null,
            "revenue": 229770,
            "revenue_4q": null,
            "common_shares": 642416,
            "book_valuer_per_share": 16.9,
            "book_valuer_per_share_4q_avg": 17.4,
            "equity": 1085403,
            "current_ratio": 407.57,
            "debt_ratio": 18.21,
            "inventory_turnover_ratio": 6.71,
            "account_receivable_turnover_ratio": null,
            "reinvestment_rate": 49.28,
            "research_to_sale_ratio": null,
            "price_fair": 141.59,
            "eps_avg_yearly": 4.05,
            "eps_latest_yearly": 4.36,
            "eps_growth_yearly": 30.7
        },
        "20054": {
            "year_quarter": 20054,
            "year": 2005,
            "quarter": 4,
            "eps": 0.77,
            "eps_growth_year": 75,
            "eps_4q": 3.47,
            "eps_4q_growth_year": -5.8,
            "roe": 4.18,
            "roe_4q": 20.59,
            "gross_profit": 100554,
            "gross_margin": 39.17,
            "gross_margin_4q_avg": 42.95,
            "net_income": 46913,
            "net_income_4q": null,
            "revenue": 256733,
            "revenue_4q": null,
            "common_shares": 647953,
            "book_valuer_per_share": 17.89,
            "book_valuer_per_share_4q_avg": 17.08,
            "equity": 1159346,
            "current_ratio": 294.05,
            "debt_ratio": 15.87,
            "inventory_turnover_ratio": 8.89,
            "account_receivable_turnover_ratio": null,
            "reinvestment_rate": 50.53,
            "research_to_sale_ratio": null,
            "price_fair": 125.3,
            "eps_avg_yearly": 3.99,
            "eps_latest_yearly": 3.08,
            "eps_growth_yearly": 21.44
        },
        "20061": {
            "year_quarter": 20061,
            "year": 2006,
            "quarter": 1,
            "eps": 0.9,
            "eps_growth_year": 7.14,
            "eps_4q": 3.55,
            "eps_4q_growth_year": -3.19,
            "roe": 4.67,
            "roe_4q": 20.88,
            "gross_profit": 113042,
            "gross_margin": 43.85,
            "gross_margin_4q_avg": 43.33,
            "net_income": 56305,
            "net_income_4q": null,
            "revenue": 257818,
            "revenue_4q": null,
            "common_shares": 653839,
            "book_valuer_per_share": 19.16,
            "book_valuer_per_share_4q_avg": 17.55,
            "equity": 1252908,
            "current_ratio": 257.52,
            "debt_ratio": 16.14,
            "inventory_turnover_ratio": 7.19,
            "account_receivable_turnover_ratio": null,
            "reinvestment_rate": 55.66,
            "research_to_sale_ratio": null,
            "price_fair": 137.66,
            "eps_avg_yearly": 4,
            "eps_latest_yearly": 3.6,
            "eps_growth_yearly": 24.41
        },
        "20062": {
            "year_quarter": 20062,
            "year": 2006,
            "quarter": 2,
            "eps": 1.04,
            "eps_growth_year": 7.22,
            "eps_4q": 3.72,
            "eps_4q_growth_year": 9.8,
            "roe": 5.38,
            "roe_4q": 20.8,
            "gross_profit": 121391,
            "gross_margin": 46.98,
            "gross_margin_4q_avg": 44.62,
            "net_income": 65791,
            "net_income_4q": null,
            "revenue": 258385,
            "revenue_4q": null,
            "common_shares": 654546,
            "book_valuer_per_share": 18.2,
            "book_valuer_per_share_4q_avg": 18.04,
            "equity": 1191213,
            "current_ratio": 173.55,
            "debt_ratio": 24,
            "inventory_turnover_ratio": 6.26,
            "account_receivable_turnover_ratio": null,
            "reinvestment_rate": 57.98,
            "research_to_sale_ratio": null,
            "price_fair": 141.23,
            "eps_avg_yearly": 4.04,
            "eps_latest_yearly": 4.16,
            "eps_growth_yearly": 26.52
        },
        "20063": {
            "year_quarter": 20063,
            "year": 2006,
            "quarter": 3,
            "eps": 1.01,
            "eps_growth_year": -7.34,
            "eps_4q": 3.4,
            "eps_4q_growth_year": 9.53,
            "roe": 5.83,
            "roe_4q": 20.060000000000002,
            "gross_profit": 127438,
            "gross_margin": 45.87,
            "gross_margin_4q_avg": 43.97,
            "net_income": 71525,
            "net_income_4q": null,
            "revenue": 277795,
            "revenue_4q": null,
            "common_shares": 731024,
            "book_valuer_per_share": 17.27,
            "book_valuer_per_share_4q_avg": 18.13,
            "equity": 1262808,
            "current_ratio": 217.06,
            "debt_ratio": 18.23,
            "inventory_turnover_ratio": 7.16,
            "account_receivable_turnover_ratio": null,
            "reinvestment_rate": 54.69,
            "research_to_sale_ratio": null,
            "price_fair": 129.71,
            "eps_avg_yearly": 4.03,
            "eps_latest_yearly": 4.04,
            "eps_growth_yearly": 22.19
        },
        "20064": {
            "year_quarter": 20064,
            "year": 2006,
            "quarter": 4,
            "eps": 0.7,
            "eps_growth_year": -9.09,
            "eps_4q": 3.4,
            "eps_4q_growth_year": -1.79,
            "roe": 3.89,
            "roe_4q": 19.770000000000003,
            "gross_profit": 116425,
            "gross_margin": 44.55,
            "gross_margin_4q_avg": 45.31,
            "net_income": 50125,
            "net_income_4q": null,
            "revenue": 261353,
            "revenue_4q": null,
            "common_shares": 731024,
            "book_valuer_per_share": 17.96,
            "book_valuer_per_share_4q_avg": 18.15,
            "equity": 1313187,
            "current_ratio": 252.7,
            "debt_ratio": 15.2,
            "inventory_turnover_ratio": 6.86,
            "account_receivable_turnover_ratio": null,
            "reinvestment_rate": 49.5,
            "research_to_sale_ratio": null,
            "price_fair": 74.63,
            "eps_avg_yearly": 3.89,
            "eps_latest_yearly": 2.8,
            "eps_growth_yearly": 9.17
        },
        "20071": {
            "year_quarter": 20071,
            "year": 2007,
            "quarter": 1,
            "eps": 0.8,
            "eps_growth_year": -11.11,
            "eps_4q": 3.4,
            "eps_4q_growth_year": -4.03,
            "roe": 4.29,
            "roe_4q": 19.39,
            "gross_profit": 113548,
            "gross_margin": 45.41,
            "gross_margin_4q_avg": 45.7,
            "net_income": 57624,
            "net_income_4q": null,
            "revenue": 250056,
            "revenue_4q": null,
            "common_shares": 731604,
            "book_valuer_per_share": 18.77,
            "book_valuer_per_share_4q_avg": 18.05,
            "equity": 1373243,
            "current_ratio": 255.58,
            "debt_ratio": 13.41,
            "inventory_turnover_ratio": 6.23,
            "account_receivable_turnover_ratio": null,
            "reinvestment_rate": 50.81,
            "research_to_sale_ratio": null,
            "price_fair": 115.88,
            "eps_avg_yearly": 3.87,
            "eps_latest_yearly": 3.2,
            "eps_growth_yearly": 19.94
        },
        "20072": {
            "year_quarter": 20072,
            "year": 2007,
            "quarter": 2,
            "eps": 1.23,
            "eps_growth_year": 18.27,
            "eps_4q": 3.71,
            "eps_4q_growth_year": -0.28,
            "roe": 6.76,
            "roe_4q": 20.770000000000003,
            "gross_profit": 157602,
            "gross_margin": 50.54,
            "gross_margin_4q_avg": 46.59,
            "net_income": 89007,
            "net_income_4q": null,
            "revenue": 311809,
            "revenue_4q": null,
            "common_shares": 731604,
            "book_valuer_per_share": 17.24,
            "book_valuer_per_share_4q_avg": 17.81,
            "equity": 1261556,
            "current_ratio": 147.62,
            "debt_ratio": 26.9,
            "inventory_turnover_ratio": 6.15,
            "account_receivable_turnover_ratio": null,
            "reinvestment_rate": 46.94,
            "research_to_sale_ratio": null,
            "price_fair": 136.85,
            "eps_avg_yearly": 3.91,
            "eps_latest_yearly": 4.92,
            "eps_growth_yearly": 28.32
        },
        "20073": {
            "year_quarter": 20073,
            "year": 2007,
            "quarter": 3,
            "eps": 1.21,
            "eps_growth_year": 19.8,
            "eps_4q": 3.83,
            "eps_4q_growth_year": 12.73,
            "roe": 6.92,
            "roe_4q": 21.86,
            "gross_profit": 171024,
            "gross_margin": 48.63,
            "gross_margin_4q_avg": 47.28,
            "net_income": 90902,
            "net_income_4q": null,
            "revenue": 351670,
            "revenue_4q": null,
            "common_shares": 760213,
            "book_valuer_per_share": 17.97,
            "book_valuer_per_share_4q_avg": 17.99,
            "equity": 1365782,
            "current_ratio": 190.38,
            "debt_ratio": 20.16,
            "inventory_turnover_ratio": 6.53,
            "account_receivable_turnover_ratio": null,
            "reinvestment_rate": 44.26,
            "research_to_sale_ratio": null,
            "price_fair": 138.25,
            "eps_avg_yearly": 3.95,
            "eps_latest_yearly": 4.84,
            "eps_growth_yearly": 28.39
        },
        "20074": {
            "year_quarter": 20074,
            "year": 2007,
            "quarter": 4,
            "eps": 0.9,
            "eps_growth_year": 28.57,
            "eps_4q": 4.05,
            "eps_4q_growth_year": 19.08,
            "roe": 4.81,
            "roe_4q": 22.78,
            "gross_profit": 135870,
            "gross_margin": 46.76,
            "gross_margin_4q_avg": 47.84,
            "net_income": 67795,
            "net_income_4q": null,
            "revenue": 290565,
            "revenue_4q": null,
            "common_shares": 760213,
            "book_valuer_per_share": 18.98,
            "book_valuer_per_share_4q_avg": 18.24,
            "equity": 1454911,
            "current_ratio": 263.71,
            "debt_ratio": 14.38,
            "inventory_turnover_ratio": 6.01,
            "account_receivable_turnover_ratio": null,
            "reinvestment_rate": 49.68,
            "research_to_sale_ratio": null,
            "price_fair": 113.07,
            "eps_avg_yearly": 3.88,
            "eps_latest_yearly": 3.6,
            "eps_growth_yearly": 19.12
        },
        "20081": {
            "year_quarter": 20081,
            "year": 2008,
            "quarter": 1,
            "eps": 0.68,
            "eps_growth_year": -15,
            "eps_4q": 3.95,
            "eps_4q_growth_year": 16.16,
            "roe": 3.48,
            "roe_4q": 21.97,
            "gross_profit": 115380,
            "gross_margin": 41.33,
            "gross_margin_4q_avg": 46.82,
            "net_income": 51488,
            "net_income_4q": null,
            "revenue": 279137,
            "revenue_4q": null,
            "common_shares": 760213,
            "book_valuer_per_share": 19.62,
            "book_valuer_per_share_4q_avg": 18.45,
            "equity": 1504583,
            "current_ratio": 246.34,
            "debt_ratio": 14.6,
            "inventory_turnover_ratio": 7.7,
            "account_receivable_turnover_ratio": null,
            "reinvestment_rate": 56.21,
            "research_to_sale_ratio": null,
            "price_fair": 99.56,
            "eps_avg_yearly": 3.8,
            "eps_latest_yearly": 2.72,
            "eps_growth_yearly": 16.22
        },
        "20082": {
            "year_quarter": 20082,
            "year": 2008,
            "quarter": 2,
            "eps": 1.24,
            "eps_growth_year": 0.81,
            "eps_4q": 3.98,
            "eps_4q_growth_year": 7.32,
            "roe": 6.7,
            "roe_4q": 21.909999999999997,
            "gross_profit": 176202,
            "gross_margin": 46.7,
            "gross_margin_4q_avg": 45.86,
            "net_income": 95252,
            "net_income_4q": null,
            "revenue": 377317,
            "revenue_4q": null,
            "common_shares": 760213,
            "book_valuer_per_share": 17.46,
            "book_valuer_per_share_4q_avg": 18.51,
            "equity": 1339864,
            "current_ratio": 132.06,
            "debt_ratio": 28.79,
            "inventory_turnover_ratio": 9.91,
            "account_receivable_turnover_ratio": null,
            "reinvestment_rate": 52.03,
            "research_to_sale_ratio": null,
            "price_fair": 130.9,
            "eps_avg_yearly": 3.74,
            "eps_latest_yearly": 4.96,
            "eps_growth_yearly": 25.78
        },
        "20083": {
            "year_quarter": 20083,
            "year": 2008,
            "quarter": 3,
            "eps": 1.32,
            "eps_growth_year": 9.09,
            "eps_4q": 4.1,
            "eps_4q_growth_year": 7.18,
            "roe": 7.3,
            "roe_4q": 22.29,
            "gross_profit": 187221,
            "gross_margin": 48.01,
            "gross_margin_4q_avg": 45.7,
            "net_income": 101744,
            "net_income_4q": null,
            "revenue": 389998,
            "revenue_4q": null,
            "common_shares": 771315,
            "book_valuer_per_share": 18.56,
            "book_valuer_per_share_4q_avg": 18.66,
            "equity": 1448420,
            "current_ratio": 173.01,
            "debt_ratio": 22.77,
            "inventory_turnover_ratio": 9.06,
            "account_receivable_turnover_ratio": null,
            "reinvestment_rate": 47.12,
            "research_to_sale_ratio": null,
            "price_fair": 132.48,
            "eps_avg_yearly": 3.79,
            "eps_latest_yearly": 5.28,
            "eps_growth_yearly": 33
        },
        "20084": {
            "year_quarter": 20084,
            "year": 2008,
            "quarter": 4,
            "eps": 0.98,
            "eps_growth_year": 8.89,
            "eps_4q": 4.18,
            "eps_4q_growth_year": 3.19,
            "roe": 5.14,
            "roe_4q": 22.62,
            "gross_profit": 169065,
            "gross_margin": 51.54,
            "gross_margin_4q_avg": 46.9,
            "net_income": 75856,
            "net_income_4q": null,
            "revenue": 327996,
            "revenue_4q": null,
            "common_shares": 771315,
            "book_valuer_per_share": 19.23,
            "book_valuer_per_share_4q_avg": 18.72,
            "equity": 1501149,
            "current_ratio": 198.02,
            "debt_ratio": 19.65,
            "inventory_turnover_ratio": 7.18,
            "account_receivable_turnover_ratio": 1.2,
            "reinvestment_rate": 41.53,
            "research_to_sale_ratio": null,
            "price_fair": 137.2,
            "eps_avg_yearly": 3.92,
            "eps_latest_yearly": 3.92,
            "eps_growth_yearly": 41.91
        },
        "20091": {
            "year_quarter": 20091,
            "year": 2009,
            "quarter": 1,
            "eps": 1.09,
            "eps_growth_year": 60.29,
            "eps_4q": 4.64,
            "eps_4q_growth_year": 17.35,
            "roe": 5.41,
            "roe_4q": 24.55,
            "gross_profit": 166085,
            "gross_margin": 49.14,
            "gross_margin_4q_avg": 48.85,
            "net_income": 83489,
            "net_income_4q": null,
            "revenue": 337986,
            "revenue_4q": null,
            "common_shares": 771315,
            "book_valuer_per_share": 20.29,
            "book_valuer_per_share_4q_avg": 18.89,
            "equity": 1584280,
            "current_ratio": 250.26,
            "debt_ratio": 15.79,
            "inventory_turnover_ratio": 9.13,
            "account_receivable_turnover_ratio": 0.62,
            "reinvestment_rate": 40.17,
            "research_to_sale_ratio": null,
            "price_fair": 127.41,
            "eps_avg_yearly": 3.98,
            "eps_latest_yearly": 4.36,
            "eps_growth_yearly": 21.99
        },
        "20092": {
            "year_quarter": 20092,
            "year": 2009,
            "quarter": 2,
            "eps": 1.47,
            "eps_growth_year": 18.55,
            "eps_4q": 4.84,
            "eps_4q_growth_year": 21.73,
            "roe": 7.47,
            "roe_4q": 25.32,
            "gross_profit": 228885,
            "gross_margin": 54.71,
            "gross_margin_4q_avg": 50.85,
            "net_income": 112908,
            "net_income_4q": null,
            "revenue": 418331,
            "revenue_4q": null,
            "common_shares": 771315,
            "book_valuer_per_share": 18.4,
            "book_valuer_per_share_4q_avg": 19.12,
            "equity": 1437986,
            "current_ratio": 146.38,
            "debt_ratio": 29.9,
            "inventory_turnover_ratio": 10.86,
            "account_receivable_turnover_ratio": 0.75,
            "reinvestment_rate": 34.2,
            "research_to_sale_ratio": null,
            "price_fair": 143.76,
            "eps_avg_yearly": 4.11,
            "eps_latest_yearly": 5.88,
            "eps_growth_yearly": 26.84
        },
        "20093": {
            "year_quarter": 20093,
            "year": 2009,
            "quarter": 3,
            "eps": 1.55,
            "eps_growth_year": 17.42,
            "eps_4q": 5.02,
            "eps_4q_growth_year": 22.25,
            "roe": 8.04,
            "roe_4q": 26.06,
            "gross_profit": 232793,
            "gross_margin": 49.97,
            "gross_margin_4q_avg": 51.34,
            "net_income": 120344,
            "net_income_4q": null,
            "revenue": 465864,
            "revenue_4q": null,
            "common_shares": 778930,
            "book_valuer_per_share": 19.73,
            "book_valuer_per_share_4q_avg": 19.41,
            "equity": 1556763,
            "current_ratio": 194.81,
            "debt_ratio": 22.07,
            "inventory_turnover_ratio": 11.41,
            "account_receivable_turnover_ratio": 0.74,
            "reinvestment_rate": 28.88,
            "research_to_sale_ratio": null,
            "price_fair": 147.79,
            "eps_avg_yearly": 4.22,
            "eps_latest_yearly": 6.2,
            "eps_growth_yearly": 25.11
        },
        "20094": {
            "year_quarter": 20094,
            "year": 2009,
            "quarter": 4,
            "eps": 1.14,
            "eps_growth_year": 16.33,
            "eps_4q": 5.22,
            "eps_4q_growth_year": 24.86,
            "roe": 5.47,
            "roe_4q": 26.389999999999997,
            "gross_profit": 192334,
            "gross_margin": 43.17,
            "gross_margin_4q_avg": 49.25,
            "net_income": 88050,
            "net_income_4q": null,
            "revenue": 445492,
            "revenue_4q": null,
            "common_shares": 778930,
            "book_valuer_per_share": 21.16,
            "book_valuer_per_share_4q_avg": 19.9,
            "equity": 1661396,
            "current_ratio": 210.35,
            "debt_ratio": 22.21,
            "inventory_turnover_ratio": 10.34,
            "account_receivable_turnover_ratio": 1.41,
            "reinvestment_rate": 39.83,
            "research_to_sale_ratio": null,
            "price_fair": 151.03,
            "eps_avg_yearly": 4.32,
            "eps_latest_yearly": 4.56,
            "eps_growth_yearly": 25.83
        },
        "20101": {
            "year_quarter": 20101,
            "year": 2010,
            "quarter": 1,
            "eps": 1.41,
            "eps_growth_year": 29.36,
            "eps_4q": 5.56,
            "eps_4q_growth_year": 19.81,
            "roe": 6.4,
            "roe_4q": 27.38,
            "gross_profit": 208162,
            "gross_margin": 46.53,
            "gross_margin_4q_avg": 48.6,
            "net_income": 109890,
            "net_income_4q": null,
            "revenue": 447379,
            "revenue_4q": null,
            "common_shares": 778930,
            "book_valuer_per_share": 22.6,
            "book_valuer_per_share_4q_avg": 20.47,
            "equity": 1773583,
            "current_ratio": 231.45,
            "debt_ratio": 21.06,
            "inventory_turnover_ratio": 8.16,
            "account_receivable_turnover_ratio": 0.69,
            "reinvestment_rate": 36.8,
            "research_to_sale_ratio": 0.14,
            "price_fair": 155.49,
            "eps_avg_yearly": 4.44,
            "eps_latest_yearly": 5.64,
            "eps_growth_yearly": 27.53
        },
        "20102": {
            "year_quarter": 20102,
            "year": 2010,
            "quarter": 2,
            "eps": 2,
            "eps_growth_year": 36.22,
            "eps_4q": 6.02,
            "eps_4q_growth_year": 24.25,
            "roe": 9.41,
            "roe_4q": 29.32,
            "gross_profit": 265063,
            "gross_margin": 48.21,
            "gross_margin_4q_avg": 46.97,
            "net_income": 160166,
            "net_income_4q": null,
            "revenue": 549800,
            "revenue_4q": null,
            "common_shares": 778930,
            "book_valuer_per_share": 20.68,
            "book_valuer_per_share_4q_avg": 21.04,
            "equity": 1630361,
            "current_ratio": 151.05,
            "debt_ratio": 33.21,
            "inventory_turnover_ratio": 8.39,
            "account_receivable_turnover_ratio": 0.76,
            "reinvestment_rate": 35.52,
            "research_to_sale_ratio": 0.11,
            "price_fair": 163.89,
            "eps_avg_yearly": 4.68,
            "eps_latest_yearly": 8,
            "eps_growth_yearly": 34.11
        },
        "20103": {
            "year_quarter": 20103,
            "year": 2010,
            "quarter": 3,
            "eps": 1.69,
            "eps_growth_year": 9.3,
            "eps_4q": 6.19,
            "eps_4q_growth_year": 23.47,
            "roe": 7.79,
            "roe_4q": 29.07,
            "gross_profit": 213476,
            "gross_margin": 45.17,
            "gross_margin_4q_avg": 45.77,
            "net_income": 132175,
            "net_income_4q": null,
            "revenue": 472575,
            "revenue_4q": null,
            "common_shares": 794879,
            "book_valuer_per_share": 21.99,
            "book_valuer_per_share_4q_avg": 21.61,
            "equity": 1764310,
            "current_ratio": 208.72,
            "debt_ratio": 21.98,
            "inventory_turnover_ratio": 7.38,
            "account_receivable_turnover_ratio": 0.63,
            "reinvestment_rate": 33.62,
            "research_to_sale_ratio": 0.13,
            "price_fair": 169.84,
            "eps_avg_yearly": 4.85,
            "eps_latest_yearly": 6.76,
            "eps_growth_yearly": 30.95
        },
        "20104": {
            "year_quarter": 20104,
            "year": 2010,
            "quarter": 4,
            "eps": 0.93,
            "eps_growth_year": -18.13,
            "eps_4q": 6.02,
            "eps_4q_growth_year": 15.19,
            "roe": 4.15,
            "roe_4q": 27.75,
            "gross_profit": 176154,
            "gross_margin": 42.94,
            "gross_margin_4q_avg": 45.71,
            "net_income": 74574,
            "net_income_4q": null,
            "revenue": 410274,
            "revenue_4q": null,
            "common_shares": 794879,
            "book_valuer_per_share": 22.8,
            "book_valuer_per_share_4q_avg": 22.02,
            "equity": 1826926,
            "current_ratio": 227.11,
            "debt_ratio": 21.36,
            "inventory_turnover_ratio": 5.93,
            "account_receivable_turnover_ratio": 0.58,
            "reinvestment_rate": 30.14,
            "research_to_sale_ratio": 0.15,
            "price_fair": 171.85,
            "eps_avg_yearly": 4.91,
            "eps_latest_yearly": 3.72,
            "eps_growth_yearly": 27.38
        },
        "20111": {
            "year_quarter": 20111,
            "year": 2011,
            "quarter": 1,
            "eps": 1.42,
            "eps_growth_year": 0.71,
            "eps_4q": 6.02,
            "eps_4q_growth_year": 8.3,
            "roe": 5.92,
            "roe_4q": 27.27,
            "gross_profit": 190043,
            "gross_margin": 39.52,
            "gross_margin_4q_avg": 43.96,
            "net_income": 112041,
            "net_income_4q": null,
            "revenue": 480895,
            "revenue_4q": null,
            "common_shares": 794879,
            "book_valuer_per_share": 24.3,
            "book_valuer_per_share_4q_avg": 22.44,
            "equity": 1956401,
            "current_ratio": 254.15,
            "debt_ratio": 20.48,
            "inventory_turnover_ratio": 6.4,
            "account_receivable_turnover_ratio": 0.66,
            "reinvestment_rate": 27.52,
            "research_to_sale_ratio": 0.1,
            "price_fair": 177.28,
            "eps_avg_yearly": 5.07,
            "eps_latest_yearly": 5.68,
            "eps_growth_yearly": 36.98
        },
        "20112": {
            "year_quarter": 20112,
            "year": 2011,
            "quarter": 2,
            "eps": 1.61,
            "eps_growth_year": -19.68,
            "eps_4q": 5.6,
            "eps_4q_growth_year": -6.93,
            "roe": 7,
            "roe_4q": 24.86,
            "gross_profit": 223410,
            "gross_margin": 42.31,
            "gross_margin_4q_avg": 42.49,
            "net_income": 128170,
            "net_income_4q": null,
            "revenue": 527999,
            "revenue_4q": null,
            "common_shares": 794879,
            "book_valuer_per_share": 21.01,
            "book_valuer_per_share_4q_avg": 22.53,
            "equity": 1703462,
            "current_ratio": 153.08,
            "debt_ratio": 35.22,
            "inventory_turnover_ratio": 6.51,
            "account_receivable_turnover_ratio": 0.65,
            "reinvestment_rate": 26.93,
            "research_to_sale_ratio": 0.12,
            "price_fair": 180.6,
            "eps_avg_yearly": 5.16,
            "eps_latest_yearly": 6.44,
            "eps_growth_yearly": 26.89
        },
        "20113": {
            "year_quarter": 20113,
            "year": 2011,
            "quarter": 3,
            "eps": 1.61,
            "eps_growth_year": -4.69,
            "eps_4q": 5.54,
            "eps_4q_growth_year": -10.58,
            "roe": 7.37,
            "roe_4q": 24.439999999999998,
            "gross_profit": 230790,
            "gross_margin": 43.63,
            "gross_margin_4q_avg": 42.1,
            "net_income": 130981,
            "net_income_4q": null,
            "revenue": 528998,
            "revenue_4q": null,
            "common_shares": 799405,
            "book_valuer_per_share": 22.58,
            "book_valuer_per_share_4q_avg": 22.67,
            "equity": 1849238,
            "current_ratio": 229.57,
            "debt_ratio": 21.32,
            "inventory_turnover_ratio": 6.47,
            "account_receivable_turnover_ratio": 0.61,
            "reinvestment_rate": 27.75,
            "research_to_sale_ratio": 0.12,
            "price_fair": 184.1,
            "eps_avg_yearly": 5.26,
            "eps_latest_yearly": 6.44,
            "eps_growth_yearly": 27.3
        },
        "20114": {
            "year_quarter": 20114,
            "year": 2011,
            "quarter": 4,
            "eps": 0.9,
            "eps_growth_year": -3.09,
            "eps_4q": 5.53,
            "eps_4q_growth_year": -8.15,
            "roe": 3.93,
            "roe_4q": 24.22,
            "gross_profit": 182344,
            "gross_margin": 39.43,
            "gross_margin_4q_avg": 41.22,
            "net_income": 74022,
            "net_income_4q": null,
            "revenue": 462483,
            "revenue_4q": null,
            "common_shares": 797880,
            "book_valuer_per_share": 23.44,
            "book_valuer_per_share_4q_avg": 22.83,
            "equity": 1919911,
            "current_ratio": 233.94,
            "debt_ratio": 20.72,
            "inventory_turnover_ratio": 6.31,
            "account_receivable_turnover_ratio": 0.55,
            "reinvestment_rate": 26.58,
            "research_to_sale_ratio": 0.13,
            "price_fair": 171.88,
            "eps_avg_yearly": 5.26,
            "eps_latest_yearly": 3.6,
            "eps_growth_yearly": 22.68
        },
        "20121": {
            "year_quarter": 20121,
            "year": 2012,
            "quarter": 1,
            "eps": 1.47,
            "eps_growth_year": 3.52,
            "eps_4q": 5.59,
            "eps_4q_growth_year": -7.04,
            "roe": 5.98,
            "roe_4q": 24.28,
            "gross_profit": 226318,
            "gross_margin": 47.15,
            "gross_margin_4q_avg": 43.13,
            "net_income": 118144,
            "net_income_4q": null,
            "revenue": 480020,
            "revenue_4q": null,
            "common_shares": 797880,
            "book_valuer_per_share": 24.86,
            "book_valuer_per_share_4q_avg": 22.97,
            "equity": 2032763,
            "current_ratio": 261.21,
            "debt_ratio": 18.14,
            "inventory_turnover_ratio": 5.95,
            "account_receivable_turnover_ratio": 0.59,
            "reinvestment_rate": 24.1,
            "research_to_sale_ratio": 0.13,
            "price_fair": 191.01,
            "eps_avg_yearly": 5.46,
            "eps_latest_yearly": 5.88,
            "eps_growth_yearly": 44.62
        },
        "20122": {
            "year_quarter": 20122,
            "year": 2012,
            "quarter": 2,
            "eps": 1.44,
            "eps_growth_year": -10.25,
            "eps_4q": 5.35,
            "eps_4q_growth_year": -4.45,
            "roe": 6.3,
            "roe_4q": 23.580000000000002,
            "gross_profit": 233948,
            "gross_margin": 45.78,
            "gross_margin_4q_avg": 44,
            "net_income": 119826,
            "net_income_4q": null,
            "revenue": 511001,
            "revenue_4q": null,
            "common_shares": 797880,
            "book_valuer_per_share": 21.59,
            "book_valuer_per_share_4q_avg": 23.12,
            "equity": 1774245,
            "current_ratio": 141.14,
            "debt_ratio": 31.99,
            "inventory_turnover_ratio": 6.08,
            "account_receivable_turnover_ratio": 0.63,
            "reinvestment_rate": 28.44,
            "research_to_sale_ratio": 0.11,
            "price_fair": 184.63,
            "eps_avg_yearly": 5.51,
            "eps_latest_yearly": 5.76,
            "eps_growth_yearly": 23.52
        },
        "20123": {
            "year_quarter": 20123,
            "year": 2012,
            "quarter": 3,
            "eps": 1.24,
            "eps_growth_year": -23.3,
            "eps_4q": 5.01,
            "eps_4q_growth_year": -9.59,
            "roe": 5.66,
            "roe_4q": 21.87,
            "gross_profit": 213486,
            "gross_margin": 44.47,
            "gross_margin_4q_avg": 44.21,
            "net_income": 103350,
            "net_income_4q": null,
            "revenue": 480071,
            "revenue_4q": null,
            "common_shares": 814456,
            "book_valuer_per_share": 22.38,
            "book_valuer_per_share_4q_avg": 23.07,
            "equity": 1876203,
            "current_ratio": 140.61,
            "debt_ratio": 30.82,
            "inventory_turnover_ratio": 6.02,
            "account_receivable_turnover_ratio": 0.58,
            "reinvestment_rate": 38.96,
            "research_to_sale_ratio": 0.14,
            "price_fair": 156.05,
            "eps_avg_yearly": 5.49,
            "eps_latest_yearly": 4.96,
            "eps_growth_yearly": 18.44
        },
        "20124": {
            "year_quarter": 20124,
            "year": 2012,
            "quarter": 4,
            "eps": 0.7,
            "eps_growth_year": -22.19,
            "eps_4q": 4.83,
            "eps_4q_growth_year": -12.66,
            "roe": 3.05,
            "roe_4q": 20.990000000000002,
            "gross_profit": 170715,
            "gross_margin": 38.48,
            "gross_margin_4q_avg": 43.97,
            "net_income": 58149,
            "net_income_4q": null,
            "revenue": 443611,
            "revenue_4q": null,
            "common_shares": 814456,
            "book_valuer_per_share": 23.1,
            "book_valuer_per_share_4q_avg": 22.98,
            "equity": 1935563,
            "current_ratio": 136.46,
            "debt_ratio": 28.84,
            "inventory_turnover_ratio": 8.42,
            "account_receivable_turnover_ratio": 0.55,
            "reinvestment_rate": 45.24,
            "research_to_sale_ratio": 1.7,
            "price_fair": 129.97,
            "eps_avg_yearly": 5.42,
            "eps_latest_yearly": 2.8,
            "eps_growth_yearly": 13.99
        },
        "20131": {
            "year_quarter": 20131,
            "year": 2013,
            "quarter": 1,
            "eps": 1.09,
            "eps_growth_year": -25.85,
            "eps_4q": 4.47,
            "eps_4q_growth_year": -20.06,
            "roe": 4.55,
            "roe_4q": 19.56,
            "gross_profit": 209668,
            "gross_margin": 43.94,
            "gross_margin_4q_avg": 43.17,
            "net_income": 89784,
            "net_income_4q": null,
            "revenue": 477119,
            "revenue_4q": null,
            "common_shares": 814456,
            "book_valuer_per_share": 23.99,
            "book_valuer_per_share_4q_avg": 22.77,
            "equity": 2011737,
            "current_ratio": 157.33,
            "debt_ratio": 23.73,
            "inventory_turnover_ratio": 10.53,
            "account_receivable_turnover_ratio": 0.64,
            "reinvestment_rate": 30.23,
            "research_to_sale_ratio": 0.13,
            "price_fair": 189.61,
            "eps_avg_yearly": 5.42,
            "eps_latest_yearly": 4.36,
            "eps_growth_yearly": 25.11
        },
        "20132": {
            "year_quarter": 20132,
            "year": 2013,
            "quarter": 2,
            "eps": 1.56,
            "eps_growth_year": 8.07,
            "eps_4q": 4.54,
            "eps_4q_growth_year": -15.09,
            "roe": 6.84,
            "roe_4q": 20.1,
            "gross_profit": 286040,
            "gross_margin": 47.65,
            "gross_margin_4q_avg": 43.64,
            "net_income": 131177,
            "net_income_4q": null,
            "revenue": 600271,
            "revenue_4q": null,
            "common_shares": 814456,
            "book_valuer_per_share": 21.62,
            "book_valuer_per_share_4q_avg": 22.77,
            "equity": 1823120,
            "current_ratio": 113.97,
            "debt_ratio": 35.25,
            "inventory_turnover_ratio": 12.46,
            "account_receivable_turnover_ratio": 0.78,
            "reinvestment_rate": 32,
            "research_to_sale_ratio": 0.66,
            "price_fair": 190.4,
            "eps_avg_yearly": 5.44,
            "eps_latest_yearly": 6.24,
            "eps_growth_yearly": 27.18
        },
        "20133": {
            "year_quarter": 20133,
            "year": 2013,
            "quarter": 3,
            "eps": 1.5,
            "eps_growth_year": 21.13,
            "eps_4q": 4.82,
            "eps_4q_growth_year": -3.83,
            "roe": 6.8,
            "roe_4q": 21.240000000000002,
            "gross_profit": 276079,
            "gross_margin": 44.66,
            "gross_margin_4q_avg": 43.68,
            "net_income": 128341,
            "net_income_4q": null,
            "revenue": 618117,
            "revenue_4q": null,
            "common_shares": 822992,
            "book_valuer_per_share": 22.89,
            "book_valuer_per_share_4q_avg": 22.9,
            "equity": 1950617,
            "current_ratio": 132.24,
            "debt_ratio": 31.93,
            "inventory_turnover_ratio": 13.35,
            "account_receivable_turnover_ratio": 0.73,
            "reinvestment_rate": 30.34,
            "research_to_sale_ratio": 1.46,
            "price_fair": 189.17,
            "eps_avg_yearly": 5.43,
            "eps_latest_yearly": 6,
            "eps_growth_yearly": 24.85
        },
        "20134": {
            "year_quarter": 20134,
            "year": 2013,
            "quarter": 4,
            "eps": 1.13,
            "eps_growth_year": 60.58,
            "eps_4q": 5.25,
            "eps_4q_growth_year": 8.79,
            "roe": 5.02,
            "roe_4q": 23.21,
            "gross_profit": 228576,
            "gross_margin": 37.54,
            "gross_margin_4q_avg": 43.45,
            "net_income": 100525,
            "net_income_4q": null,
            "revenue": 608939,
            "revenue_4q": null,
            "common_shares": 822992,
            "book_valuer_per_share": 24.04,
            "book_valuer_per_share_4q_avg": 23.14,
            "equity": 2054081,
            "current_ratio": 149.31,
            "debt_ratio": 28.05,
            "inventory_turnover_ratio": 14.87,
            "account_receivable_turnover_ratio": 0.76,
            "reinvestment_rate": 21.23,
            "research_to_sale_ratio": 1.37,
            "price_fair": 189.88,
            "eps_avg_yearly": 5.43,
            "eps_latest_yearly": 4.52,
            "eps_growth_yearly": 25.3
        },
        "20141": {
            "year_quarter": 20141,
            "year": 2014,
            "quarter": 1,
            "eps": 1.31,
            "eps_growth_year": 20.18,
            "eps_4q": 5.48,
            "eps_4q_growth_year": 22.64,
            "roe": 5.39,
            "roe_4q": 24.05,
            "gross_profit": 273650,
            "gross_margin": 44.16,
            "gross_margin_4q_avg": 43.5,
            "net_income": 113672,
            "net_income_4q": null,
            "revenue": 619723,
            "revenue_4q": null,
            "common_shares": 822992,
            "book_valuer_per_share": 25.35,
            "book_valuer_per_share_4q_avg": 23.48,
            "equity": 2166907,
            "current_ratio": 170.22,
            "debt_ratio": 23.87,
            "inventory_turnover_ratio": 14.1,
            "account_receivable_turnover_ratio": 0.84,
            "reinvestment_rate": 21.89,
            "research_to_sale_ratio": 0.96,
            "price_fair": 180.15,
            "eps_avg_yearly": 5.4,
            "eps_latest_yearly": 5.24,
            "eps_growth_yearly": 23.36
        },
        "20142": {
            "year_quarter": 20142,
            "year": 2014,
            "quarter": 2,
            "eps": 2.19,
            "eps_growth_year": 40.38,
            "eps_4q": 6.01,
            "eps_4q_growth_year": 32.2,
            "roe": 9.13,
            "roe_4q": 26.34,
            "gross_profit": 355976,
            "gross_margin": 48.83,
            "gross_margin_4q_avg": 43.8,
            "net_income": 190404,
            "net_income_4q": null,
            "revenue": 729070,
            "revenue_4q": null,
            "common_shares": 822992,
            "book_valuer_per_share": 23.25,
            "book_valuer_per_share_4q_avg": 23.88,
            "equity": 2002858,
            "current_ratio": 128.56,
            "debt_ratio": 33.49,
            "inventory_turnover_ratio": 16.41,
            "account_receivable_turnover_ratio": 0.95,
            "reinvestment_rate": 19.54,
            "research_to_sale_ratio": 1.04,
            "price_fair": 190.66,
            "eps_avg_yearly": 5.45,
            "eps_latest_yearly": 8.76,
            "eps_growth_yearly": 29.69
        },
        "20143": {
            "year_quarter": 20143,
            "year": 2014,
            "quarter": 3,
            "eps": 2.28,
            "eps_growth_year": 52,
            "eps_4q": 6.82,
            "eps_4q_growth_year": 41.5,
            "roe": 9.47,
            "roe_4q": 29.01,
            "gross_profit": 391008,
            "gross_margin": 48.26,
            "gross_margin_4q_avg": 44.7,
            "net_income": 199778,
            "net_income_4q": null,
            "revenue": 810249,
            "revenue_4q": null,
            "common_shares": 839787,
            "book_valuer_per_share": 25.17,
            "book_valuer_per_share_4q_avg": 24.45,
            "equity": 2217729,
            "current_ratio": 137.36,
            "debt_ratio": 33.38,
            "inventory_turnover_ratio": 18.47,
            "account_receivable_turnover_ratio": 1.02,
            "reinvestment_rate": 23.56,
            "research_to_sale_ratio": 1.05,
            "price_fair": 195.83,
            "eps_avg_yearly": 5.6,
            "eps_latest_yearly": 9.12,
            "eps_growth_yearly": 34.6
        },
        "20144": {
            "year_quarter": 20144,
            "year": 2014,
            "quarter": 4,
            "eps": 1.82,
            "eps_growth_year": 61.43,
            "eps_4q": 7.53,
            "eps_4q_growth_year": 43.47,
            "roe": 6.99,
            "roe_4q": 30.980000000000004,
            "gross_profit": 352812,
            "gross_margin": 46.26,
            "gross_margin_4q_avg": 46.88,
            "net_income": 162276,
            "net_income_4q": null,
            "revenue": 762717,
            "revenue_4q": null,
            "common_shares": 839787,
            "book_valuer_per_share": 27.6,
            "book_valuer_per_share_4q_avg": 25.34,
            "equity": 2426466,
            "current_ratio": 252.64,
            "debt_ratio": 35.91,
            "inventory_turnover_ratio": 16.87,
            "account_receivable_turnover_ratio": 0.93,
            "reinvestment_rate": 26.78,
            "research_to_sale_ratio": 1.03,
            "price_fair": 203.61,
            "eps_avg_yearly": 5.82,
            "eps_latest_yearly": 7.28,
            "eps_growth_yearly": 40.8
        },
        "20151": {
            "year_quarter": 20151,
            "year": 2015,
            "quarter": 1,
            "eps": 1.86,
            "eps_growth_year": 41.98,
            "eps_4q": 8.1,
            "eps_4q_growth_year": 47.72,
            "roe": 6.6,
            "roe_4q": 32.190000000000005,
            "gross_profit": 343215,
            "gross_margin": 45.59,
            "gross_margin_4q_avg": 47.24,
            "net_income": 165678,
            "net_income_4q": null,
            "revenue": 752767,
            "revenue_4q": null,
            "common_shares": 840331,
            "book_valuer_per_share": 29.48,
            "book_valuer_per_share_4q_avg": 26.38,
            "equity": 2594670,
            "current_ratio": 237.94,
            "debt_ratio": 35.76,
            "inventory_turnover_ratio": 14.47,
            "account_receivable_turnover_ratio": 0.92,
            "reinvestment_rate": 34.09,
            "research_to_sale_ratio": 1.05,
            "price_fair": 207.46,
            "eps_avg_yearly": 5.93,
            "eps_latest_yearly": 7.44,
            "eps_growth_yearly": 28.17
        },
        "20152": {
            "year_quarter": 20152,
            "year": 2015,
            "quarter": 2,
            "eps": 2.47,
            "eps_growth_year": 12.79,
            "eps_4q": 8.07,
            "eps_4q_growth_year": 34.37,
            "roe": 8.22,
            "roe_4q": 31.28,
            "gross_profit": 424849,
            "gross_margin": 51.84,
            "gross_margin_4q_avg": 47.99,
            "net_income": 214175,
            "net_income_4q": null,
            "revenue": 819597,
            "revenue_4q": null,
            "common_shares": 860337,
            "book_valuer_per_share": 29.01,
            "book_valuer_per_share_4q_avg": 27.82,
            "equity": 2618114,
            "current_ratio": 171.72,
            "debt_ratio": 37.82,
            "inventory_turnover_ratio": 13.77,
            "account_receivable_turnover_ratio": 1.04,
            "reinvestment_rate": 30.58,
            "research_to_sale_ratio": 1.05,
            "price_fair": 214.99,
            "eps_avg_yearly": 6.14,
            "eps_latest_yearly": 9.88,
            "eps_growth_yearly": 33.03
        },
        "20153": {
            "year_quarter": 20153,
            "year": 2015,
            "quarter": 3,
            "eps": 2.4,
            "eps_growth_year": 5.26,
            "eps_4q": 8.15,
            "eps_4q_growth_year": 19.59,
            "roe": 7.75,
            "roe_4q": 29.560000000000002,
            "gross_profit": 415033,
            "gross_margin": 49.2,
            "gross_margin_4q_avg": 48.22,
            "net_income": 219145,
            "net_income_4q": null,
            "revenue": 843588,
            "revenue_4q": null,
            "common_shares": 889108,
            "book_valuer_per_share": 32.56,
            "book_valuer_per_share_4q_avg": 29.66,
            "equity": 3033814,
            "current_ratio": 235.79,
            "debt_ratio": 24.71,
            "inventory_turnover_ratio": 16.46,
            "account_receivable_turnover_ratio": 0.98,
            "reinvestment_rate": 29.26,
            "research_to_sale_ratio": 1.16,
            "price_fair": 221.9,
            "eps_avg_yearly": 6.34,
            "eps_latest_yearly": 9.6,
            "eps_growth_yearly": 32.32
        },
        "20154": {
            "year_quarter": 20154,
            "year": 2015,
            "quarter": 4,
            "eps": 1.9,
            "eps_growth_year": 4.29,
            "eps_4q": 8.32,
            "eps_4q_growth_year": 10.42,
            "roe": 5.76,
            "roe_4q": 28.33,
            "gross_profit": 351084,
            "gross_margin": 47.38,
            "gross_margin_4q_avg": 48.5,
            "net_income": 180075,
            "net_income_4q": null,
            "revenue": 740986,
            "revenue_4q": null,
            "common_shares": 890859,
            "book_valuer_per_share": 34.75,
            "book_valuer_per_share_4q_avg": 31.45,
            "equity": 3221947,
            "current_ratio": 252.35,
            "debt_ratio": 26.11,
            "inventory_turnover_ratio": 15,
            "account_receivable_turnover_ratio": 0.78,
            "reinvestment_rate": 15.59,
            "research_to_sale_ratio": 1.13,
            "price_fair": 230.65,
            "eps_avg_yearly": 6.59,
            "eps_latest_yearly": 7.6,
            "eps_growth_yearly": 38.14
        },
        "20161": {
            "year_quarter": 20161,
            "year": 2016,
            "quarter": 1,
            "eps": 1.8,
            "eps_growth_year": -3.23,
            "eps_4q": 8.37,
            "eps_4q_growth_year": 3.26,
            "roe": 4.92,
            "roe_4q": 26.65,
            "gross_profit": 330372,
            "gross_margin": 48.25,
            "gross_margin_4q_avg": 49.17,
            "net_income": 162370,
            "net_income_4q": null,
            "revenue": 684740,
            "revenue_4q": null,
            "common_shares": 890987,
            "book_valuer_per_share": 36.53,
            "book_valuer_per_share_4q_avg": 33.21,
            "equity": 3381901,
            "current_ratio": 279.03,
            "debt_ratio": 24.36,
            "inventory_turnover_ratio": 12.72,
            "account_receivable_turnover_ratio": 0.74,
            "reinvestment_rate": 11.47,
            "research_to_sale_ratio": 1.21,
            "price_fair": 206.76,
            "eps_avg_yearly": 6.67,
            "eps_latest_yearly": 7.2,
            "eps_growth_yearly": 20.99
        },
        "20162": {
            "year_quarter": 20162,
            "year": 2016,
            "quarter": 2,
            "eps": 2.1,
            "eps_growth_year": -14.98,
            "eps_4q": 8.06,
            "eps_4q_growth_year": -0.19,
            "roe": 6.09,
            "roe_4q": 24.52,
            "gross_profit": 348265,
            "gross_margin": 49.02,
            "gross_margin_4q_avg": 48.46,
            "net_income": 195190,
            "net_income_4q": null,
            "revenue": 710471,
            "revenue_4q": null,
            "common_shares": 891054,
            "book_valuer_per_share": 32.5,
            "book_valuer_per_share_4q_avg": 34.09,
            "equity": 3027752,
            "current_ratio": 191.13,
            "debt_ratio": 35.47,
            "inventory_turnover_ratio": 13.21,
            "account_receivable_turnover_ratio": 0.78,
            "reinvestment_rate": 5.47,
            "research_to_sale_ratio": 1.29,
            "price_fair": 239.31,
            "eps_avg_yearly": 6.84,
            "eps_latest_yearly": 8.4,
            "eps_growth_yearly": 25.66
        },
        "20163": {
            "year_quarter": 20163,
            "year": 2016,
            "quarter": 3,
            "eps": 1.85,
            "eps_growth_year": -22.92,
            "eps_4q": 7.6,
            "eps_4q_growth_year": -6.76,
            "roe": 5.63,
            "roe_4q": 22.4,
            "gross_profit": 368323,
            "gross_margin": 49.57,
            "gross_margin_4q_avg": 48.56,
            "net_income": 174726,
            "net_income_4q": null,
            "revenue": 743093,
            "revenue_4q": null,
            "common_shares": 900515,
            "book_valuer_per_share": 33.8,
            "book_valuer_per_share_4q_avg": 34.4,
            "equity": 3178704,
            "current_ratio": 252.34,
            "debt_ratio": 26.44,
            "inventory_turnover_ratio": 14.76,
            "account_receivable_turnover_ratio": 0.78,
            "reinvestment_rate": -0.82,
            "research_to_sale_ratio": 1.51,
            "price_fair": 244.65,
            "eps_avg_yearly": 6.99,
            "eps_latest_yearly": 7.4,
            "eps_growth_yearly": 26.16
        },
        "20164": {
            "year_quarter": 20164,
            "year": 2016,
            "quarter": 4,
            "eps": 1.93,
            "eps_growth_year": 1.28,
            "eps_4q": 7.64,
            "eps_4q_growth_year": -8.09,
            "roe": 5.46,
            "roe_4q": 22.1,
            "gross_profit": 337963,
            "gross_margin": 48.79,
            "gross_margin_4q_avg": 48.91,
            "net_income": 178543,
            "net_income_4q": null,
            "revenue": 692653,
            "revenue_4q": null,
            "common_shares": 900515,
            "book_valuer_per_share": 35.68,
            "book_valuer_per_share_4q_avg": 34.63,
            "equity": 3363125,
            "current_ratio": 251.47,
            "debt_ratio": 25.77,
            "inventory_turnover_ratio": 11.78,
            "account_receivable_turnover_ratio": 0.74,
            "reinvestment_rate": -5.31,
            "research_to_sale_ratio": 2.24,
            "price_fair": 255.41,
            "eps_avg_yearly": 7.3,
            "eps_latest_yearly": 7.72,
            "eps_growth_yearly": 38.13
        },
        "20171": {
            "year_quarter": 20171,
            "year": 2017,
            "quarter": 1,
            "eps": 1.62,
            "eps_growth_year": -10,
            "eps_4q": 7.46,
            "eps_4q_growth_year": -10.89,
            "roe": 4.36,
            "roe_4q": 21.54,
            "gross_profit": 312874,
            "gross_margin": 44.77,
            "gross_margin_4q_avg": 48.04,
            "net_income": 150114,
            "net_income_4q": null,
            "revenue": 698902,
            "revenue_4q": null,
            "common_shares": 904104,
            "book_valuer_per_share": 37.32,
            "book_valuer_per_share_4q_avg": 34.83,
            "equity": 3524730,
            "current_ratio": 296.41,
            "debt_ratio": 22.88,
            "inventory_turnover_ratio": 10.04,
            "account_receivable_turnover_ratio": 0.8,
            "reinvestment_rate": 1.32,
            "research_to_sale_ratio": 1.49,
            "price_fair": 224.26,
            "eps_avg_yearly": 7.43,
            "eps_latest_yearly": 6.48,
            "eps_growth_yearly": 20.18
        },
        "20172": {
            "year_quarter": 20172,
            "year": 2017,
            "quarter": 2,
            "eps": 2.08,
            "eps_growth_year": -0.95,
            "eps_4q": 7.39,
            "eps_4q_growth_year": -8.25,
            "roe": 5.86,
            "roe_4q": 21.31,
            "gross_profit": 368215,
            "gross_margin": 48.76,
            "gross_margin_4q_avg": 47.97,
            "net_income": 196453,
            "net_income_4q": null,
            "revenue": 755101,
            "revenue_4q": null,
            "common_shares": 904104,
            "book_valuer_per_share": 33.51,
            "book_valuer_per_share_4q_avg": 35.08,
            "equity": 3178974,
            "current_ratio": 207.58,
            "debt_ratio": 32.49,
            "inventory_turnover_ratio": 9.93,
            "account_receivable_turnover_ratio": 0.83,
            "reinvestment_rate": 0.07,
            "research_to_sale_ratio": 1.49,
            "price_fair": 200.36,
            "eps_avg_yearly": 7.56,
            "eps_latest_yearly": 8.32,
            "eps_growth_yearly": 16.5
        },
        "20173": {
            "year_quarter": 20173,
            "year": 2017,
            "quarter": 3,
            "eps": 2.08,
            "eps_growth_year": 12.43,
            "eps_4q": 7.64,
            "eps_4q_growth_year": 0.48,
            "roe": 5.92,
            "roe_4q": 21.6,
            "gross_profit": 381066,
            "gross_margin": 47.37,
            "gross_margin_4q_avg": 47.42,
            "net_income": 194740,
            "net_income_4q": null,
            "revenue": 804397,
            "revenue_4q": null,
            "common_shares": 914276,
            "book_valuer_per_share": 35.46,
            "book_valuer_per_share_4q_avg": 35.49,
            "equity": 3397836,
            "current_ratio": 297.53,
            "debt_ratio": 22.53,
            "inventory_turnover_ratio": 11.18,
            "account_receivable_turnover_ratio": 0.78,
            "reinvestment_rate": 1.67,
            "research_to_sale_ratio": 1.44,
            "price_fair": 211.61,
            "eps_avg_yearly": 7.71,
            "eps_latest_yearly": 8.32,
            "eps_growth_yearly": 17.46
        },
        "20174": {
            "year_quarter": 20174,
            "year": 2017,
            "quarter": 4,
            "eps": 1.97,
            "eps_growth_year": 1.99,
            "eps_4q": 7.7,
            "eps_4q_growth_year": 0.75,
            "roe": 5.34,
            "roe_4q": 21.48,
            "gross_profit": 362553,
            "gross_margin": 47.02,
            "gross_margin_4q_avg": 46.98,
            "net_income": 186485,
            "net_income_4q": null,
            "revenue": 771113,
            "revenue_4q": null,
            "common_shares": 914557,
            "book_valuer_per_share": 37.41,
            "book_valuer_per_share_4q_avg": 35.93,
            "equity": 3584994,
            "current_ratio": 293.63,
            "debt_ratio": 22.61,
            "inventory_turnover_ratio": 11.08,
            "account_receivable_turnover_ratio": 0.73,
            "reinvestment_rate": 4,
            "research_to_sale_ratio": 1.51,
            "price_fair": 255.72,
            "eps_avg_yearly": 7.92,
            "eps_latest_yearly": 7.88,
            "eps_growth_yearly": 22.31
        },
        "20181": {
            "year_quarter": 20181,
            "year": 2018,
            "quarter": 1,
            "eps": 1.61,
            "eps_growth_year": -0.62,
            "eps_4q": 7.71,
            "eps_4q_growth_year": 3.43,
            "roe": 4.09,
            "roe_4q": 21.21,
            "gross_profit": 310596,
            "gross_margin": 44.54,
            "gross_margin_4q_avg": 46.92,
            "net_income": 150224,
            "net_income_4q": null,
            "revenue": 697352,
            "revenue_4q": null,
            "common_shares": 914557,
            "book_valuer_per_share": 39.23,
            "book_valuer_per_share_4q_avg": 36.4,
            "equity": 3756584,
            "current_ratio": 350.27,
            "debt_ratio": 19.58,
            "inventory_turnover_ratio": 10.38,
            "account_receivable_turnover_ratio": 0.72,
            "reinvestment_rate": 2.75,
            "research_to_sale_ratio": 1.29,
            "price_fair": 189.82,
            "eps_avg_yearly": 7.99,
            "eps_latest_yearly": 6.44,
            "eps_growth_yearly": 13.76
        },
        "20182": {
            "year_quarter": 20182,
            "year": 2018,
            "quarter": 2,
            "eps": 1.94,
            "eps_growth_year": -6.73,
            "eps_4q": 7.53,
            "eps_4q_growth_year": 1.88,
            "roe": 5.11,
            "roe_4q": 20.46,
            "gross_profit": 336565,
            "gross_margin": 44.86,
            "gross_margin_4q_avg": 45.95,
            "net_income": 182744,
            "net_income_4q": null,
            "revenue": 750319,
            "revenue_4q": null,
            "common_shares": 914557,
            "book_valuer_per_share": 35.19,
            "book_valuer_per_share_4q_avg": 36.82,
            "equity": 3389313,
            "current_ratio": 214.69,
            "debt_ratio": 30.13,
            "inventory_turnover_ratio": 10.2,
            "account_receivable_turnover_ratio": 0.82,
            "reinvestment_rate": 5.04,
            "research_to_sale_ratio": 1.49,
            "price_fair": 95.82,
            "eps_avg_yearly": 7.93,
            "eps_latest_yearly": 7.76,
            "eps_growth_yearly": 2.09
        },
        "20183": {
            "year_quarter": 20183,
            "year": 2018,
            "quarter": 3,
            "eps": 2.15,
            "eps_growth_year": 3.37,
            "eps_4q": 7.63,
            "eps_4q_growth_year": -0.12,
            "roe": 5.84,
            "roe_4q": 20.38,
            "gross_profit": 359582,
            "gross_margin": 46.32,
            "gross_margin_4q_avg": 45.69,
            "net_income": 202651,
            "net_income_4q": null,
            "revenue": 776303,
            "revenue_4q": null,
            "common_shares": 923966,
            "book_valuer_per_share": 36.6,
            "book_valuer_per_share_4q_avg": 37.11,
            "equity": 3550617,
            "current_ratio": 297.45,
            "debt_ratio": 21.77,
            "inventory_turnover_ratio": 9.83,
            "account_receivable_turnover_ratio": 0.81,
            "reinvestment_rate": 1.35,
            "research_to_sale_ratio": 1.3,
            "price_fair": 108.69,
            "eps_avg_yearly": 7.9,
            "eps_latest_yearly": 8.6,
            "eps_growth_yearly": 3.77
        },
        "20184": {
            "year_quarter": 20184,
            "year": 2018,
            "quarter": 4,
            "eps": 1.9,
            "eps_growth_year": -3.51,
            "eps_4q": 7.58,
            "eps_4q_growth_year": -1.6,
            "roe": 4.94,
            "roe_4q": 19.98,
            "gross_profit": 352839,
            "gross_margin": 45.66,
            "gross_margin_4q_avg": 45.35,
            "net_income": 179721,
            "net_income_4q": null,
            "revenue": 772670,
            "revenue_4q": null,
            "common_shares": 923966,
            "book_valuer_per_share": 38.48,
            "book_valuer_per_share_4q_avg": 37.38,
            "equity": 3730249,
            "current_ratio": 294.05,
            "debt_ratio": 21.53,
            "inventory_turnover_ratio": 8.66,
            "account_receivable_turnover_ratio": 0.72,
            "reinvestment_rate": 2.11,
            "research_to_sale_ratio": 1.53,
            "price_fair": 125.87,
            "eps_avg_yearly": 7.92,
            "eps_latest_yearly": 7.6,
            "eps_growth_yearly": 5.9
        },
        "20191": {
            "year_quarter": 20191,
            "year": 2019,
            "quarter": 1,
            "eps": 1.64,
            "eps_growth_year": 1.86,
            "eps_4q": 7.62,
            "eps_4q_growth_year": -1.15,
            "roe": 4,
            "roe_4q": 19.89,
            "gross_profit": 307995,
            "gross_margin": 43.55,
            "gross_margin_4q_avg": 45.1,
            "net_income": 152814,
            "net_income_4q": null,
            "revenue": 707247,
            "revenue_4q": null,
            "common_shares": 923966,
            "book_valuer_per_share": 40.33,
            "book_valuer_per_share_4q_avg": 37.65,
            "equity": 3906702,
            "current_ratio": 320.96,
            "debt_ratio": 20.93,
            "inventory_turnover_ratio": 8.28,
            "account_receivable_turnover_ratio": 0.63,
            "reinvestment_rate": -3.83,
            "research_to_sale_ratio": 1.34,
            "price_fair": 93.79,
            "eps_avg_yearly": 7.86,
            "eps_latest_yearly": 6.56,
            "eps_growth_yearly": 1.93
        },
        "20192": {
            "year_quarter": 20192,
            "year": 2019,
            "quarter": 2,
            "eps": 1.76,
            "eps_growth_year": -9.28,
            "eps_4q": 7.45,
            "eps_4q_growth_year": -1.08,
            "roe": 4.52,
            "roe_4q": 19.3,
            "gross_profit": 337848,
            "gross_margin": 44.96,
            "gross_margin_4q_avg": 45.12,
            "net_income": 167217,
            "net_income_4q": null,
            "revenue": 751483,
            "revenue_4q": null,
            "common_shares": 923966,
            "book_valuer_per_share": 35.78,
            "book_valuer_per_share_4q_avg": 37.8,
            "equity": 3488251,
            "current_ratio": 210.86,
            "debt_ratio": 30.52,
            "inventory_turnover_ratio": 11.01,
            "account_receivable_turnover_ratio": 0.68,
            "reinvestment_rate": -1.73,
            "research_to_sale_ratio": 1.41,
            "price_fair": 23.05,
            "eps_avg_yearly": 7.68,
            "eps_latest_yearly": 7.04,
            "eps_growth_yearly": -4.44
        },
        "20193": {
            "year_quarter": 20193,
            "year": 2019,
            "quarter": 3,
            "eps": 1.9,
            "eps_growth_year": -11.63,
            "eps_4q": 7.19,
            "eps_4q_growth_year": -5.68,
            "roe": 4.98,
            "roe_4q": 18.44,
            "gross_profit": 350343,
            "gross_margin": 46.06,
            "gross_margin_4q_avg": 45.06,
            "net_income": 177036,
            "net_income_4q": null,
            "revenue": 760545,
            "revenue_4q": null,
            "common_shares": 923966,
            "book_valuer_per_share": 37.29,
            "book_valuer_per_share_4q_avg": 37.97,
            "equity": 3622639,
            "current_ratio": 292.32,
            "debt_ratio": 22.07,
            "inventory_turnover_ratio": 12.38,
            "account_receivable_turnover_ratio": 0.69,
            "reinvestment_rate": -2.43,
            "research_to_sale_ratio": 1.3,
            "price_fair": 22.67,
            "eps_avg_yearly": 7.56,
            "eps_latest_yearly": 7.6,
            "eps_growth_yearly": -1.74
        },
        "20194": {
            "year_quarter": 20194,
            "year": 2019,
            "quarter": 4,
            "eps": 1.97,
            "eps_growth_year": 3.76,
            "eps_4q": 7.27,
            "eps_4q_growth_year": -4.13,
            "roe": 5.01,
            "roe_4q": 18.509999999999998,
            "gross_profit": 375324,
            "gross_margin": 49.01,
            "gross_margin_4q_avg": 45.9,
            "net_income": 185682,
            "net_income_4q": null,
            "revenue": 765748,
            "revenue_4q": null,
            "common_shares": 923966,
            "book_valuer_per_share": 39.09,
            "book_valuer_per_share_4q_avg": 38.12,
            "equity": 3791030,
            "current_ratio": 299.27,
            "debt_ratio": 20.11,
            "inventory_turnover_ratio": 12.34,
            "account_receivable_turnover_ratio": 0.7,
            "reinvestment_rate": 8.1,
            "research_to_sale_ratio": 1.36,
            "price_fair": 109,
            "eps_avg_yearly": 7.58,
            "eps_latest_yearly": 7.88,
            "eps_growth_yearly": 4.39
        },
        "20201": {
            "year_quarter": 20201,
            "year": 2020,
            "quarter": 1,
            "eps": 1.65,
            "eps_growth_year": 0.61,
            "eps_4q": 7.28,
            "eps_4q_growth_year": -4.55,
            "roe": 4.02,
            "roe_4q": 18.53,
            "gross_profit": 320499,
            "gross_margin": 43.5,
            "gross_margin_4q_avg": 45.88,
            "net_income": 155475,
            "net_income_4q": null,
            "revenue": 736700,
            "revenue_4q": null,
            "common_shares": 923966,
            "book_valuer_per_share": 40.65,
            "book_valuer_per_share_4q_avg": 38.2,
            "equity": 3936170,
            "current_ratio": 323.03,
            "debt_ratio": 18.89,
            "inventory_turnover_ratio": 13.21,
            "account_receivable_turnover_ratio": 0.64,
            "reinvestment_rate": 10.24,
            "research_to_sale_ratio": 1.29,
            "price_fair": 87.77,
            "eps_avg_yearly": 7.54,
            "eps_latest_yearly": 6.6,
            "eps_growth_yearly": 1.64
        },
        "20202": {
            "year_quarter": 20202,
            "year": 2020,
            "quarter": 2,
            "eps": 2.1,
            "eps_growth_year": 19.32,
            "eps_4q": 7.61,
            "eps_4q_growth_year": 2.18,
            "roe": 5.23,
            "roe_4q": 19.240000000000002,
            "gross_profit": 416907,
            "gross_margin": 45.64,
            "gross_margin_4q_avg": 46.05,
            "net_income": 196212,
            "net_income_4q": null,
            "revenue": 913527,
            "revenue_4q": null,
            "common_shares": 923966,
            "book_valuer_per_share": 36.7,
            "book_valuer_per_share_4q_avg": 38.43,
            "equity": 3571153,
            "current_ratio": 193.03,
            "debt_ratio": 29.88,
            "inventory_turnover_ratio": 14.36,
            "account_receivable_turnover_ratio": 0.71,
            "reinvestment_rate": 15.88,
            "research_to_sale_ratio": 1.19,
            "price_fair": 107.76,
            "eps_avg_yearly": 7.54,
            "eps_latest_yearly": 8.4,
            "eps_growth_yearly": 4.3
        },
        "20203": {
            "year_quarter": 20203,
            "year": 2020,
            "quarter": 3,
            "eps": 2.25,
            "eps_growth_year": 18.42,
            "eps_4q": 7.97,
            "eps_4q_growth_year": 10.74,
            "roe": 5.96,
            "roe_4q": 20.22,
            "gross_profit": 426100,
            "gross_margin": 45.99,
            "gross_margin_4q_avg": 46.04,
            "net_income": 220144,
            "net_income_4q": null,
            "revenue": 926524,
            "revenue_4q": null,
            "common_shares": 923966,
            "book_valuer_per_share": 39.24,
            "book_valuer_per_share_4q_avg": 38.92,
            "equity": 3821080,
            "current_ratio": 272.65,
            "debt_ratio": 20.14,
            "inventory_turnover_ratio": 12.95,
            "account_receivable_turnover_ratio": 0.7,
            "reinvestment_rate": 18.33,
            "research_to_sale_ratio": 1.04,
            "price_fair": 145.56,
            "eps_avg_yearly": 7.64,
            "eps_latest_yearly": 9,
            "eps_growth_yearly": 9.06
        },
        "20204": {
            "year_quarter": 20204,
            "year": 2020,
            "quarter": 4,
            "eps": 2.03,
            "eps_growth_year": 3.22,
            "eps_4q": 8.03,
            "eps_4q_growth_year": 10.52,
            "roe": 5.35,
            "roe_4q": 20.56,
            "gross_profit": 410991,
            "gross_margin": 43.83,
            "gross_margin_4q_avg": 44.74,
            "net_income": 211158,
            "net_income_4q": null,
            "revenue": 937747,
            "revenue_4q": null,
            "common_shares": 923966,
            "book_valuer_per_share": 41.64,
            "book_valuer_per_share_4q_avg": 39.56,
            "equity": 4071508,
            "current_ratio": 266.59,
            "debt_ratio": 23.39,
            "inventory_turnover_ratio": 12.42,
            "account_receivable_turnover_ratio": 0.75,
            "reinvestment_rate": 20.95,
            "research_to_sale_ratio": 1.1,
            "price_fair": 119.02,
            "eps_avg_yearly": 7.66,
            "eps_latest_yearly": 8.12,
            "eps_growth_yearly": 5.53
        },
        "20211": {
            "year_quarter": 20211,
            "year": 2021,
            "quarter": 1,
            "eps": 2.71,
            "eps_growth_year": 64.24,
            "eps_4q": 9.09,
            "eps_4q_growth_year": 24.91,
            "roe": 5.97,
            "roe_4q": 22.51,
            "gross_profit": 490715,
            "gross_margin": 48.62,
            "gross_margin_4q_avg": 46.02,
            "net_income": 251675,
            "net_income_4q": null,
            "revenue": 1009258,
            "revenue_4q": null,
            "common_shares": 923966,
            "book_valuer_per_share": 44.69,
            "book_valuer_per_share_4q_avg": 40.57,
            "equity": 4353831,
            "current_ratio": 286.06,
            "debt_ratio": 22.28,
            "inventory_turnover_ratio": 10.13,
            "account_receivable_turnover_ratio": 0.84,
            "reinvestment_rate": 23.53,
            "research_to_sale_ratio": 1.08,
            "price_fair": 221.56,
            "eps_avg_yearly": 7.94,
            "eps_latest_yearly": 10.84,
            "eps_growth_yearly": 17.92
        },
        "20212": {
            "year_quarter": 20212,
            "year": 2021,
            "quarter": 2,
            "eps": 2.64,
            "eps_growth_year": 25.71,
            "eps_4q": 9.17,
            "eps_4q_growth_year": 20.53,
            "roe": 6.3,
            "roe_4q": 23.58,
            "gross_profit": 507552,
            "gross_margin": 48.78,
            "gross_margin_4q_avg": 46.81,
            "net_income": 263408,
            "net_income_4q": null,
            "revenue": 1040474,
            "revenue_4q": null,
            "common_shares": 923966,
            "book_valuer_per_share": 40.82,
            "book_valuer_per_share_4q_avg": 41.6,
            "equity": 4013156,
            "current_ratio": 197.74,
            "debt_ratio": 31.36,
            "inventory_turnover_ratio": 7.86,
            "account_receivable_turnover_ratio": 0.89,
            "reinvestment_rate": 23.88,
            "research_to_sale_ratio": 1.13,
            "price_fair": 162.94,
            "eps_avg_yearly": 8.08,
            "eps_latest_yearly": 10.56,
            "eps_growth_yearly": 10.18
        },
        "20213": {
            "year_quarter": 20213,
            "year": 2021,
            "quarter": 3,
            "eps": 3.14,
            "eps_growth_year": 39.56,
            "eps_4q": 10.17,
            "eps_4q_growth_year": 27.7,
            "roe": 7.48,
            "roe_4q": 25.1,
            "gross_profit": 608393,
            "gross_margin": 52.29,
            "gross_margin_4q_avg": 48.38,
            "net_income": 311375,
            "net_income_4q": null,
            "revenue": 1163554,
            "revenue_4q": null,
            "common_shares": 970164,
            "book_valuer_per_share": 41.87,
            "book_valuer_per_share_4q_avg": 42.26,
            "equity": 4310213,
            "current_ratio": 269.88,
            "debt_ratio": 23.8,
            "inventory_turnover_ratio": 7.16,
            "account_receivable_turnover_ratio": 1.05,
            "reinvestment_rate": 22.47,
            "research_to_sale_ratio": 1.37,
            "price_fair": 207.77,
            "eps_avg_yearly": 8.34,
            "eps_latest_yearly": 12.56,
            "eps_growth_yearly": 14.91
        },
        "20214": {
            "year_quarter": 20214,
            "year": 2021,
            "quarter": 4,
            "eps": 2.77,
            "eps_growth_year": 36.46,
            "eps_4q": 11.01,
            "eps_4q_growth_year": 37.12,
            "roe": 6.46,
            "roe_4q": 26.21,
            "gross_profit": 555244,
            "gross_margin": 50.13,
            "gross_margin_4q_avg": 49.96,
            "net_income": 288323,
            "net_income_4q": null,
            "revenue": 1107536,
            "revenue_4q": null,
            "common_shares": 970164,
            "book_valuer_per_share": 44.81,
            "book_valuer_per_share_4q_avg": 43.05,
            "equity": 4616608,
            "current_ratio": 275.42,
            "debt_ratio": 24.75,
            "inventory_turnover_ratio": 7.08,
            "account_receivable_turnover_ratio": 1.03,
            "reinvestment_rate": 19.23,
            "research_to_sale_ratio": 1.42,
            "price_fair": 198.89,
            "eps_avg_yearly": 8.54,
            "eps_latest_yearly": 11.08,
            "eps_growth_yearly": 13.29
        },
        "20221": {
            "year_quarter": 20221,
            "year": 2022,
            "quarter": 1,
            "eps": 3.72,
            "eps_growth_year": 37.27,
            "eps_4q": 12.15,
            "eps_4q_growth_year": 33.67,
            "roe": 7.73,
            "roe_4q": 27.970000000000002,
            "gross_profit": 668393,
            "gross_margin": 54.11,
            "gross_margin_4q_avg": 51.33,
            "net_income": 373996,
            "net_income_4q": null,
            "revenue": 1235350,
            "revenue_4q": null,
            "common_shares": 970164,
            "book_valuer_per_share": 49.06,
            "book_valuer_per_share_4q_avg": 44.14,
            "equity": 5053893,
            "current_ratio": 297.44,
            "debt_ratio": 24.23,
            "inventory_turnover_ratio": 7.04,
            "account_receivable_turnover_ratio": 1.13,
            "reinvestment_rate": 18.33,
            "research_to_sale_ratio": 1.03,
            "price_fair": 317.36,
            "eps_avg_yearly": 9.07,
            "eps_latest_yearly": 14.88,
            "eps_growth_yearly": 26.43
        },
        "20222": {
            "year_quarter": 20222,
            "year": 2022,
            "quarter": 2,
            "eps": 4.1,
            "eps_growth_year": 55.3,
            "eps_4q": 13.73,
            "eps_4q_growth_year": 49.66,
            "roe": 8.74,
            "roe_4q": 30.41,
            "gross_profit": 719084,
            "gross_margin": 56.24,
            "gross_margin_4q_avg": 53.19,
            "net_income": 420343,
            "net_income_4q": null,
            "revenue": 1278501,
            "revenue_4q": null,
            "common_shares": 970164,
            "book_valuer_per_share": 43.8,
            "book_valuer_per_share_4q_avg": 44.89,
            "equity": 4561499,
            "current_ratio": 203.61,
            "debt_ratio": 34.54,
            "inventory_turnover_ratio": 7.02,
            "account_receivable_turnover_ratio": 1.08,
            "reinvestment_rate": 15.1,
            "research_to_sale_ratio": 1.49,
            "price_fair": 325.32,
            "eps_avg_yearly": 9.61,
            "eps_latest_yearly": 16.4,
            "eps_growth_yearly": 23.86
        },
        "20223": {
            "year_quarter": 20223,
            "year": 2022,
            "quarter": 3,
            "eps": 4.7,
            "eps_growth_year": 49.68,
            "eps_4q": 15.29,
            "eps_4q_growth_year": 50.31,
            "roe": 9.85,
            "roe_4q": 32.78,
            "gross_profit": 760223,
            "gross_margin": 57.79,
            "gross_margin_4q_avg": 54.57,
            "net_income": 473804,
            "net_income_4q": null,
            "revenue": 1315540,
            "revenue_4q": null,
            "common_shares": 970164,
            "book_valuer_per_share": 48.68,
            "book_valuer_per_share_4q_avg": 46.59,
            "equity": 5055605,
            "current_ratio": 303.93,
            "debt_ratio": 24.41,
            "inventory_turnover_ratio": 7.56,
            "account_receivable_turnover_ratio": 1.09,
            "reinvestment_rate": 16.45,
            "research_to_sale_ratio": 1.02,
            "price_fair": 356.66,
            "eps_avg_yearly": 10.25,
            "eps_latest_yearly": 18.8,
            "eps_growth_yearly": 24.81
        },
        "20224": {
            "year_quarter": 20224,
            "year": 2022,
            "quarter": 4,
            "eps": 3.33,
            "eps_growth_year": 20.15,
            "eps_4q": 15.85,
            "eps_4q_growth_year": 43.95,
            "roe": 6.41,
            "roe_4q": 32.730000000000004,
            "gross_profit": 610349,
            "gross_margin": 51.47,
            "gross_margin_4q_avg": 54.9,
            "net_income": 332892,
            "net_income_4q": null,
            "revenue": 1185833,
            "revenue_4q": null,
            "common_shares": 970164,
            "book_valuer_per_share": 51.53,
            "book_valuer_per_share_4q_avg": 48.27,
            "equity": 5327817,
            "current_ratio": 295.98,
            "debt_ratio": 25.68,
            "inventory_turnover_ratio": 9.17,
            "account_receivable_turnover_ratio": 1.02,
            "reinvestment_rate": 14.22,
            "research_to_sale_ratio": 1.56,
            "price_fair": 322.67,
            "eps_avg_yearly": 10.6,
            "eps_latest_yearly": 13.32,
            "eps_growth_yearly": 20.43
        },
        "20231": {
            "year_quarter": 20231,
            "year": 2023,
            "quarter": 1,
            "eps": 4.13,
            "eps_growth_year": 11.02,
            "eps_4q": 16.26,
            "eps_4q_growth_year": 33.83,
            "roe": 7.59,
            "roe_4q": 32.59,
            "gross_profit": 705476,
            "gross_margin": 54.67,
            "gross_margin_4q_avg": 55.04,
            "net_income": 421767,
            "net_income_4q": null,
            "revenue": 1290312,
            "revenue_4q": null,
            "common_shares": 970164,
            "book_valuer_per_share": 55.95,
            "book_valuer_per_share_4q_avg": 49.99,
            "equity": 5779209,
            "current_ratio": 319.7,
            "debt_ratio": 24.67,
            "inventory_turnover_ratio": 9.89,
            "account_receivable_turnover_ratio": 1.08,
            "reinvestment_rate": 13,
            "research_to_sale_ratio": 1.01,
            "price_fair": 392.88,
            "eps_avg_yearly": 11.23,
            "eps_latest_yearly": 16.52,
            "eps_growth_yearly": 29.86
        },
        "20232": {
            "year_quarter": 20232,
            "year": 2023,
            "quarter": 2,
            "eps": 3.66,
            "eps_growth_year": -10.73,
            "eps_4q": 15.23,
            "eps_4q_growth_year": 10.96,
            "roe": 7.12,
            "roe_4q": 30.97,
            "gross_profit": 641255,
            "gross_margin": 53.85,
            "gross_margin_4q_avg": 54.45,
            "net_income": 384469,
            "net_income_4q": null,
            "revenue": 1190863,
            "revenue_4q": null,
            "common_shares": 970164,
            "book_valuer_per_share": 48.08,
            "book_valuer_per_share_4q_avg": 51.06,
            "equity": 5015983,
            "current_ratio": 215.31,
            "debt_ratio": 35.28,
            "inventory_turnover_ratio": 8.32,
            "account_receivable_turnover_ratio": 0.98,
            "reinvestment_rate": 9.8,
            "research_to_sale_ratio": 1.52,
            "price_fair": 409.5,
            "eps_avg_yearly": 11.7,
            "eps_latest_yearly": 14.64,
            "eps_growth_yearly": 25.19
        },
        "20233": {
            "year_quarter": 20233,
            "year": 2023,
            "quarter": 3,
            "eps": 3.94,
            "eps_growth_year": -16.17,
            "eps_4q": 14.7,
            "eps_4q_growth_year": -3.87,
            "roe": 7.85,
            "roe_4q": 28.97,
            "gross_profit": 646024,
            "gross_margin": 54.03,
            "gross_margin_4q_avg": 53.51,
            "net_income": 413442,
            "net_income_4q": null,
            "revenue": 1195715,
            "revenue_4q": null,
            "common_shares": 1018672,
            "book_valuer_per_share": 50.45,
            "book_valuer_per_share_4q_avg": 51.5,
            "equity": 5513037,
            "current_ratio": 318.23,
            "debt_ratio": 25.42,
            "inventory_turnover_ratio": 9.27,
            "account_receivable_turnover_ratio": 0.98,
            "reinvestment_rate": 7.58,
            "research_to_sale_ratio": 1.06,
            "price_fair": 427.35,
            "eps_avg_yearly": 12.21,
            "eps_latest_yearly": 15.76,
            "eps_growth_yearly": 25.11
        },
        "20234": {
            "year_quarter": 20234,
            "year": 2023,
            "quarter": 4,
            "eps": 2.79,
            "eps_growth_year": -16.24,
            "eps_4q": 14.32,
            "eps_4q_growth_year": -9.67,
            "roe": 5.19,
            "roe_4q": 27.75,
            "gross_profit": 581860,
            "gross_margin": 50.35,
            "gross_margin_4q_avg": 53.23,
            "net_income": 291600,
            "net_income_4q": null,
            "revenue": 1155584,
            "revenue_4q": null,
            "common_shares": 1018672,
            "book_valuer_per_share": 52.58,
            "book_valuer_per_share_4q_avg": 51.77,
            "equity": 5730351,
            "current_ratio": 337.91,
            "debt_ratio": 24.32,
            "inventory_turnover_ratio": 10.84,
            "account_receivable_turnover_ratio": 0.85,
            "reinvestment_rate": 7.84,
            "research_to_sale_ratio": 2.62,
            "price_fair": 333.86,
            "eps_avg_yearly": 12.42,
            "eps_latest_yearly": 11.16,
            "eps_growth_yearly": 16.89
        }
    },
    "months": {
        "2002-01": {
            "month": "2002-01",
            "price": "49.93",
            "revenue": 36716
        },
        "2002-02": {
            "month": "2002-02",
            "price": "67.62",
            "revenue": 32385
        },
        "2002-03": {
            "month": "2002-03",
            "price": "68.40",
            "revenue": 37033
        },
        "2002-04": {
            "month": "2002-04",
            "price": "68.57",
            "revenue": 38901
        },
        "2002-05": {
            "month": "2002-05",
            "price": "66.45",
            "revenue": 39273
        },
        "2002-06": {
            "month": "2002-06",
            "price": "66.90",
            "revenue": 40411
        },
        "2002-07": {
            "month": "2002-07",
            "price": "62.43",
            "revenue": 43324
        },
        "2002-08": {
            "month": "2002-08",
            "price": "58.82",
            "revenue": 49860
        },
        "2002-09": {
            "month": "2002-09",
            "price": "57.30",
            "revenue": 52821
        },
        "2002-10": {
            "month": "2002-10",
            "price": "57.14",
            "revenue": 56482
        },
        "2002-11": {
            "month": "2002-11",
            "price": "56.33",
            "revenue": 60121
        },
        "2002-12": {
            "month": "2002-12",
            "price": "58.43",
            "revenue": 41332
        },
        "2003-01": {
            "month": "2003-01",
            "price": "58.55",
            "revenue": 53105
        },
        "2003-02": {
            "month": "2003-02",
            "price": "55.78",
            "revenue": 45000
        },
        "2003-03": {
            "month": "2003-03",
            "price": "54.00",
            "revenue": 52072
        },
        "2003-04": {
            "month": "2003-04",
            "price": "52.20",
            "revenue": 53540
        },
        "2003-05": {
            "month": "2003-05",
            "price": "48.83",
            "revenue": 58890
        },
        "2003-06": {
            "month": "2003-06",
            "price": "54.10",
            "revenue": 62156
        },
        "2003-07": {
            "month": "2003-07",
            "price": "56.61",
            "revenue": 63977
        },
        "2003-08": {
            "month": "2003-08",
            "price": "56.33",
            "revenue": 64604
        },
        "2003-09": {
            "month": "2003-09",
            "price": "56.40",
            "revenue": 68419
        },
        "2003-10": {
            "month": "2003-10",
            "price": "53.43",
            "revenue": 70282
        },
        "2003-11": {
            "month": "2003-11",
            "price": "51.30",
            "revenue": 65764
        },
        "2003-12": {
            "month": "2003-12",
            "price": "48.93",
            "revenue": 71678
        },
        "2004-01": {
            "month": "2004-01",
            "price": "48.63",
            "revenue": 55990
        },
        "2004-02": {
            "month": "2004-02",
            "price": "51.11",
            "revenue": 73975
        },
        "2004-03": {
            "month": "2004-03",
            "price": "50.28",
            "revenue": 86821
        },
        "2004-04": {
            "month": "2004-04",
            "price": "50.72",
            "revenue": 83999
        },
        "2004-05": {
            "month": "2004-05",
            "price": "55.80",
            "revenue": 85036
        },
        "2004-06": {
            "month": "2004-06",
            "price": "64.10",
            "revenue": 81725
        },
        "2004-07": {
            "month": "2004-07",
            "price": "58.27",
            "revenue": 74632
        },
        "2004-08": {
            "month": "2004-08",
            "price": "56.85",
            "revenue": 70042
        },
        "2004-09": {
            "month": "2004-09",
            "price": "61.55",
            "revenue": 81140
        },
        "2004-10": {
            "month": "2004-10",
            "price": "52.54",
            "revenue": 71524
        },
        "2004-11": {
            "month": "2004-11",
            "price": "45.18",
            "revenue": 77022
        },
        "2004-12": {
            "month": "2004-12",
            "price": "43.49",
            "revenue": 68755
        },
        "2005-01": {
            "month": "2005-01",
            "price": "40.44",
            "revenue": 73919
        },
        "2005-02": {
            "month": "2005-02",
            "price": "40.63",
            "revenue": 51476
        },
        "2005-03": {
            "month": "2005-03",
            "price": "39.59",
            "revenue": 80879
        },
        "2005-04": {
            "month": "2005-04",
            "price": "40.70",
            "revenue": 72006
        },
        "2005-05": {
            "month": "2005-05",
            "price": "41.20",
            "revenue": 67261
        },
        "2005-06": {
            "month": "2005-06",
            "price": "47.57",
            "revenue": 67092
        },
        "2005-07": {
            "month": "2005-07",
            "price": "57.56",
            "revenue": 62029
        },
        "2005-08": {
            "month": "2005-08",
            "price": "53.98",
            "revenue": 80435
        },
        "2005-09": {
            "month": "2005-09",
            "price": "49.19",
            "revenue": 87305
        },
        "2005-10": {
            "month": "2005-10",
            "price": "47.32",
            "revenue": 80990
        },
        "2005-11": {
            "month": "2005-11",
            "price": "45.75",
            "revenue": 86367
        },
        "2005-12": {
            "month": "2005-12",
            "price": "50.40",
            "revenue": 89377
        },
        "2006-01": {
            "month": "2006-01",
            "price": "55.89",
            "revenue": 78490
        },
        "2006-02": {
            "month": "2006-02",
            "price": "53.63",
            "revenue": 81141
        },
        "2006-03": {
            "month": "2006-03",
            "price": "57.43",
            "revenue": 98187
        },
        "2006-04": {
            "month": "2006-04",
            "price": "57.57",
            "revenue": 95541
        },
        "2006-05": {
            "month": "2006-05",
            "price": "54.25",
            "revenue": 81238
        },
        "2006-06": {
            "month": "2006-06",
            "price": "45.74",
            "revenue": 81606
        },
        "2006-07": {
            "month": "2006-07",
            "price": "45.65",
            "revenue": 86210
        },
        "2006-08": {
            "month": "2006-08",
            "price": "44.94",
            "revenue": 101283
        },
        "2006-09": {
            "month": "2006-09",
            "price": "44.28",
            "revenue": 90302
        },
        "2006-10": {
            "month": "2006-10",
            "price": "43.01",
            "revenue": 84622
        },
        "2006-11": {
            "month": "2006-11",
            "price": "42.32",
            "revenue": 91582
        },
        "2006-12": {
            "month": "2006-12",
            "price": "43.32",
            "revenue": 85149
        },
        "2007-01": {
            "month": "2007-01",
            "price": "44.89",
            "revenue": 76392
        },
        "2007-02": {
            "month": "2007-02",
            "price": "43.44",
            "revenue": 77497
        },
        "2007-03": {
            "month": "2007-03",
            "price": "43.70",
            "revenue": 96167
        },
        "2007-04": {
            "month": "2007-04",
            "price": "45.13",
            "revenue": 96587
        },
        "2007-05": {
            "month": "2007-05",
            "price": "44.96",
            "revenue": 106132
        },
        "2007-06": {
            "month": "2007-06",
            "price": "50.65",
            "revenue": 109090
        },
        "2007-07": {
            "month": "2007-07",
            "price": "57.93",
            "revenue": 120580
        },
        "2007-08": {
            "month": "2007-08",
            "price": "58.91",
            "revenue": 121053
        },
        "2007-09": {
            "month": "2007-09",
            "price": "61.02",
            "revenue": 110038
        },
        "2007-10": {
            "month": "2007-10",
            "price": "58.11",
            "revenue": 103021
        },
        "2007-11": {
            "month": "2007-11",
            "price": "47.00",
            "revenue": 104887
        },
        "2007-12": {
            "month": "2007-12",
            "price": "45.79",
            "revenue": 82657
        },
        "2008-01": {
            "month": "2008-01",
            "price": "41.93",
            "revenue": 88298
        },
        "2008-02": {
            "month": "2008-02",
            "price": "42.42",
            "revenue": 85348
        },
        "2008-03": {
            "month": "2008-03",
            "price": "44.61",
            "revenue": 98787
        },
        "2008-04": {
            "month": "2008-04",
            "price": "48.15",
            "revenue": 117283
        },
        "2008-05": {
            "month": "2008-05",
            "price": "48.29",
            "revenue": 124530
        },
        "2008-06": {
            "month": "2008-06",
            "price": "46.14",
            "revenue": 126158
        },
        "2008-07": {
            "month": "2008-07",
            "price": "43.15",
            "revenue": 127193
        },
        "2008-08": {
            "month": "2008-08",
            "price": "42.48",
            "revenue": 122634
        },
        "2008-09": {
            "month": "2008-09",
            "price": "37.48",
            "revenue": 129072
        },
        "2008-10": {
            "month": "2008-10",
            "price": "32.98",
            "revenue": 118021
        },
        "2008-11": {
            "month": "2008-11",
            "price": "29.14",
            "revenue": 107805
        },
        "2008-12": {
            "month": "2008-12",
            "price": "28.36",
            "revenue": 95184
        },
        "2009-01": {
            "month": "2009-01",
            "price": "29.37",
            "revenue": 91303
        },
        "2009-02": {
            "month": "2009-02",
            "price": "32.12",
            "revenue": 101639
        },
        "2009-03": {
            "month": "2009-03",
            "price": "36.50",
            "revenue": 134888
        },
        "2009-04": {
            "month": "2009-04",
            "price": "46.29",
            "revenue": 135968
        },
        "2009-05": {
            "month": "2009-05",
            "price": "51.12",
            "revenue": 137049
        },
        "2009-06": {
            "month": "2009-06",
            "price": "49.12",
            "revenue": 130089
        },
        "2009-07": {
            "month": "2009-07",
            "price": "52.79",
            "revenue": 143187
        },
        "2009-08": {
            "month": "2009-08",
            "price": "61.21",
            "revenue": 150044
        },
        "2009-09": {
            "month": "2009-09",
            "price": "61.11",
            "revenue": 151180
        },
        "2009-10": {
            "month": "2009-10",
            "price": "62.78",
            "revenue": 152765
        },
        "2009-11": {
            "month": "2009-11",
            "price": "63.06",
            "revenue": 142285
        },
        "2009-12": {
            "month": "2009-12",
            "price": "65.00",
            "revenue": 130041
        },
        "2010-01": {
            "month": "2010-01",
            "price": "62.85",
            "revenue": 138234
        },
        "2010-02": {
            "month": "2010-02",
            "price": "59.16",
            "revenue": 128880
        },
        "2010-03": {
            "month": "2010-03",
            "price": "63.53",
            "revenue": 162104
        },
        "2010-04": {
            "month": "2010-04",
            "price": "66.70",
            "revenue": 168239
        },
        "2010-05": {
            "month": "2010-05",
            "price": "68.44",
            "revenue": 175446
        },
        "2010-06": {
            "month": "2010-06",
            "price": "69.92",
            "revenue": 166792
        },
        "2010-07": {
            "month": "2010-07",
            "price": "69.03",
            "revenue": 154376
        },
        "2010-08": {
            "month": "2010-08",
            "price": "65.26",
            "revenue": 155434
        },
        "2010-09": {
            "month": "2010-09",
            "price": "63.54",
            "revenue": 150107
        },
        "2010-10": {
            "month": "2010-10",
            "price": "66.21",
            "revenue": 131323
        },
        "2010-11": {
            "month": "2010-11",
            "price": "64.29",
            "revenue": 148534
        },
        "2010-12": {
            "month": "2010-12",
            "price": "68.20",
            "revenue": 127906
        },
        "2011-01": {
            "month": "2011-01",
            "price": "66.63",
            "revenue": 149220
        },
        "2011-02": {
            "month": "2011-02",
            "price": "67.71",
            "revenue": 137669
        },
        "2011-03": {
            "month": "2011-03",
            "price": "65.96",
            "revenue": 192750
        },
        "2011-04": {
            "month": "2011-04",
            "price": "69.44",
            "revenue": 177989
        },
        "2011-05": {
            "month": "2011-05",
            "price": "74.04",
            "revenue": 183993
        },
        "2011-06": {
            "month": "2011-06",
            "price": "70.80",
            "revenue": 165539
        },
        "2011-07": {
            "month": "2011-07",
            "price": "69.39",
            "revenue": 175336
        },
        "2011-08": {
            "month": "2011-08",
            "price": "64.64",
            "revenue": 180289
        },
        "2011-09": {
            "month": "2011-09",
            "price": "63.11",
            "revenue": 176083
        },
        "2011-10": {
            "month": "2011-10",
            "price": "64.58",
            "revenue": 150885
        },
        "2011-11": {
            "month": "2011-11",
            "price": "62.80",
            "revenue": 174898
        },
        "2011-12": {
            "month": "2011-12",
            "price": "61.47",
            "revenue": 137112
        },
        "2012-01": {
            "month": "2012-01",
            "price": "61.21",
            "revenue": 144287
        },
        "2012-02": {
            "month": "2012-02",
            "price": "65.62",
            "revenue": 147991
        },
        "2012-03": {
            "month": "2012-03",
            "price": "67.38",
            "revenue": 187772
        },
        "2012-04": {
            "month": "2012-04",
            "price": "68.46",
            "revenue": 175695
        },
        "2012-05": {
            "month": "2012-05",
            "price": "69.70",
            "revenue": 188151
        },
        "2012-06": {
            "month": "2012-06",
            "price": "71.01",
            "revenue": 146714
        },
        "2012-07": {
            "month": "2012-07",
            "price": "70.05",
            "revenue": 160649
        },
        "2012-08": {
            "month": "2012-08",
            "price": "69.12",
            "revenue": 156384
        },
        "2012-09": {
            "month": "2012-09",
            "price": "67.18",
            "revenue": 163140
        },
        "2012-10": {
            "month": "2012-10",
            "price": "66.78",
            "revenue": 158756
        },
        "2012-11": {
            "month": "2012-11",
            "price": "65.48",
            "revenue": 146193
        },
        "2012-12": {
            "month": "2012-12",
            "price": "66.23",
            "revenue": 138950
        },
        "2013-01": {
            "month": "2013-01",
            "price": "66.18",
            "revenue": 149427
        },
        "2013-02": {
            "month": "2013-02",
            "price": "67.75",
            "revenue": 147421
        },
        "2013-03": {
            "month": "2013-03",
            "price": "73.76",
            "revenue": 180276
        },
        "2013-04": {
            "month": "2013-04",
            "price": "73.30",
            "revenue": 201171
        },
        "2013-05": {
            "month": "2013-05",
            "price": "74.19",
            "revenue": 203478
        },
        "2013-06": {
            "month": "2013-06",
            "price": "76.45",
            "revenue": 195453
        },
        "2013-07": {
            "month": "2013-07",
            "price": "83.43",
            "revenue": 204120
        },
        "2013-08": {
            "month": "2013-08",
            "price": "88.41",
            "revenue": 204739
        },
        "2013-09": {
            "month": "2013-09",
            "price": "86.36",
            "revenue": 209310
        },
        "2013-10": {
            "month": "2013-10",
            "price": "94.37",
            "revenue": 215744
        },
        "2013-11": {
            "month": "2013-11",
            "price": "119.76",
            "revenue": 196458
        },
        "2013-12": {
            "month": "2013-12",
            "price": "136.98",
            "revenue": 196812
        },
        "2014-01": {
            "month": "2014-01",
            "price": "126.11",
            "revenue": 200255
        },
        "2014-02": {
            "month": "2014-02",
            "price": "131.03",
            "revenue": 201346
        },
        "2014-03": {
            "month": "2014-03",
            "price": "145.10",
            "revenue": 218028
        },
        "2014-04": {
            "month": "2014-04",
            "price": "138.79",
            "revenue": 233111
        },
        "2014-05": {
            "month": "2014-05",
            "price": "133.36",
            "revenue": 240094
        },
        "2014-06": {
            "month": "2014-06",
            "price": "130.40",
            "revenue": 255959
        },
        "2014-07": {
            "month": "2014-07",
            "price": "138.39",
            "revenue": 260863
        },
        "2014-08": {
            "month": "2014-08",
            "price": "143.64",
            "revenue": 264184
        },
        "2014-09": {
            "month": "2014-09",
            "price": "152.62",
            "revenue": 285202
        },
        "2014-10": {
            "month": "2014-10",
            "price": "149.32",
            "revenue": 272058
        },
        "2014-11": {
            "month": "2014-11",
            "price": "148.82",
            "revenue": 250109
        },
        "2014-12": {
            "month": "2014-12",
            "price": "155.96",
            "revenue": 240550
        },
        "2015-01": {
            "month": "2015-01",
            "price": "163.02",
            "revenue": 245421
        },
        "2015-02": {
            "month": "2015-02",
            "price": "167.31",
            "revenue": 242199
        },
        "2015-03": {
            "month": "2015-03",
            "price": "173.36",
            "revenue": 265147
        },
        "2015-04": {
            "month": "2015-04",
            "price": "169.45",
            "revenue": 270127
        },
        "2015-05": {
            "month": "2015-05",
            "price": "185.35",
            "revenue": 272264
        },
        "2015-06": {
            "month": "2015-06",
            "price": "207.76",
            "revenue": 277206
        },
        "2015-07": {
            "month": "2015-07",
            "price": "203.45",
            "revenue": 280232
        },
        "2015-08": {
            "month": "2015-08",
            "price": "188.45",
            "revenue": 281308
        },
        "2015-09": {
            "month": "2015-09",
            "price": "187.48",
            "revenue": 282048
        },
        "2015-10": {
            "month": "2015-10",
            "price": "189.12",
            "revenue": 260310
        },
        "2015-11": {
            "month": "2015-11",
            "price": "192.14",
            "revenue": 240105
        },
        "2015-12": {
            "month": "2015-12",
            "price": "198.61",
            "revenue": 240571
        },
        "2016-01": {
            "month": "2016-01",
            "price": "192.95",
            "revenue": 233551
        },
        "2016-02": {
            "month": "2016-02",
            "price": "188.00",
            "revenue": 221109
        },
        "2016-03": {
            "month": "2016-03",
            "price": "179.15",
            "revenue": 230080
        },
        "2016-04": {
            "month": "2016-04",
            "price": "171.47",
            "revenue": 232244
        },
        "2016-05": {
            "month": "2016-05",
            "price": "172.71",
            "revenue": 237127
        },
        "2016-06": {
            "month": "2016-06",
            "price": "171.05",
            "revenue": 241100
        },
        "2016-07": {
            "month": "2016-07",
            "price": "171.52",
            "revenue": 242543
        },
        "2016-08": {
            "month": "2016-08",
            "price": "173.80",
            "revenue": 245268
        },
        "2016-09": {
            "month": "2016-09",
            "price": "165.92",
            "revenue": 255282
        },
        "2016-10": {
            "month": "2016-10",
            "price": "154.65",
            "revenue": 240143
        },
        "2016-11": {
            "month": "2016-11",
            "price": "159.89",
            "revenue": 222430
        },
        "2016-12": {
            "month": "2016-12",
            "price": "168.73",
            "revenue": 230080
        },
        "2017-01": {
            "month": "2017-01",
            "price": "172.44",
            "revenue": 224012
        },
        "2017-02": {
            "month": "2017-02",
            "price": "173.56",
            "revenue": 224629
        },
        "2017-03": {
            "month": "2017-03",
            "price": "178.83",
            "revenue": 250261
        },
        "2017-04": {
            "month": "2017-04",
            "price": "179.97",
            "revenue": 245194
        },
        "2017-05": {
            "month": "2017-05",
            "price": "173.58",
            "revenue": 251147
        },
        "2017-06": {
            "month": "2017-06",
            "price": "156.93",
            "revenue": 258760
        },
        "2017-07": {
            "month": "2017-07",
            "price": "154.45",
            "revenue": 259157
        },
        "2017-08": {
            "month": "2017-08",
            "price": "157.28",
            "revenue": 259079
        },
        "2017-09": {
            "month": "2017-09",
            "price": "151.50",
            "revenue": 286161
        },
        "2017-10": {
            "month": "2017-10",
            "price": "152.18",
            "revenue": 263135
        },
        "2017-11": {
            "month": "2017-11",
            "price": "154.84",
            "revenue": 246103
        },
        "2017-12": {
            "month": "2017-12",
            "price": "154.31",
            "revenue": 261875
        },
        "2018-01": {
            "month": "2018-01",
            "price": "168.34",
            "revenue": 227241
        },
        "2018-02": {
            "month": "2018-02",
            "price": "155.85",
            "revenue": 220063
        },
        "2018-03": {
            "month": "2018-03",
            "price": "159.11",
            "revenue": 250048
        },
        "2018-04": {
            "month": "2018-04",
            "price": "160.86",
            "revenue": 240165
        },
        "2018-05": {
            "month": "2018-05",
            "price": "161.30",
            "revenue": 250047
        },
        "2018-06": {
            "month": "2018-06",
            "price": "148.35",
            "revenue": 260107
        },
        "2018-07": {
            "month": "2018-07",
            "price": "145.39",
            "revenue": 260241
        },
        "2018-08": {
            "month": "2018-08",
            "price": "142.89",
            "revenue": 256008
        },
        "2018-09": {
            "month": "2018-09",
            "price": "135.53",
            "revenue": 260054
        },
        "2018-10": {
            "month": "2018-10",
            "price": "121.66",
            "revenue": 261045
        },
        "2018-11": {
            "month": "2018-11",
            "price": "116.39",
            "revenue": 250144
        },
        "2018-12": {
            "month": "2018-12",
            "price": "141.79",
            "revenue": 261481
        },
        "2019-01": {
            "month": "2019-01",
            "price": "151.31",
            "revenue": 237126
        },
        "2019-02": {
            "month": "2019-02",
            "price": "165.15",
            "revenue": 210021
        },
        "2019-03": {
            "month": "2019-03",
            "price": "170.78",
            "revenue": 260100
        },
        "2019-04": {
            "month": "2019-04",
            "price": "182.12",
            "revenue": 245136
        },
        "2019-05": {
            "month": "2019-05",
            "price": "186.86",
            "revenue": 246026
        },
        "2019-06": {
            "month": "2019-06",
            "price": "182.68",
            "revenue": 260321
        },
        "2019-07": {
            "month": "2019-07",
            "price": "194.96",
            "revenue": 255099
        },
        "2019-08": {
            "month": "2019-08",
            "price": "207.48",
            "revenue": 250239
        },
        "2019-09": {
            "month": "2019-09",
            "price": "204.39",
            "revenue": 255207
        },
        "2019-10": {
            "month": "2019-10",
            "price": "194.93",
            "revenue": 252133
        },
        "2019-11": {
            "month": "2019-11",
            "price": "197.17",
            "revenue": 250379
        },
        "2019-12": {
            "month": "2019-12",
            "price": "210.91",
            "revenue": 263236
        },
        "2020-01": {
            "month": "2020-01",
            "price": "203.20",
            "revenue": 231543
        },
        "2020-02": {
            "month": "2020-02",
            "price": "208.47",
            "revenue": 235119
        },
        "2020-03": {
            "month": "2020-03",
            "price": "172.11",
            "revenue": 270038
        },
        "2020-04": {
            "month": "2020-04",
            "price": "181.28",
            "revenue": 280037
        },
        "2020-05": {
            "month": "2020-05",
            "price": "195.18",
            "revenue": 300233
        },
        "2020-06": {
            "month": "2020-06",
            "price": "227.22",
            "revenue": 333257
        },
        "2020-07": {
            "month": "2020-07",
            "price": "249.80",
            "revenue": 310259
        },
        "2020-08": {
            "month": "2020-08",
            "price": "260.10",
            "revenue": 305083
        },
        "2020-09": {
            "month": "2020-09",
            "price": "258.75",
            "revenue": 311182
        },
        "2020-10": {
            "month": "2020-10",
            "price": "237.74",
            "revenue": 306108
        },
        "2020-11": {
            "month": "2020-11",
            "price": "237.64",
            "revenue": 315809
        },
        "2020-12": {
            "month": "2020-12",
            "price": "254.76",
            "revenue": 315830
        },
        "2021-01": {
            "month": "2021-01",
            "price": "259.85",
            "revenue": 334020
        },
        "2021-02": {
            "month": "2021-02",
            "price": "260.58",
            "revenue": 335067
        },
        "2021-03": {
            "month": "2021-03",
            "price": "246.82",
            "revenue": 340171
        },
        "2021-04": {
            "month": "2021-04",
            "price": "249.79",
            "revenue": 345315
        },
        "2021-05": {
            "month": "2021-05",
            "price": "247.57",
            "revenue": 335070
        },
        "2021-06": {
            "month": "2021-06",
            "price": "237.24",
            "revenue": 360089
        },
        "2021-07": {
            "month": "2021-07",
            "price": "240.43",
            "revenue": 350149
        },
        "2021-08": {
            "month": "2021-08",
            "price": "240.00",
            "revenue": 405167
        },
        "2021-09": {
            "month": "2021-09",
            "price": "224.10",
            "revenue": 408238
        },
        "2021-10": {
            "month": "2021-10",
            "price": "217.82",
            "revenue": 345140
        },
        "2021-11": {
            "month": "2021-11",
            "price": "217.09",
            "revenue": 350130
        },
        "2021-12": {
            "month": "2021-12",
            "price": "216.25",
            "revenue": 412266
        },
        "2022-01": {
            "month": "2022-01",
            "price": "213.08",
            "revenue": 420100
        },
        "2022-02": {
            "month": "2022-02",
            "price": "201.67",
            "revenue": 404864
        },
        "2022-03": {
            "month": "2022-03",
            "price": "190.54",
            "revenue": 410386
        },
        "2022-04": {
            "month": "2022-04",
            "price": "189.61",
            "revenue": 415268
        },
        "2022-05": {
            "month": "2022-05",
            "price": "190.07",
            "revenue": 428118
        },
        "2022-06": {
            "month": "2022-06",
            "price": "189.45",
            "revenue": 435115
        },
        "2022-07": {
            "month": "2022-07",
            "price": "186.48",
            "revenue": 425267
        },
        "2022-08": {
            "month": "2022-08",
            "price": "227.65",
            "revenue": 440122
        },
        "2022-09": {
            "month": "2022-09",
            "price": "240.31",
            "revenue": 450151
        },
        "2022-10": {
            "month": "2022-10",
            "price": "218.08",
            "revenue": 405350
        },
        "2022-11": {
            "month": "2022-11",
            "price": "202.09",
            "revenue": 400154
        },
        "2022-12": {
            "month": "2022-12",
            "price": "219.73",
            "revenue": 380329
        },
        "2023-01": {
            "month": "2023-01",
            "price": "223.69",
            "revenue": 425142
        },
        "2023-02": {
            "month": "2023-02",
            "price": "242.08",
            "revenue": 410084
        },
        "2023-03": {
            "month": "2023-03",
            "price": "265.87",
            "revenue": 455086
        },
        "2023-04": {
            "month": "2023-04",
            "price": "260.47",
            "revenue": 415461
        },
        "2023-05": {
            "month": "2023-05",
            "price": "247.82",
            "revenue": 385279
        },
        "2023-06": {
            "month": "2023-06",
            "price": "247.98",
            "revenue": 390123
        },
        "2023-07": {
            "month": "2023-07",
            "price": "240.26",
            "revenue": 395211
        },
        "2023-08": {
            "month": "2023-08",
            "price": "246.32",
            "revenue": 396312
        },
        "2023-09": {
            "month": "2023-09",
            "price": "249.50",
            "revenue": 404192
        },
        "2023-10": {
            "month": "2023-10",
            "price": "248.80",
            "revenue": 380321
        },
        "2023-11": {
            "month": "2023-11",
            "price": "228.39",
            "revenue": 390096
        },
        "2023-12": {
            "month": "2023-12",
            "price": "238.00",
            "revenue": 385167
        }
    }
}
