{
    "summary": {
        "stock_name": "頎邦",
        "stock_id": "6147",
        "category": "半導體",
        "main_business": "金凸塊(GOLD BUMPING)，錫鉛凸塊(SOLD BUMPING)，晶圓測試(CP)<br>捲帶軟板封裝(TCP)，捲帶式薄膜覆晶(COF)，玻璃覆晶封裝(COG)",
        "website_url": "http://www.chipbond.com.tw",
        "ceo": "高火文",
        "pe_ratio": 11,
        "report_year_from": 2001,
        "report_year_to": 2023,
        "age": 22,
        "eps_negative_percentage": 9,
        "eps_growth_avg": {
            "last_all": 17.66,
            "last_2y": 14.4,
            "last_4y": 26.71,
            "last_8y": 13.1,
            "last_12y": 17.19,
            "last_16y": 13.31,
            "last_20y": 17.66,
            "at_2006_last_3y": 19.08,
            "at_2007_last_3y": 26.06,
            "at_2008_last_3y": -21.96,
            "at_2009_last_3y": 0.72,
            "at_2010_last_3y": 38.73,
            "at_2011_last_3y": 18.38,
            "at_2012_last_3y": 52.19,
            "at_2013_last_3y": 26.38,
            "at_2014_last_3y": 0,
            "at_2015_last_3y": 3.85,
            "at_2016_last_3y": -7.89,
            "at_2017_last_3y": -3.9,
            "at_2018_last_3y": 22.48,
            "at_2019_last_3y": 24.82,
            "at_2020_last_3y": 22.93,
            "at_2021_last_3y": 34.82,
            "at_2022_last_3y": 8.39,
            "at_2023_last_3y": 8.39,
            "at_2006_last_all": 19.08,
            "at_2007_last_all": 26.06,
            "at_2008_last_all": 2.43,
            "at_2009_last_all": 18.69,
            "at_2010_last_all": 30.31,
            "at_2011_last_all": 22.22,
            "at_2012_last_all": 24.55,
            "at_2013_last_all": 21.77,
            "at_2014_last_all": 19.29,
            "at_2015_last_all": 16.09,
            "at_2016_last_all": 14.57,
            "at_2017_last_all": 14.43,
            "at_2018_last_all": 20.14,
            "at_2019_last_all": 18.28,
            "at_2020_last_all": 16.53,
            "at_2021_last_all": 18.96,
            "at_2022_last_all": 17.66,
            "at_2023_last_all": 17.66
        },
        "latest_eps": 6.48,
        "latest_price": 71,
        "latest_roe": 12.01,
        "latest_gross_margin": 27.1,
        "latest_equity": 41968741,
        "latest_revenue": 5470736,
        "latest_gross_profit": 1482330,
        "latest_net_income": 1422629,
        "latest_debt_ratio": 22.75,
        "latest_current_ratio": 144.52,
        "latest_account_receivable_turnover_ratio": 1.27,
        "latest_inventory_turnover_ratio": 2.18,
        "latest_reinvestment_rate": 18.28,
        "latest_research_to_sale_ratio": 2.52
    },
    "eps_dividends": {
        "2001": {
            "cash": 0,
            "stock": 0,
            "eps": -0.07
        },
        "2002": {
            "cash": 0,
            "stock": 0,
            "eps": -0.94
        },
        "2003": {
            "cash": 0,
            "stock": 0,
            "eps": 2.13
        },
        "2004": {
            "cash": 0.14,
            "stock": 1.5,
            "eps": 4.75
        },
        "2005": {
            "cash": 1.33,
            "stock": 0.53,
            "eps": 5.19
        },
        "2006": {
            "cash": 1.62,
            "stock": 0.44,
            "eps": 2.49
        },
        "2007": {
            "cash": 1,
            "stock": 0.21,
            "eps": 3.66
        },
        "2008": {
            "cash": 2.28,
            "stock": 0.23,
            "eps": 0.29
        },
        "2009": {
            "cash": 0,
            "stock": 0,
            "eps": 1.13
        },
        "2010": {
            "cash": 0,
            "stock": 0,
            "eps": 4.59
        },
        "2011": {
            "cash": 2,
            "stock": 0,
            "eps": 3.01
        },
        "2012": {
            "cash": 2,
            "stock": 0,
            "eps": 4.31
        },
        "2013": {
            "cash": 2.6,
            "stock": 0,
            "eps": 4.17
        },
        "2014": {
            "cash": 2.6,
            "stock": 0,
            "eps": 3.94
        },
        "2015": {
            "cash": 2.6,
            "stock": 0,
            "eps": 3.19
        },
        "2016": {
            "cash": 2.1,
            "stock": 0,
            "eps": 3.07
        },
        "2017": {
            "cash": 2.1,
            "stock": 0,
            "eps": 3.46
        },
        "2018": {
            "cash": 2.35,
            "stock": 0,
            "eps": 6.94
        },
        "2019": {
            "cash": 3.5,
            "stock": 0,
            "eps": 6.27
        },
        "2020": {
            "cash": 4.2,
            "stock": 0,
            "eps": 5.56
        },
        "2021": {
            "cash": 3.8,
            "stock": 0,
            "eps": 8.91
        },
        "2022": {
            "cash": 6,
            "stock": 0,
            "eps": 8.4
        },
        "2023": {
            "cash": 5.5,
            "stock": 0,
            "eps": 2.83
        }
    },
    "dividends": {
        "2004-03-31": {
            "cash": 0.14,
            "stock": 1.5
        },
        "2005-03-01": {
            "cash": 1.33,
            "stock": 0.53
        },
        "2006-03-22": {
            "cash": 1.62,
            "stock": 0.44
        },
        "2007-03-14": {
            "cash": 1,
            "stock": 0.21
        },
        "2008-03-20": {
            "cash": 2.28,
            "stock": 0.23
        },
        "2011-04-01": {
            "cash": 2,
            "stock": 0
        },
        "2012-06-15": {
            "cash": 2,
            "stock": 0
        },
        "2013-06-17": {
            "cash": 2.6,
            "stock": 0
        },
        "2014-08-20": {
            "cash": 2.6,
            "stock": 0
        },
        "2015-08-20": {
            "cash": 2.6,
            "stock": 0
        },
        "2016-08-19": {
            "cash": 2.1,
            "stock": 0
        },
        "2017-08-18": {
            "cash": 2.1,
            "stock": 0
        },
        "2018-08-17": {
            "cash": 2.35,
            "stock": 0
        },
        "2019-08-19": {
            "cash": 3.5,
            "stock": 0
        },
        "2020-08-14": {
            "cash": 4.2,
            "stock": 0
        },
        "2021-08-13": {
            "cash": 3.8,
            "stock": 0
        },
        "2022-08-12": {
            "cash": 6,
            "stock": 0
        },
        "2023-07-14": {
            "cash": 5.5,
            "stock": 0
        }
    },
    "prices": {
        "200101": "無",
        "200102": "無",
        "200103": "無",
        "200104": "無",
        "200105": "無",
        "200106": "無",
        "200107": "無",
        "200108": "無",
        "200109": "無",
        "200110": "無",
        "200111": "無",
        "200112": "無",
        "200201": "23.50",
        "200202": "27.00",
        "200203": "28.43",
        "200204": "36.15",
        "200205": "29.87",
        "200206": "24.95",
        "200207": "18.74",
        "200208": "15.71",
        "200209": "14.07",
        "200210": "11.60",
        "200211": "12.45",
        "200212": "11.44",
        "200301": "11.43",
        "200302": "10.49",
        "200303": "10.51",
        "200304": "10.39",
        "200305": "9.76",
        "200306": "13.88",
        "200307": "18.09",
        "200308": "16.45",
        "200309": "17.08",
        "200310": "22.20",
        "200311": "31.12",
        "200312": "35.66",
        "200401": "39.99",
        "200402": "39.46",
        "200403": "44.25",
        "200404": "51.24",
        "200405": "44.67",
        "200406": "40.28",
        "200407": "27.67",
        "200408": "26.82",
        "200409": "27.46",
        "200410": "25.42",
        "200411": "28.75",
        "200412": "30.03",
        "200501": "30.16",
        "200502": "35.35",
        "200503": "36.95",
        "200504": "40.30",
        "200505": "37.75",
        "200506": "41.65",
        "200507": "39.93",
        "200508": "37.90",
        "200509": "38.16",
        "200510": "43.14",
        "200511": "47.05",
        "200512": "53.07",
        "200601": "51.36",
        "200602": "48.63",
        "200603": "49.22",
        "200604": "47.47",
        "200605": "40.50",
        "200606": "31.63",
        "200607": "32.21",
        "200608": "32.68",
        "200609": "33.65",
        "200610": "32.30",
        "200611": "29.81",
        "200612": "28.94",
        "200701": "32.05",
        "200702": "33.45",
        "200703": "33.49",
        "200704": "39.22",
        "200705": "39.82",
        "200706": "45.88",
        "200707": "47.73",
        "200708": "41.17",
        "200709": "40.29",
        "200710": "41.46",
        "200711": "35.86",
        "200712": "31.96",
        "200801": "28.34",
        "200802": "29.99",
        "200803": "31.52",
        "200804": "32.81",
        "200805": "35.82",
        "200806": "29.32",
        "200807": "22.87",
        "200808": "20.28",
        "200809": "14.93",
        "200810": "12.16",
        "200811": "8.84",
        "200812": "8.31",
        "200901": "8.62",
        "200902": "10.42",
        "200903": "12.73",
        "200904": "14.56",
        "200905": "19.02",
        "200906": "21.50",
        "200907": "27.38",
        "200908": "28.63",
        "200909": "27.08",
        "200910": "26.18",
        "200911": "24.72",
        "200912": "28.18",
        "201001": "30.90",
        "201002": "30.44",
        "201003": "36.39",
        "201004": "42.75",
        "201005": "47.07",
        "201006": "46.21",
        "201007": "46.62",
        "201008": "43.72",
        "201009": "43.68",
        "201010": "45.95",
        "201011": "46.01",
        "201012": "53.30",
        "201101": "52.91",
        "201102": "52.28",
        "201103": "45.90",
        "201104": "43.00",
        "201105": "45.56",
        "201106": "45.03",
        "201107": "36.67",
        "201108": "25.82",
        "201109": "26.98",
        "201110": "26.20",
        "201111": "30.07",
        "201112": "30.38",
        "201201": "31.97",
        "201202": "36.35",
        "201203": "36.33",
        "201204": "37.75",
        "201205": "39.46",
        "201206": "38.50",
        "201207": "39.47",
        "201208": "40.44",
        "201209": "45.74",
        "201210": "47.60",
        "201211": "52.65",
        "201212": "57.06",
        "201301": "58.78",
        "201302": "59.97",
        "201303": "65.97",
        "201304": "68.21",
        "201305": "79.62",
        "201306": "75.47",
        "201307": "71.10",
        "201308": "63.73",
        "201309": "65.30",
        "201310": "59.74",
        "201311": "57.28",
        "201312": "51.90",
        "201401": "46.69",
        "201402": "50.86",
        "201403": "52.52",
        "201404": "54.56",
        "201405": "52.29",
        "201406": "52.76",
        "201407": "51.01",
        "201408": "49.80",
        "201409": "54.67",
        "201410": "55.66",
        "201411": "58.90",
        "201412": "56.85",
        "201501": "62.82",
        "201502": "62.63",
        "201503": "63.98",
        "201504": "63.72",
        "201505": "69.38",
        "201506": "68.00",
        "201507": "53.49",
        "201508": "48.01",
        "201509": "48.99",
        "201510": "48.10",
        "201511": "50.80",
        "201512": "47.68",
        "201601": "43.07",
        "201602": "49.97",
        "201603": "54.10",
        "201604": "46.24",
        "201605": "40.59",
        "201606": "41.48",
        "201607": "42.70",
        "201608": "41.78",
        "201609": "44.09",
        "201610": "45.42",
        "201611": "44.73",
        "201612": "45.31",
        "201701": "46.15",
        "201702": "47.48",
        "201703": "48.18",
        "201704": "46.63",
        "201705": "44.47",
        "201706": "45.41",
        "201707": "49.22",
        "201708": "49.49",
        "201709": "50.93",
        "201710": "54.98",
        "201711": "58.00",
        "201712": "57.38",
        "201801": "62.78",
        "201802": "65.35",
        "201803": "68.44",
        "201804": "62.53",
        "201805": "62.50",
        "201806": "63.60",
        "201807": "66.55",
        "201808": "65.54",
        "201809": "64.88",
        "201810": "56.64",
        "201811": "56.32",
        "201812": "61.24",
        "201901": "61.99",
        "201902": "67.32",
        "201903": "70.24",
        "201904": "71.18",
        "201905": "64.41",
        "201906": "58.54",
        "201907": "65.41",
        "201908": "61.79",
        "201909": "61.13",
        "201910": "59.40",
        "201911": "61.35",
        "201912": "66.00",
        "202001": "65.09",
        "202002": "60.46",
        "202003": "52.90",
        "202004": "53.64",
        "202005": "59.94",
        "202006": "62.28",
        "202007": "63.75",
        "202008": "57.33",
        "202009": "59.90",
        "202010": "62.18",
        "202011": "64.40",
        "202012": "66.36",
        "202101": "71.90",
        "202102": "72.94",
        "202103": "74.74",
        "202104": "77.15",
        "202105": "67.55",
        "202106": "69.87",
        "202107": "73.44",
        "202108": "75.82",
        "202109": "73.24",
        "202110": "63.50",
        "202111": "66.41",
        "202112": "66.45",
        "202201": "68.11",
        "202202": "68.57",
        "202203": "70.64",
        "202204": "67.65",
        "202205": "68.28",
        "202206": "66.80",
        "202207": "56.12",
        "202208": "56.20",
        "202209": "54.05",
        "202210": "52.17",
        "202211": "57.40",
        "202212": "58.74",
        "202301": "59.98",
        "202302": "64.16",
        "202303": "69.83",
        "202304": "68.00",
        "202305": "65.74",
        "202306": "66.47",
        "202307": "65.60",
        "202308": "67.93",
        "202309": "70.90"
    },
    "quarters": {
        "20011": {
            "year_quarter": 20011,
            "year": 2001,
            "quarter": 1,
            "eps": 0.63,
            "eps_growth_year": null,
            "eps_4q": null,
            "eps_4q_growth_year": null,
            "roe": 5.14,
            "roe_4q": 5.14,
            "gross_profit": 85760,
            "gross_margin": 25.14,
            "gross_margin_4q_avg": 25.14,
            "net_income": 75821,
            "revenue": 341161,
            "common_shares": 1200000,
            "book_valuer_per_share": 12.6,
            "book_valuer_per_share_4q_avg": 12.6,
            "equity": 1512180,
            "current_ratio": 144.86,
            "debt_ratio": 29.64,
            "inventory_turnover_ratio": 2.35,
            "account_receivable_turnover_ratio": null,
            "reinvestment_rate": null,
            "research_to_sale_ratio": null,
            "price_fair": 0,
            "eps_avg_yearly": 0,
            "eps_latest_yearly": 0,
            "eps_growth_yearly": 0
        },
        "20012": {
            "year_quarter": 20012,
            "year": 2001,
            "quarter": 2,
            "eps": -0.02,
            "eps_growth_year": null,
            "eps_4q": null,
            "eps_4q_growth_year": null,
            "roe": -0.14,
            "roe_4q": 5,
            "gross_profit": 52408,
            "gross_margin": 16.51,
            "gross_margin_4q_avg": 20.83,
            "net_income": -2189,
            "revenue": 317454,
            "common_shares": 1200000,
            "book_valuer_per_share": 12.61,
            "book_valuer_per_share_4q_avg": 12.61,
            "equity": 1513127,
            "current_ratio": 170.66,
            "debt_ratio": 30.56,
            "inventory_turnover_ratio": 2.44,
            "account_receivable_turnover_ratio": null,
            "reinvestment_rate": null,
            "research_to_sale_ratio": null,
            "price_fair": 0,
            "eps_avg_yearly": 0,
            "eps_latest_yearly": 0,
            "eps_growth_yearly": 0
        },
        "20013": {
            "year_quarter": 20013,
            "year": 2001,
            "quarter": 3,
            "eps": -0.41,
            "eps_growth_year": null,
            "eps_4q": null,
            "eps_4q_growth_year": null,
            "roe": -3.07,
            "roe_4q": 1.9299999999999997,
            "gross_profit": 537,
            "gross_margin": 0.32,
            "gross_margin_4q_avg": 13.99,
            "net_income": -52010,
            "revenue": 170240,
            "common_shares": 1400000,
            "book_valuer_per_share": 13.41,
            "book_valuer_per_share_4q_avg": 12.87,
            "equity": 1877981,
            "current_ratio": 394.67,
            "debt_ratio": 21.04,
            "inventory_turnover_ratio": 2.03,
            "account_receivable_turnover_ratio": null,
            "reinvestment_rate": null,
            "research_to_sale_ratio": null,
            "price_fair": 0,
            "eps_avg_yearly": 0,
            "eps_latest_yearly": 0,
            "eps_growth_yearly": 0
        },
        "20014": {
            "year_quarter": 20014,
            "year": 2001,
            "quarter": 4,
            "eps": -0.27,
            "eps_growth_year": null,
            "eps_4q": -0.09,
            "eps_4q_growth_year": null,
            "roe": -1.76,
            "roe_4q": 0.16999999999999993,
            "gross_profit": 14034,
            "gross_margin": 6.83,
            "gross_margin_4q_avg": 12.2,
            "net_income": -32696,
            "revenue": 205410,
            "common_shares": 1400000,
            "book_valuer_per_share": 13.18,
            "book_valuer_per_share_4q_avg": 12.95,
            "equity": 1845285,
            "current_ratio": 259.01,
            "debt_ratio": 25.45,
            "inventory_turnover_ratio": 2.82,
            "account_receivable_turnover_ratio": null,
            "reinvestment_rate": null,
            "research_to_sale_ratio": null,
            "price_fair": 0,
            "eps_avg_yearly": 0,
            "eps_latest_yearly": 0,
            "eps_growth_yearly": 0
        },
        "20021": {
            "year_quarter": 20021,
            "year": 2002,
            "quarter": 1,
            "eps": -0.27,
            "eps_growth_year": -142.86,
            "eps_4q": -0.9,
            "eps_4q_growth_year": null,
            "roe": -2.04,
            "roe_4q": -7.009999999999999,
            "gross_profit": -8195,
            "gross_margin": -5.37,
            "gross_margin_4q_avg": 4.57,
            "net_income": -37351,
            "revenue": 152504,
            "common_shares": 1400000,
            "book_valuer_per_share": 12.91,
            "book_valuer_per_share_4q_avg": 13.03,
            "equity": 1807934,
            "current_ratio": 386.64,
            "debt_ratio": 19.61,
            "inventory_turnover_ratio": 2.55,
            "account_receivable_turnover_ratio": null,
            "reinvestment_rate": null,
            "research_to_sale_ratio": null,
            "price_fair": 0,
            "eps_avg_yearly": 0,
            "eps_latest_yearly": 0,
            "eps_growth_yearly": 0
        },
        "20022": {
            "year_quarter": 20022,
            "year": 2002,
            "quarter": 2,
            "eps": -0.1,
            "eps_growth_year": null,
            "eps_4q": -0.98,
            "eps_4q_growth_year": null,
            "roe": -0.81,
            "roe_4q": -7.68,
            "gross_profit": 29118,
            "gross_margin": 10.94,
            "gross_margin_4q_avg": 3.18,
            "net_income": -14610,
            "revenue": 266167,
            "common_shares": 1400000,
            "book_valuer_per_share": 12.81,
            "book_valuer_per_share_4q_avg": 13.08,
            "equity": 1793324,
            "current_ratio": 287.8,
            "debt_ratio": 19.65,
            "inventory_turnover_ratio": 3.37,
            "account_receivable_turnover_ratio": null,
            "reinvestment_rate": null,
            "research_to_sale_ratio": null,
            "price_fair": 0,
            "eps_avg_yearly": 0,
            "eps_latest_yearly": 0,
            "eps_growth_yearly": 0
        },
        "20023": {
            "year_quarter": 20023,
            "year": 2002,
            "quarter": 3,
            "eps": -0.13,
            "eps_growth_year": null,
            "eps_4q": -0.73,
            "eps_4q_growth_year": null,
            "roe": -1.02,
            "roe_4q": -5.63,
            "gross_profit": 3944,
            "gross_margin": 1.56,
            "gross_margin_4q_avg": 3.49,
            "net_income": -18224,
            "revenue": 253293,
            "common_shares": 1400000,
            "book_valuer_per_share": 12.68,
            "book_valuer_per_share_4q_avg": 12.9,
            "equity": 1775100,
            "current_ratio": 248.87,
            "debt_ratio": 20.42,
            "inventory_turnover_ratio": 3.51,
            "account_receivable_turnover_ratio": null,
            "reinvestment_rate": null,
            "research_to_sale_ratio": null,
            "price_fair": 0,
            "eps_avg_yearly": 0,
            "eps_latest_yearly": 0,
            "eps_growth_yearly": 0
        },
        "20024": {
            "year_quarter": 20024,
            "year": 2002,
            "quarter": 4,
            "eps": -0.44,
            "eps_growth_year": null,
            "eps_4q": -0.94,
            "eps_4q_growth_year": null,
            "roe": -3.53,
            "roe_4q": -7.3999999999999995,
            "gross_profit": 44189,
            "gross_margin": 13.45,
            "gross_margin_4q_avg": 5.15,
            "net_income": -61568,
            "revenue": 328615,
            "common_shares": 1400000,
            "book_valuer_per_share": 12.24,
            "book_valuer_per_share_4q_avg": 12.66,
            "equity": 1713532,
            "current_ratio": 250.64,
            "debt_ratio": 20.81,
            "inventory_turnover_ratio": 4.09,
            "account_receivable_turnover_ratio": null,
            "reinvestment_rate": null,
            "research_to_sale_ratio": null,
            "price_fair": 0,
            "eps_avg_yearly": 0,
            "eps_latest_yearly": 0,
            "eps_growth_yearly": 0
        },
        "20031": {
            "year_quarter": 20031,
            "year": 2003,
            "quarter": 1,
            "eps": -0.04,
            "eps_growth_year": null,
            "eps_4q": -0.65,
            "eps_4q_growth_year": null,
            "roe": -0.36,
            "roe_4q": -5.720000000000001,
            "gross_profit": 25268,
            "gross_margin": 9.28,
            "gross_margin_4q_avg": 8.81,
            "net_income": -6154,
            "revenue": 272248,
            "common_shares": 1400000,
            "book_valuer_per_share": 12.2,
            "book_valuer_per_share_4q_avg": 12.48,
            "equity": 1707378,
            "current_ratio": 154.6,
            "debt_ratio": 24.11,
            "inventory_turnover_ratio": 3.44,
            "account_receivable_turnover_ratio": null,
            "reinvestment_rate": null,
            "research_to_sale_ratio": null,
            "price_fair": 0,
            "eps_avg_yearly": 0,
            "eps_latest_yearly": 0,
            "eps_growth_yearly": 0
        },
        "20032": {
            "year_quarter": 20032,
            "year": 2003,
            "quarter": 2,
            "eps": 0.1,
            "eps_growth_year": null,
            "eps_4q": -0.52,
            "eps_4q_growth_year": null,
            "roe": 0.81,
            "roe_4q": -4.1,
            "gross_profit": 53473,
            "gross_margin": 15.22,
            "gross_margin_4q_avg": 9.88,
            "net_income": 13860,
            "revenue": 351285,
            "common_shares": 1400000,
            "book_valuer_per_share": 12.29,
            "book_valuer_per_share_4q_avg": 12.35,
            "equity": 1721238,
            "current_ratio": 189.71,
            "debt_ratio": 23.15,
            "inventory_turnover_ratio": 3.84,
            "account_receivable_turnover_ratio": null,
            "reinvestment_rate": null,
            "research_to_sale_ratio": null,
            "price_fair": 0,
            "eps_avg_yearly": 0,
            "eps_latest_yearly": 0,
            "eps_growth_yearly": 0
        },
        "20033": {
            "year_quarter": 20033,
            "year": 2003,
            "quarter": 3,
            "eps": 0.47,
            "eps_growth_year": null,
            "eps_4q": 0.09,
            "eps_4q_growth_year": null,
            "roe": 3.76,
            "roe_4q": 0.6800000000000002,
            "gross_profit": 96976,
            "gross_margin": 22.6,
            "gross_margin_4q_avg": 15.14,
            "net_income": 65943,
            "revenue": 429056,
            "common_shares": 1400000,
            "book_valuer_per_share": 12.77,
            "book_valuer_per_share_4q_avg": 12.38,
            "equity": 1787181,
            "current_ratio": 98.09,
            "debt_ratio": 34.15,
            "inventory_turnover_ratio": 4.46,
            "account_receivable_turnover_ratio": null,
            "reinvestment_rate": null,
            "research_to_sale_ratio": null,
            "price_fair": 65.8,
            "eps_avg_yearly": 1.88,
            "eps_latest_yearly": 1.88,
            "eps_growth_yearly": 1480
        },
        "20034": {
            "year_quarter": 20034,
            "year": 2003,
            "quarter": 4,
            "eps": 1.6,
            "eps_growth_year": null,
            "eps_4q": 2.12,
            "eps_4q_growth_year": null,
            "roe": 11.82,
            "roe_4q": 16.03,
            "gross_profit": 194019,
            "gross_margin": 30.11,
            "gross_margin_4q_avg": 19.3,
            "net_income": 224532,
            "revenue": 644347,
            "common_shares": 1400000,
            "book_valuer_per_share": 14.37,
            "book_valuer_per_share_4q_avg": 12.91,
            "equity": 2011713,
            "current_ratio": 125.88,
            "debt_ratio": 30.59,
            "inventory_turnover_ratio": 6.72,
            "account_receivable_turnover_ratio": null,
            "reinvestment_rate": null,
            "research_to_sale_ratio": null,
            "price_fair": 144.9,
            "eps_avg_yearly": 4.14,
            "eps_latest_yearly": 6.4,
            "eps_growth_yearly": 1220.85
        },
        "20041": {
            "year_quarter": 20041,
            "year": 2004,
            "quarter": 1,
            "eps": 1.23,
            "eps_growth_year": null,
            "eps_4q": 3.41,
            "eps_4q_growth_year": null,
            "roe": 8.19,
            "roe_4q": 24.579999999999995,
            "gross_profit": 224128,
            "gross_margin": 32.78,
            "gross_margin_4q_avg": 25.18,
            "net_income": 171818,
            "revenue": 683670,
            "common_shares": 1400000,
            "book_valuer_per_share": 15.6,
            "book_valuer_per_share_4q_avg": 13.76,
            "equity": 2183531,
            "current_ratio": 547.63,
            "debt_ratio": 45.33,
            "inventory_turnover_ratio": 4.89,
            "account_receivable_turnover_ratio": null,
            "reinvestment_rate": null,
            "research_to_sale_ratio": null,
            "price_fair": 154,
            "eps_avg_yearly": 4.4,
            "eps_latest_yearly": 4.92,
            "eps_growth_yearly": 783.07
        },
        "20042": {
            "year_quarter": 20042,
            "year": 2004,
            "quarter": 2,
            "eps": 1.55,
            "eps_growth_year": 1450,
            "eps_4q": 4.38,
            "eps_4q_growth_year": null,
            "roe": 10.89,
            "roe_4q": 34.66,
            "gross_profit": 242671,
            "gross_margin": 33.18,
            "gross_margin_4q_avg": 29.67,
            "net_income": 253081,
            "revenue": 731420,
            "common_shares": 1412460,
            "book_valuer_per_share": 17.44,
            "book_valuer_per_share_4q_avg": 15.05,
            "equity": 2462998,
            "current_ratio": 459.55,
            "debt_ratio": 41.47,
            "inventory_turnover_ratio": 3.33,
            "account_receivable_turnover_ratio": null,
            "reinvestment_rate": null,
            "research_to_sale_ratio": null,
            "price_fair": 169.75,
            "eps_avg_yearly": 4.85,
            "eps_latest_yearly": 6.2,
            "eps_growth_yearly": 613.32
        },
        "20043": {
            "year_quarter": 20043,
            "year": 2004,
            "quarter": 3,
            "eps": 1.35,
            "eps_growth_year": 187.23,
            "eps_4q": 5.3,
            "eps_4q_growth_year": 6059.43,
            "roe": 8.62,
            "roe_4q": 39.519999999999996,
            "gross_profit": 239899,
            "gross_margin": 34.5,
            "gross_margin_4q_avg": 32.64,
            "net_income": 221753,
            "revenue": 695260,
            "common_shares": 1649260,
            "book_valuer_per_share": 16.28,
            "book_valuer_per_share_4q_avg": 15.92,
            "equity": 2684751,
            "current_ratio": 554.76,
            "debt_ratio": 37.42,
            "inventory_turnover_ratio": 2.87,
            "account_receivable_turnover_ratio": null,
            "reinvestment_rate": null,
            "research_to_sale_ratio": null,
            "price_fair": 173.6,
            "eps_avg_yearly": 4.96,
            "eps_latest_yearly": 5.4,
            "eps_growth_yearly": 480.33
        },
        "20044": {
            "year_quarter": 20044,
            "year": 2004,
            "quarter": 4,
            "eps": 0.62,
            "eps_growth_year": -61.25,
            "eps_4q": 4.52,
            "eps_4q_growth_year": 112.88,
            "roe": 3.71,
            "roe_4q": 31.409999999999997,
            "gross_profit": 236851,
            "gross_margin": 34.82,
            "gross_margin_4q_avg": 33.82,
            "net_income": 102715,
            "revenue": 680143,
            "common_shares": 1714630,
            "book_valuer_per_share": 16.64,
            "book_valuer_per_share_4q_avg": 16.49,
            "equity": 2852795,
            "current_ratio": 556.41,
            "debt_ratio": 39.32,
            "inventory_turnover_ratio": 3.28,
            "account_receivable_turnover_ratio": null,
            "reinvestment_rate": 106.3,
            "research_to_sale_ratio": null,
            "price_fair": 159.13,
            "eps_avg_yearly": 4.55,
            "eps_latest_yearly": 2.48,
            "eps_growth_yearly": 364.23
        },
        "20051": {
            "year_quarter": 20051,
            "year": 2005,
            "quarter": 1,
            "eps": 0.58,
            "eps_growth_year": -52.85,
            "eps_4q": 3.9,
            "eps_4q_growth_year": 14.32,
            "roe": 3.46,
            "roe_4q": 26.68,
            "gross_profit": 152246,
            "gross_margin": 27.91,
            "gross_margin_4q_avg": 32.6,
            "net_income": 100998,
            "revenue": 545403,
            "common_shares": 1737907,
            "book_valuer_per_share": 17.21,
            "book_valuer_per_share_4q_avg": 16.89,
            "equity": 2990094,
            "current_ratio": 200.13,
            "debt_ratio": 37.15,
            "inventory_turnover_ratio": 2.7,
            "account_receivable_turnover_ratio": null,
            "reinvestment_rate": 94.47,
            "research_to_sale_ratio": null,
            "price_fair": 148,
            "eps_avg_yearly": 4.23,
            "eps_latest_yearly": 2.32,
            "eps_growth_yearly": 308.51
        },
        "20052": {
            "year_quarter": 20052,
            "year": 2005,
            "quarter": 2,
            "eps": 0.65,
            "eps_growth_year": -58.06,
            "eps_4q": 2.92,
            "eps_4q_growth_year": -33.27,
            "roe": 3.92,
            "roe_4q": 19.71,
            "gross_profit": 206640,
            "gross_margin": 27.72,
            "gross_margin_4q_avg": 31.24,
            "net_income": 121639,
            "revenue": 745526,
            "common_shares": 2015154,
            "book_valuer_per_share": 15.95,
            "book_valuer_per_share_4q_avg": 16.52,
            "equity": 3213377,
            "current_ratio": 212.11,
            "debt_ratio": 35.2,
            "inventory_turnover_ratio": 3.1,
            "account_receivable_turnover_ratio": null,
            "reinvestment_rate": 92.59,
            "research_to_sale_ratio": null,
            "price_fair": 140.88,
            "eps_avg_yearly": 4.03,
            "eps_latest_yearly": 2.6,
            "eps_growth_yearly": 275.98
        },
        "20053": {
            "year_quarter": 20053,
            "year": 2005,
            "quarter": 3,
            "eps": 1.55,
            "eps_growth_year": 14.81,
            "eps_4q": 3.17,
            "eps_4q_growth_year": -40.27,
            "roe": 8.33,
            "roe_4q": 19.42,
            "gross_profit": 395439,
            "gross_margin": 34.44,
            "gross_margin_4q_avg": 31.22,
            "net_income": 311698,
            "revenue": 1148304,
            "common_shares": 2637205,
            "book_valuer_per_share": 16.18,
            "book_valuer_per_share_4q_avg": 16.5,
            "equity": 4267514,
            "current_ratio": 253.4,
            "debt_ratio": 30.05,
            "inventory_turnover_ratio": 4.64,
            "account_receivable_turnover_ratio": null,
            "reinvestment_rate": 132.98,
            "research_to_sale_ratio": null,
            "price_fair": 149.33,
            "eps_avg_yearly": 4.27,
            "eps_latest_yearly": 6.2,
            "eps_growth_yearly": 306.85
        },
        "20054": {
            "year_quarter": 20054,
            "year": 2005,
            "quarter": 4,
            "eps": 2.41,
            "eps_growth_year": 288.71,
            "eps_4q": 4.86,
            "eps_4q_growth_year": 7.55,
            "roe": 11.39,
            "roe_4q": 27.1,
            "gross_profit": 441061,
            "gross_margin": 33.07,
            "gross_margin_4q_avg": 30.79,
            "net_income": 524618,
            "revenue": 1333797,
            "common_shares": 2693834,
            "book_valuer_per_share": 18.35,
            "book_valuer_per_share_4q_avg": 16.92,
            "equity": 4942339,
            "current_ratio": 288.12,
            "debt_ratio": 28.02,
            "inventory_turnover_ratio": 3.58,
            "account_receivable_turnover_ratio": null,
            "reinvestment_rate": 116.27,
            "research_to_sale_ratio": null,
            "price_fair": 168.14,
            "eps_avg_yearly": 4.8,
            "eps_latest_yearly": 9.64,
            "eps_growth_yearly": 298.36
        },
        "20061": {
            "year_quarter": 20061,
            "year": 2006,
            "quarter": 1,
            "eps": 0.91,
            "eps_growth_year": 56.9,
            "eps_4q": 4.45,
            "eps_4q_growth_year": 14.25,
            "roe": 4.85,
            "roe_4q": 28.490000000000002,
            "gross_profit": 268457,
            "gross_margin": 27.02,
            "gross_margin_4q_avg": 30.56,
            "net_income": 246106,
            "revenue": 993555,
            "common_shares": 2704988,
            "book_valuer_per_share": 19.27,
            "book_valuer_per_share_4q_avg": 17.44,
            "equity": 5211662,
            "current_ratio": 198.03,
            "debt_ratio": 30.54,
            "inventory_turnover_ratio": 2.34,
            "account_receivable_turnover_ratio": null,
            "reinvestment_rate": 138.14,
            "research_to_sale_ratio": null,
            "price_fair": 164.44,
            "eps_avg_yearly": 4.7,
            "eps_latest_yearly": 3.64,
            "eps_growth_yearly": 248.6
        },
        "20062": {
            "year_quarter": 20062,
            "year": 2006,
            "quarter": 2,
            "eps": 0.45,
            "eps_growth_year": -30.77,
            "eps_4q": 4.42,
            "eps_4q_growth_year": 51.32,
            "roe": 2.44,
            "roe_4q": 27.009999999999998,
            "gross_profit": 196813,
            "gross_margin": 19.02,
            "gross_margin_4q_avg": 28.39,
            "net_income": 122568,
            "revenue": 1034651,
            "common_shares": 2707484,
            "book_valuer_per_share": 17.83,
            "book_valuer_per_share_4q_avg": 17.91,
            "equity": 4826122,
            "current_ratio": 104.29,
            "debt_ratio": 41.18,
            "inventory_turnover_ratio": 2.67,
            "account_receivable_turnover_ratio": null,
            "reinvestment_rate": 165.36,
            "research_to_sale_ratio": null,
            "price_fair": 155.98,
            "eps_avg_yearly": 4.46,
            "eps_latest_yearly": 1.8,
            "eps_growth_yearly": 211.04
        },
        "20063": {
            "year_quarter": 20063,
            "year": 2006,
            "quarter": 3,
            "eps": 0.39,
            "eps_growth_year": -74.84,
            "eps_4q": 3.52,
            "eps_4q_growth_year": 11.15,
            "roe": 2.23,
            "roe_4q": 20.91,
            "gross_profit": 118112,
            "gross_margin": 12.48,
            "gross_margin_4q_avg": 22.9,
            "net_income": 111268,
            "revenue": 946538,
            "common_shares": 2969741,
            "book_valuer_per_share": 17.36,
            "book_valuer_per_share_4q_avg": 18.2,
            "equity": 5155084,
            "current_ratio": 165.13,
            "debt_ratio": 38.47,
            "inventory_turnover_ratio": 2.09,
            "account_receivable_turnover_ratio": null,
            "reinvestment_rate": 169.64,
            "research_to_sale_ratio": null,
            "price_fair": 148.18,
            "eps_avg_yearly": 4.23,
            "eps_latest_yearly": 1.56,
            "eps_growth_yearly": 190.7
        },
        "20064": {
            "year_quarter": 20064,
            "year": 2006,
            "quarter": 4,
            "eps": 0.74,
            "eps_growth_year": -69.29,
            "eps_4q": 2.39,
            "eps_4q_growth_year": -50.97,
            "roe": 4.1,
            "roe_4q": 13.62,
            "gross_profit": 267788,
            "gross_margin": 23.11,
            "gross_margin_4q_avg": 20.41,
            "net_income": 215882,
            "revenue": 1158788,
            "common_shares": 2969877,
            "book_valuer_per_share": 18.08,
            "book_valuer_per_share_4q_avg": 18.14,
            "equity": 5369404,
            "current_ratio": 223.08,
            "debt_ratio": 39.86,
            "inventory_turnover_ratio": 1.9,
            "account_receivable_turnover_ratio": null,
            "reinvestment_rate": 164.84,
            "research_to_sale_ratio": null,
            "price_fair": 145,
            "eps_avg_yearly": 4.14,
            "eps_latest_yearly": 2.96,
            "eps_growth_yearly": 202.72
        },
        "20071": {
            "year_quarter": 20071,
            "year": 2007,
            "quarter": 1,
            "eps": 0.65,
            "eps_growth_year": -28.57,
            "eps_4q": 2.16,
            "eps_4q_growth_year": -51.56,
            "roe": 3.55,
            "roe_4q": 12.319999999999999,
            "gross_profit": 244918,
            "gross_margin": 20.47,
            "gross_margin_4q_avg": 18.77,
            "net_income": 194044,
            "revenue": 1196512,
            "common_shares": 2970820,
            "book_valuer_per_share": 18.74,
            "book_valuer_per_share_4q_avg": 18,
            "equity": 5568369,
            "current_ratio": 239.56,
            "debt_ratio": 38.44,
            "inventory_turnover_ratio": 1.8,
            "account_receivable_turnover_ratio": null,
            "reinvestment_rate": 154.35,
            "research_to_sale_ratio": null,
            "price_fair": 141.4,
            "eps_avg_yearly": 4.04,
            "eps_latest_yearly": 2.6,
            "eps_growth_yearly": 185.96
        },
        "20072": {
            "year_quarter": 20072,
            "year": 2007,
            "quarter": 2,
            "eps": 1.06,
            "eps_growth_year": 135.56,
            "eps_4q": 2.81,
            "eps_4q_growth_year": -36.6,
            "roe": 5.58,
            "roe_4q": 15.459999999999999,
            "gross_profit": 377685,
            "gross_margin": 26.98,
            "gross_margin_4q_avg": 20.76,
            "net_income": 316593,
            "revenue": 1399675,
            "common_shares": 3009893,
            "book_valuer_per_share": 19.22,
            "book_valuer_per_share_4q_avg": 18.35,
            "equity": 5783558,
            "current_ratio": 318.58,
            "debt_ratio": 50.52,
            "inventory_turnover_ratio": 1.74,
            "account_receivable_turnover_ratio": null,
            "reinvestment_rate": 164.56,
            "research_to_sale_ratio": null,
            "price_fair": 141.84,
            "eps_avg_yearly": 4.05,
            "eps_latest_yearly": 4.24,
            "eps_growth_yearly": 190.11
        },
        "20073": {
            "year_quarter": 20073,
            "year": 2007,
            "quarter": 3,
            "eps": 0.96,
            "eps_growth_year": 146.15,
            "eps_4q": 3.32,
            "eps_4q_growth_year": -5.82,
            "roe": 4.98,
            "roe_4q": 18.21,
            "gross_profit": 430485,
            "gross_margin": 26.54,
            "gross_margin_4q_avg": 24.28,
            "net_income": 296028,
            "revenue": 1622068,
            "common_shares": 3104056,
            "book_valuer_per_share": 19.63,
            "book_valuer_per_share_4q_avg": 18.92,
            "equity": 6094469,
            "current_ratio": 231.31,
            "debt_ratio": 49.66,
            "inventory_turnover_ratio": 2.06,
            "account_receivable_turnover_ratio": null,
            "reinvestment_rate": 153.33,
            "research_to_sale_ratio": null,
            "price_fair": 146.13,
            "eps_avg_yearly": 4.18,
            "eps_latest_yearly": 3.84,
            "eps_growth_yearly": 95.25
        },
        "20074": {
            "year_quarter": 20074,
            "year": 2007,
            "quarter": 4,
            "eps": 0.99,
            "eps_growth_year": 33.78,
            "eps_4q": 3.6,
            "eps_4q_growth_year": 50.97,
            "roe": 4.92,
            "roe_4q": 19.03,
            "gross_profit": 436090,
            "gross_margin": 26.59,
            "gross_margin_4q_avg": 25.15,
            "net_income": 305889,
            "revenue": 1639979,
            "common_shares": 3105246,
            "book_valuer_per_share": 20.43,
            "book_valuer_per_share_4q_avg": 19.51,
            "equity": 6343595,
            "current_ratio": 262.59,
            "debt_ratio": 47.3,
            "inventory_turnover_ratio": 2.36,
            "account_receivable_turnover_ratio": null,
            "reinvestment_rate": 151.4,
            "research_to_sale_ratio": null,
            "price_fair": 140.79,
            "eps_avg_yearly": 4.02,
            "eps_latest_yearly": 3.96,
            "eps_growth_yearly": 35.93
        },
        "20081": {
            "year_quarter": 20081,
            "year": 2008,
            "quarter": 1,
            "eps": 0.62,
            "eps_growth_year": -4.62,
            "eps_4q": 3.63,
            "eps_4q_growth_year": 68.49,
            "roe": 2.95,
            "roe_4q": 18.43,
            "gross_profit": 360462,
            "gross_margin": 23.14,
            "gross_margin_4q_avg": 25.81,
            "net_income": 188988,
            "revenue": 1557424,
            "common_shares": 3111460,
            "book_valuer_per_share": 20.75,
            "book_valuer_per_share_4q_avg": 20.01,
            "equity": 6456051,
            "current_ratio": 241.96,
            "debt_ratio": 45.63,
            "inventory_turnover_ratio": 2.49,
            "account_receivable_turnover_ratio": null,
            "reinvestment_rate": 149.06,
            "research_to_sale_ratio": null,
            "price_fair": 135.45,
            "eps_avg_yearly": 3.87,
            "eps_latest_yearly": 2.48,
            "eps_growth_yearly": 32.36
        },
        "20082": {
            "year_quarter": 20082,
            "year": 2008,
            "quarter": 2,
            "eps": 0.49,
            "eps_growth_year": -53.77,
            "eps_4q": 3.08,
            "eps_4q_growth_year": 9.62,
            "roe": 2.43,
            "roe_4q": 15.280000000000001,
            "gross_profit": 224925,
            "gross_margin": 14.8,
            "gross_margin_4q_avg": 22.77,
            "net_income": 149920,
            "revenue": 1519966,
            "common_shares": 3123717,
            "book_valuer_per_share": 18.78,
            "book_valuer_per_share_4q_avg": 19.9,
            "equity": 5867426,
            "current_ratio": 136.21,
            "debt_ratio": 49.52,
            "inventory_turnover_ratio": 2.29,
            "account_receivable_turnover_ratio": null,
            "reinvestment_rate": 152.25,
            "research_to_sale_ratio": null,
            "price_fair": 110.38,
            "eps_avg_yearly": 3.61,
            "eps_latest_yearly": 1.96,
            "eps_growth_yearly": 20.62
        },
        "20083": {
            "year_quarter": 20083,
            "year": 2008,
            "quarter": 3,
            "eps": 0.24,
            "eps_growth_year": -75,
            "eps_4q": 2.22,
            "eps_4q_growth_year": -32.93,
            "roe": 1.32,
            "roe_4q": 11.620000000000001,
            "gross_profit": 164945,
            "gross_margin": 12.65,
            "gross_margin_4q_avg": 19.3,
            "net_income": 77994,
            "revenue": 1304054,
            "common_shares": 3243717,
            "book_valuer_per_share": 18.29,
            "book_valuer_per_share_4q_avg": 19.56,
            "equity": 5932617,
            "current_ratio": 165.37,
            "debt_ratio": 49.75,
            "inventory_turnover_ratio": 1.72,
            "account_receivable_turnover_ratio": null,
            "reinvestment_rate": 144.79,
            "research_to_sale_ratio": null,
            "price_fair": 70.17,
            "eps_avg_yearly": 3.33,
            "eps_latest_yearly": 0.96,
            "eps_growth_yearly": 11.09
        },
        "20084": {
            "year_quarter": 20084,
            "year": 2008,
            "quarter": 4,
            "eps": -1.06,
            "eps_growth_year": -207.07,
            "eps_4q": 0.25,
            "eps_4q_growth_year": -93.06,
            "roe": -5.89,
            "roe_4q": 0.8100000000000009,
            "gross_profit": -60876,
            "gross_margin": -6.9,
            "gross_margin_4q_avg": 10.92,
            "net_income": -338575,
            "revenue": 882268,
            "common_shares": 3243717,
            "book_valuer_per_share": 17.13,
            "book_valuer_per_share_4q_avg": 18.74,
            "equity": 5556757,
            "current_ratio": 200.52,
            "debt_ratio": 48.23,
            "inventory_turnover_ratio": 1.43,
            "account_receivable_turnover_ratio": null,
            "reinvestment_rate": 154.1,
            "research_to_sale_ratio": null,
            "price_fair": 118.44,
            "eps_avg_yearly": 3.38,
            "eps_latest_yearly": 0.96,
            "eps_growth_yearly": 26.25
        },
        "20091": {
            "year_quarter": 20091,
            "year": 2009,
            "quarter": 1,
            "eps": -0.56,
            "eps_growth_year": -190.32,
            "eps_4q": -0.91,
            "eps_4q_growth_year": -125.04,
            "roe": -3.18,
            "roe_4q": -5.32,
            "gross_profit": -136742,
            "gross_margin": -21.5,
            "gross_margin_4q_avg": -0.24,
            "net_income": -173487,
            "revenue": 635873,
            "common_shares": 3123717,
            "book_valuer_per_share": 17.15,
            "book_valuer_per_share_4q_avg": 17.84,
            "equity": 5356041,
            "current_ratio": 497.02,
            "debt_ratio": 46.33,
            "inventory_turnover_ratio": 1.28,
            "account_receivable_turnover_ratio": 1.77,
            "reinvestment_rate": 157.41,
            "research_to_sale_ratio": null,
            "price_fair": 121.1,
            "eps_avg_yearly": 3.46,
            "eps_latest_yearly": 0.96,
            "eps_growth_yearly": 29.97
        },
        "20092": {
            "year_quarter": 20092,
            "year": 2009,
            "quarter": 2,
            "eps": 0.26,
            "eps_growth_year": -46.94,
            "eps_4q": -1.13,
            "eps_4q_growth_year": -136.83,
            "roe": 1.49,
            "roe_4q": -6.26,
            "gross_profit": 216169,
            "gross_margin": 16.15,
            "gross_margin_4q_avg": 0.1,
            "net_income": 81052,
            "revenue": 1338246,
            "common_shares": 3123717,
            "book_valuer_per_share": 17.66,
            "book_valuer_per_share_4q_avg": 17.56,
            "equity": 5515033,
            "current_ratio": 176.93,
            "debt_ratio": 46.12,
            "inventory_turnover_ratio": 2.31,
            "account_receivable_turnover_ratio": 1.32,
            "reinvestment_rate": 151.19,
            "research_to_sale_ratio": null,
            "price_fair": 123.42,
            "eps_avg_yearly": 3.53,
            "eps_latest_yearly": 0.96,
            "eps_growth_yearly": 28.56
        },
        "20093": {
            "year_quarter": 20093,
            "year": 2009,
            "quarter": 3,
            "eps": 1.03,
            "eps_growth_year": 329.17,
            "eps_4q": -0.36,
            "eps_4q_growth_year": -116.15,
            "roe": 5.55,
            "roe_4q": -2.03,
            "gross_profit": 473272,
            "gross_margin": 25.22,
            "gross_margin_4q_avg": 3.24,
            "net_income": 319578,
            "revenue": 1876842,
            "common_shares": 3195594,
            "book_valuer_per_share": 18.79,
            "book_valuer_per_share_4q_avg": 17.68,
            "equity": 6004083,
            "current_ratio": 177.3,
            "debt_ratio": 44.68,
            "inventory_turnover_ratio": 2.88,
            "account_receivable_turnover_ratio": 1.28,
            "reinvestment_rate": 115.18,
            "research_to_sale_ratio": null,
            "price_fair": 117.82,
            "eps_avg_yearly": 3.37,
            "eps_latest_yearly": 4.12,
            "eps_growth_yearly": 77.08
        },
        "20094": {
            "year_quarter": 20094,
            "year": 2009,
            "quarter": 4,
            "eps": 0.4,
            "eps_growth_year": null,
            "eps_4q": 1.12,
            "eps_4q_growth_year": 348.6,
            "roe": 2.07,
            "roe_4q": 5.93,
            "gross_profit": 257229,
            "gross_margin": 18.91,
            "gross_margin_4q_avg": 9.7,
            "net_income": 125928,
            "revenue": 1359944,
            "common_shares": 3207308,
            "book_valuer_per_share": 19.21,
            "book_valuer_per_share_4q_avg": 18.2,
            "equity": 6161219,
            "current_ratio": 181.93,
            "debt_ratio": 43.84,
            "inventory_turnover_ratio": 2.23,
            "account_receivable_turnover_ratio": 0.97,
            "reinvestment_rate": 119.76,
            "research_to_sale_ratio": null,
            "price_fair": 96.17,
            "eps_avg_yearly": 2.75,
            "eps_latest_yearly": 1.6,
            "eps_growth_yearly": 41.19
        },
        "20101": {
            "year_quarter": 20101,
            "year": 2010,
            "quarter": 1,
            "eps": 1.2,
            "eps_growth_year": null,
            "eps_4q": 2.71,
            "eps_4q_growth_year": null,
            "roe": 6.03,
            "roe_4q": 15.139999999999999,
            "gross_profit": 545338,
            "gross_margin": 27.11,
            "gross_margin_4q_avg": 21.85,
            "net_income": 398211,
            "revenue": 2011254,
            "common_shares": 3418082,
            "book_valuer_per_share": 0,
            "book_valuer_per_share_4q_avg": 13.92,
            "equity": 7054182,
            "current_ratio": 218.96,
            "debt_ratio": 39.23,
            "inventory_turnover_ratio": 2.9,
            "account_receivable_turnover_ratio": 2.16,
            "reinvestment_rate": 89,
            "research_to_sale_ratio": 1.8,
            "price_fair": 99.29,
            "eps_avg_yearly": 2.84,
            "eps_latest_yearly": 4.8,
            "eps_growth_yearly": 121.87
        },
        "20102": {
            "year_quarter": 20102,
            "year": 2010,
            "quarter": 2,
            "eps": 1.37,
            "eps_growth_year": 427.43,
            "eps_4q": 2.81,
            "eps_4q_growth_year": null,
            "roe": 7.44,
            "roe_4q": 21.09,
            "gross_profit": 1095172,
            "gross_margin": 29.35,
            "gross_margin_4q_avg": 25.15,
            "net_income": 803582,
            "revenue": 3731368,
            "common_shares": 5859920,
            "book_valuer_per_share": 24.84,
            "book_valuer_per_share_4q_avg": 15.71,
            "equity": 14555358,
            "current_ratio": 230.6,
            "debt_ratio": 33.43,
            "inventory_turnover_ratio": 4.01,
            "account_receivable_turnover_ratio": 1.39,
            "reinvestment_rate": 179.48,
            "research_to_sale_ratio": 1.46,
            "price_fair": 109.2,
            "eps_avg_yearly": 3.12,
            "eps_latest_yearly": 5.48,
            "eps_growth_yearly": 141.79
        },
        "20103": {
            "year_quarter": 20103,
            "year": 2010,
            "quarter": 3,
            "eps": 1.27,
            "eps_growth_year": 23.08,
            "eps_4q": 3.53,
            "eps_4q_growth_year": null,
            "roe": 4.97,
            "roe_4q": 20.51,
            "gross_profit": 1125071,
            "gross_margin": 30.16,
            "gross_margin_4q_avg": 26.38,
            "net_income": 743143,
            "revenue": 3730046,
            "common_shares": 5861999,
            "book_valuer_per_share": 26.15,
            "book_valuer_per_share_4q_avg": 17.55,
            "equity": 15328314,
            "current_ratio": 239.07,
            "debt_ratio": 31.17,
            "inventory_turnover_ratio": 3.57,
            "account_receivable_turnover_ratio": 1.09,
            "reinvestment_rate": 133.85,
            "research_to_sale_ratio": 1.76,
            "price_fair": 118.68,
            "eps_avg_yearly": 3.39,
            "eps_latest_yearly": 5.08,
            "eps_growth_yearly": 143.64
        },
        "20104": {
            "year_quarter": 20104,
            "year": 2010,
            "quarter": 4,
            "eps": 0.75,
            "eps_growth_year": 86.64,
            "eps_4q": 4.06,
            "eps_4q_growth_year": 261.93,
            "roe": 2.83,
            "roe_4q": 21.27,
            "gross_profit": 840041,
            "gross_margin": 26.9,
            "gross_margin_4q_avg": 28.38,
            "net_income": 438327,
            "revenue": 3123038,
            "common_shares": 5871440,
            "book_valuer_per_share": 26.68,
            "book_valuer_per_share_4q_avg": 19.42,
            "equity": 15662527,
            "current_ratio": 198.49,
            "debt_ratio": 30.61,
            "inventory_turnover_ratio": 3.02,
            "account_receivable_turnover_ratio": 0.99,
            "reinvestment_rate": 110.29,
            "research_to_sale_ratio": 1.66,
            "price_fair": 118.78,
            "eps_avg_yearly": 3.39,
            "eps_latest_yearly": 3,
            "eps_growth_yearly": 103.43
        },
        "20111": {
            "year_quarter": 20111,
            "year": 2011,
            "quarter": 1,
            "eps": 0.93,
            "eps_growth_year": -22.5,
            "eps_4q": 4.27,
            "eps_4q_growth_year": 57.93,
            "roe": 3.57,
            "roe_4q": 18.810000000000002,
            "gross_profit": 804999,
            "gross_margin": 24.61,
            "gross_margin_4q_avg": 27.76,
            "net_income": 586352,
            "revenue": 3271353,
            "common_shares": 5929735,
            "book_valuer_per_share": 27.52,
            "book_valuer_per_share_4q_avg": 26.3,
            "equity": 17186867,
            "current_ratio": 190.06,
            "debt_ratio": 32.73,
            "inventory_turnover_ratio": 2.89,
            "account_receivable_turnover_ratio": 0.99,
            "reinvestment_rate": 130.18,
            "research_to_sale_ratio": 1.8,
            "price_fair": 121.8,
            "eps_avg_yearly": 3.48,
            "eps_latest_yearly": 3.72,
            "eps_growth_yearly": 114.56
        },
        "20112": {
            "year_quarter": 20112,
            "year": 2011,
            "quarter": 2,
            "eps": 0.43,
            "eps_growth_year": -68.87,
            "eps_4q": 3.34,
            "eps_4q_growth_year": 18.67,
            "roe": 1.81,
            "roe_4q": 13.18,
            "gross_profit": 752626,
            "gross_margin": 21.85,
            "gross_margin_4q_avg": 25.88,
            "net_income": 302553,
            "revenue": 3445057,
            "common_shares": 5947576,
            "book_valuer_per_share": 25.89,
            "book_valuer_per_share_4q_avg": 26.56,
            "equity": 16307468,
            "current_ratio": 161.87,
            "debt_ratio": 37.45,
            "inventory_turnover_ratio": 2.89,
            "account_receivable_turnover_ratio": 0.97,
            "reinvestment_rate": 99.05,
            "research_to_sale_ratio": 2.19,
            "price_fair": 115.02,
            "eps_avg_yearly": 3.29,
            "eps_latest_yearly": 1.72,
            "eps_growth_yearly": 78.61
        },
        "20113": {
            "year_quarter": 20113,
            "year": 2011,
            "quarter": 3,
            "eps": 0.87,
            "eps_growth_year": -31.36,
            "eps_4q": 2.96,
            "eps_4q_growth_year": -16.31,
            "roe": 3.31,
            "roe_4q": 11.52,
            "gross_profit": 702867,
            "gross_margin": 21.96,
            "gross_margin_4q_avg": 23.83,
            "net_income": 542003,
            "revenue": 3201230,
            "common_shares": 5963978,
            "book_valuer_per_share": 27.02,
            "book_valuer_per_share_4q_avg": 26.78,
            "equity": 16481166,
            "current_ratio": 206.99,
            "debt_ratio": 36.91,
            "inventory_turnover_ratio": 2.91,
            "account_receivable_turnover_ratio": 0.9,
            "reinvestment_rate": 75.2,
            "research_to_sale_ratio": 2.73,
            "price_fair": 114.05,
            "eps_avg_yearly": 3.26,
            "eps_latest_yearly": 3.48,
            "eps_growth_yearly": 113
        },
        "20114": {
            "year_quarter": 20114,
            "year": 2011,
            "quarter": 4,
            "eps": 0.78,
            "eps_growth_year": 4.36,
            "eps_4q": 3.03,
            "eps_4q_growth_year": -25.45,
            "roe": 2.81,
            "roe_4q": 11.5,
            "gross_profit": 840553,
            "gross_margin": 25.41,
            "gross_margin_4q_avg": 23.46,
            "net_income": 467777,
            "revenue": 3308335,
            "common_shares": 5972006,
            "book_valuer_per_share": 27.77,
            "book_valuer_per_share_4q_avg": 27.05,
            "equity": 16777723,
            "current_ratio": 224.02,
            "debt_ratio": 36.6,
            "inventory_turnover_ratio": 3.08,
            "account_receivable_turnover_ratio": 0.93,
            "reinvestment_rate": 63.03,
            "research_to_sale_ratio": 2.7,
            "price_fair": 111.78,
            "eps_avg_yearly": 3.19,
            "eps_latest_yearly": 3.12,
            "eps_growth_yearly": 108.85
        },
        "20121": {
            "year_quarter": 20121,
            "year": 2012,
            "quarter": 1,
            "eps": 0.79,
            "eps_growth_year": -15.05,
            "eps_4q": 2.88,
            "eps_4q_growth_year": -32.69,
            "roe": 2.83,
            "roe_4q": 10.760000000000002,
            "gross_profit": 888067,
            "gross_margin": 26.62,
            "gross_margin_4q_avg": 23.96,
            "net_income": 481302,
            "revenue": 3335661,
            "common_shares": 5890074,
            "book_valuer_per_share": 28.41,
            "book_valuer_per_share_4q_avg": 27.27,
            "equity": 17202540,
            "current_ratio": 212.26,
            "debt_ratio": 32.62,
            "inventory_turnover_ratio": 3.1,
            "account_receivable_turnover_ratio": 0.91,
            "reinvestment_rate": 48.3,
            "research_to_sale_ratio": 2.59,
            "price_fair": 113.62,
            "eps_avg_yearly": 3.25,
            "eps_latest_yearly": 3.16,
            "eps_growth_yearly": 120.75
        },
        "20122": {
            "year_quarter": 20122,
            "year": 2012,
            "quarter": 2,
            "eps": 1.1,
            "eps_growth_year": 158.4,
            "eps_4q": 3.55,
            "eps_4q_growth_year": 6.33,
            "roe": 3.92,
            "roe_4q": 12.870000000000001,
            "gross_profit": 1005391,
            "gross_margin": 27.7,
            "gross_margin_4q_avg": 25.42,
            "net_income": 664621,
            "revenue": 3629847,
            "common_shares": 5892326,
            "book_valuer_per_share": 27.56,
            "book_valuer_per_share_4q_avg": 27.69,
            "equity": 16723331,
            "current_ratio": 179.58,
            "debt_ratio": 36.74,
            "inventory_turnover_ratio": 3.37,
            "account_receivable_turnover_ratio": 0.93,
            "reinvestment_rate": 32.62,
            "research_to_sale_ratio": 2.43,
            "price_fair": 120.18,
            "eps_avg_yearly": 3.43,
            "eps_latest_yearly": 4.4,
            "eps_growth_yearly": 139.27
        },
        "20123": {
            "year_quarter": 20123,
            "year": 2012,
            "quarter": 3,
            "eps": 1.2,
            "eps_growth_year": 37.98,
            "eps_4q": 3.87,
            "eps_4q_growth_year": 30.84,
            "roe": 4.28,
            "roe_4q": 13.84,
            "gross_profit": 1214048,
            "gross_margin": 31.3,
            "gross_margin_4q_avg": 27.76,
            "net_income": 728953,
            "revenue": 3878269,
            "common_shares": 5895011,
            "book_valuer_per_share": 28.64,
            "book_valuer_per_share_4q_avg": 28.1,
            "equity": 17378714,
            "current_ratio": 203.98,
            "debt_ratio": 33.62,
            "inventory_turnover_ratio": 3.3,
            "account_receivable_turnover_ratio": 0.94,
            "reinvestment_rate": 35.03,
            "research_to_sale_ratio": 2.25,
            "price_fair": 130.52,
            "eps_avg_yearly": 3.73,
            "eps_latest_yearly": 4.8,
            "eps_growth_yearly": 157.77
        },
        "20124": {
            "year_quarter": 20124,
            "year": 2012,
            "quarter": 4,
            "eps": 1.22,
            "eps_growth_year": 56.71,
            "eps_4q": 4.28,
            "eps_4q_growth_year": 41.54,
            "roe": 4.22,
            "roe_4q": 15.25,
            "gross_profit": 1184366,
            "gross_margin": 28.41,
            "gross_margin_4q_avg": 28.51,
            "net_income": 749177,
            "revenue": 4168981,
            "common_shares": 5952414,
            "book_valuer_per_share": 29.58,
            "book_valuer_per_share_4q_avg": 28.55,
            "equity": 18125893,
            "current_ratio": 208.3,
            "debt_ratio": 34.06,
            "inventory_turnover_ratio": 3.07,
            "account_receivable_turnover_ratio": 0.98,
            "reinvestment_rate": 41.38,
            "research_to_sale_ratio": 2.16,
            "price_fair": 133.4,
            "eps_avg_yearly": 3.81,
            "eps_latest_yearly": 4.88,
            "eps_growth_yearly": 146.97
        },
        "20131": {
            "year_quarter": 20131,
            "year": 2013,
            "quarter": 1,
            "eps": 1.22,
            "eps_growth_year": 54.43,
            "eps_4q": 4.71,
            "eps_4q_growth_year": 63.62,
            "roe": 3.98,
            "roe_4q": 16.4,
            "gross_profit": 910360,
            "gross_margin": 23.66,
            "gross_margin_4q_avg": 27.77,
            "net_income": 737657,
            "revenue": 3847774,
            "common_shares": 5964042,
            "book_valuer_per_share": 30.87,
            "book_valuer_per_share_4q_avg": 29.16,
            "equity": 18963739,
            "current_ratio": 183.03,
            "debt_ratio": 36.84,
            "inventory_turnover_ratio": 2.81,
            "account_receivable_turnover_ratio": 0.87,
            "reinvestment_rate": 51.3,
            "research_to_sale_ratio": 2.2,
            "price_fair": 135.89,
            "eps_avg_yearly": 3.88,
            "eps_latest_yearly": 4.88,
            "eps_growth_yearly": 137.18
        },
        "20132": {
            "year_quarter": 20132,
            "year": 2013,
            "quarter": 2,
            "eps": 1.25,
            "eps_growth_year": 13.3,
            "eps_4q": 4.85,
            "eps_4q_growth_year": 36.65,
            "roe": 4.13,
            "roe_4q": 16.61,
            "gross_profit": 1131213,
            "gross_margin": 27.33,
            "gross_margin_4q_avg": 27.68,
            "net_income": 770288,
            "revenue": 4139589,
            "common_shares": 5964785,
            "book_valuer_per_share": 29.68,
            "book_valuer_per_share_4q_avg": 29.69,
            "equity": 18305538,
            "current_ratio": 157.85,
            "debt_ratio": 41.68,
            "inventory_turnover_ratio": 3.13,
            "account_receivable_turnover_ratio": 0.9,
            "reinvestment_rate": 48,
            "research_to_sale_ratio": 2.15,
            "price_fair": 138.34,
            "eps_avg_yearly": 3.95,
            "eps_latest_yearly": 5,
            "eps_growth_yearly": 129.22
        },
        "20133": {
            "year_quarter": 20133,
            "year": 2013,
            "quarter": 3,
            "eps": 1.01,
            "eps_growth_year": -15.88,
            "eps_4q": 4.66,
            "eps_4q_growth_year": 20.6,
            "roe": 3.38,
            "roe_4q": 15.71,
            "gross_profit": 1030996,
            "gross_margin": 25.85,
            "gross_margin_4q_avg": 26.31,
            "net_income": 628761,
            "revenue": 3987703,
            "common_shares": 5965368,
            "book_valuer_per_share": 30.69,
            "book_valuer_per_share_4q_avg": 30.21,
            "equity": 18927186,
            "current_ratio": 167.29,
            "debt_ratio": 40.09,
            "inventory_turnover_ratio": 3.02,
            "account_receivable_turnover_ratio": 0.87,
            "reinvestment_rate": 45.52,
            "research_to_sale_ratio": 2.29,
            "price_fair": 138.16,
            "eps_avg_yearly": 3.95,
            "eps_latest_yearly": 4.04,
            "eps_growth_yearly": 50.38
        },
        "20134": {
            "year_quarter": 20134,
            "year": 2013,
            "quarter": 4,
            "eps": 0.69,
            "eps_growth_year": -43.76,
            "eps_4q": 3.86,
            "eps_4q_growth_year": -9.92,
            "roe": 2.26,
            "roe_4q": 13.75,
            "gross_profit": 743468,
            "gross_margin": 19.38,
            "gross_margin_4q_avg": 24.06,
            "net_income": 470280,
            "revenue": 3836177,
            "common_shares": 6483520,
            "book_valuer_per_share": 33.91,
            "book_valuer_per_share_4q_avg": 31.29,
            "equity": 22641974,
            "current_ratio": 199.16,
            "debt_ratio": 40.77,
            "inventory_turnover_ratio": 2.74,
            "account_receivable_turnover_ratio": 0.89,
            "reinvestment_rate": 81.6,
            "research_to_sale_ratio": 2.56,
            "price_fair": 140.7,
            "eps_avg_yearly": 4.02,
            "eps_latest_yearly": 2.76,
            "eps_growth_yearly": 57.75
        },
        "20141": {
            "year_quarter": 20141,
            "year": 2014,
            "quarter": 1,
            "eps": 0.78,
            "eps_growth_year": -36.07,
            "eps_4q": 3.52,
            "eps_4q_growth_year": -25.13,
            "roe": 2.29,
            "roe_4q": 12.059999999999999,
            "gross_profit": 882790,
            "gross_margin": 21.22,
            "gross_margin_4q_avg": 23.45,
            "net_income": 524691,
            "revenue": 4160946,
            "common_shares": 6484349,
            "book_valuer_per_share": 34.79,
            "book_valuer_per_share_4q_avg": 32.27,
            "equity": 23248402,
            "current_ratio": 192.87,
            "debt_ratio": 41.1,
            "inventory_turnover_ratio": 2.52,
            "account_receivable_turnover_ratio": 0.95,
            "reinvestment_rate": 75.39,
            "research_to_sale_ratio": 2.6,
            "price_fair": 82.25,
            "eps_avg_yearly": 3.92,
            "eps_latest_yearly": 3.12,
            "eps_growth_yearly": 11.01
        },
        "20142": {
            "year_quarter": 20142,
            "year": 2014,
            "quarter": 2,
            "eps": 0.71,
            "eps_growth_year": -43.2,
            "eps_4q": 3.09,
            "eps_4q_growth_year": -36.21,
            "roe": 2.11,
            "roe_4q": 10.04,
            "gross_profit": 993800,
            "gross_margin": 22.91,
            "gross_margin_4q_avg": 22.34,
            "net_income": 476583,
            "revenue": 4337378,
            "common_shares": 6484382,
            "book_valuer_per_share": 32.79,
            "book_valuer_per_share_4q_avg": 33.05,
            "equity": 21957753,
            "current_ratio": 171.18,
            "debt_ratio": 43.92,
            "inventory_turnover_ratio": 2.73,
            "account_receivable_turnover_ratio": 0.91,
            "reinvestment_rate": 24.04,
            "research_to_sale_ratio": 2.3,
            "price_fair": 57.09,
            "eps_avg_yearly": 3.75,
            "eps_latest_yearly": 2.84,
            "eps_growth_yearly": 5.22
        },
        "20143": {
            "year_quarter": 20143,
            "year": 2014,
            "quarter": 3,
            "eps": 1.17,
            "eps_growth_year": 15.84,
            "eps_4q": 3.33,
            "eps_4q_growth_year": -28.64,
            "roe": 3.49,
            "roe_4q": 10.149999999999999,
            "gross_profit": 1215993,
            "gross_margin": 25.96,
            "gross_margin_4q_avg": 22.37,
            "net_income": 782849,
            "revenue": 4684972,
            "common_shares": 6491382,
            "book_valuer_per_share": 34.1,
            "book_valuer_per_share_4q_avg": 33.9,
            "equity": 22872346,
            "current_ratio": 180.43,
            "debt_ratio": 41.41,
            "inventory_turnover_ratio": 2.91,
            "account_receivable_turnover_ratio": 0.93,
            "reinvestment_rate": 24.53,
            "research_to_sale_ratio": 1.89,
            "price_fair": 123.84,
            "eps_avg_yearly": 3.73,
            "eps_latest_yearly": 4.68,
            "eps_growth_yearly": 23.25
        },
        "20144": {
            "year_quarter": 20144,
            "year": 2014,
            "quarter": 4,
            "eps": 1.28,
            "eps_growth_year": 87.13,
            "eps_4q": 3.93,
            "eps_4q_growth_year": 1.81,
            "roe": 3.67,
            "roe_4q": 11.559999999999999,
            "gross_profit": 1167604,
            "gross_margin": 25.95,
            "gross_margin_4q_avg": 24.01,
            "net_income": 859173,
            "revenue": 4499759,
            "common_shares": 6491449,
            "book_valuer_per_share": 35.69,
            "book_valuer_per_share_4q_avg": 34.34,
            "equity": 23963390,
            "current_ratio": 180.81,
            "debt_ratio": 40.23,
            "inventory_turnover_ratio": 2.9,
            "account_receivable_turnover_ratio": 0.9,
            "reinvestment_rate": 29.92,
            "research_to_sale_ratio": 2.08,
            "price_fair": 135.01,
            "eps_avg_yearly": 3.86,
            "eps_latest_yearly": 5.12,
            "eps_growth_yearly": 35.83
        },
        "20151": {
            "year_quarter": 20151,
            "year": 2015,
            "quarter": 1,
            "eps": 0.85,
            "eps_growth_year": 8.97,
            "eps_4q": 4,
            "eps_4q_growth_year": 13.47,
            "roe": 2.37,
            "roe_4q": 11.64,
            "gross_profit": 1025781,
            "gross_margin": 23.76,
            "gross_margin_4q_avg": 24.65,
            "net_income": 574248,
            "revenue": 4317278,
            "common_shares": 6491759,
            "book_valuer_per_share": 36.44,
            "book_valuer_per_share_4q_avg": 34.76,
            "equity": 24465785,
            "current_ratio": 186.84,
            "debt_ratio": 38.86,
            "inventory_turnover_ratio": 3.1,
            "account_receivable_turnover_ratio": 0.92,
            "reinvestment_rate": 12.14,
            "research_to_sale_ratio": 2.21,
            "price_fair": 120.63,
            "eps_avg_yearly": 3.84,
            "eps_latest_yearly": 3.4,
            "eps_growth_yearly": 21.43
        },
        "20152": {
            "year_quarter": 20152,
            "year": 2015,
            "quarter": 2,
            "eps": 0.65,
            "eps_growth_year": -8.45,
            "eps_4q": 3.94,
            "eps_4q_growth_year": 27.45,
            "roe": 1.85,
            "roe_4q": 11.38,
            "gross_profit": 931448,
            "gross_margin": 21.72,
            "gross_margin_4q_avg": 24.35,
            "net_income": 439879,
            "revenue": 4288059,
            "common_shares": 6491870,
            "book_valuer_per_share": 34.44,
            "book_valuer_per_share_4q_avg": 35.17,
            "equity": 23178031,
            "current_ratio": 147.79,
            "debt_ratio": 44.13,
            "inventory_turnover_ratio": 3.09,
            "account_receivable_turnover_ratio": 0.93,
            "reinvestment_rate": 25.93,
            "research_to_sale_ratio": 2.26,
            "price_fair": 136.24,
            "eps_avg_yearly": 3.89,
            "eps_latest_yearly": 2.6,
            "eps_growth_yearly": 28.99
        },
        "20153": {
            "year_quarter": 20153,
            "year": 2015,
            "quarter": 3,
            "eps": 1.07,
            "eps_growth_year": -8.55,
            "eps_4q": 3.85,
            "eps_4q_growth_year": 15.6,
            "roe": 2.83,
            "roe_4q": 10.719999999999999,
            "gross_profit": 1017880,
            "gross_margin": 23.58,
            "gross_margin_4q_avg": 23.75,
            "net_income": 667034,
            "revenue": 4316760,
            "common_shares": 6491870,
            "book_valuer_per_share": 35.7,
            "book_valuer_per_share_4q_avg": 35.57,
            "equity": 23991113,
            "current_ratio": 140.73,
            "debt_ratio": 39.67,
            "inventory_turnover_ratio": 3.4,
            "account_receivable_turnover_ratio": 0.93,
            "reinvestment_rate": 47.15,
            "research_to_sale_ratio": 2.24,
            "price_fair": 116.56,
            "eps_avg_yearly": 3.94,
            "eps_latest_yearly": 4.28,
            "eps_growth_yearly": 19.57
        },
        "20154": {
            "year_quarter": 20154,
            "year": 2015,
            "quarter": 4,
            "eps": 0.62,
            "eps_growth_year": -52.07,
            "eps_4q": 3.18,
            "eps_4q_growth_year": -19.06,
            "roe": 1.69,
            "roe_4q": 8.739999999999998,
            "gross_profit": 792397,
            "gross_margin": 20.11,
            "gross_margin_4q_avg": 22.29,
            "net_income": 407305,
            "revenue": 3941211,
            "common_shares": 6491870,
            "book_valuer_per_share": 36.11,
            "book_valuer_per_share_4q_avg": 35.67,
            "equity": 24243407,
            "current_ratio": 156.16,
            "debt_ratio": 37,
            "inventory_turnover_ratio": 3.6,
            "account_receivable_turnover_ratio": 0.95,
            "reinvestment_rate": 50.52,
            "research_to_sale_ratio": 2.49,
            "price_fair": 84.44,
            "eps_avg_yearly": 3.9,
            "eps_latest_yearly": 2.48,
            "eps_growth_yearly": 11.64
        },
        "20161": {
            "year_quarter": 20161,
            "year": 2016,
            "quarter": 1,
            "eps": 0.31,
            "eps_growth_year": -63.53,
            "eps_4q": 2.64,
            "eps_4q_growth_year": -33.94,
            "roe": 0.87,
            "roe_4q": 7.24,
            "gross_profit": 761218,
            "gross_margin": 20.39,
            "gross_margin_4q_avg": 21.45,
            "net_income": 211250,
            "revenue": 3733921,
            "common_shares": 6492620,
            "book_valuer_per_share": 36.31,
            "book_valuer_per_share_4q_avg": 35.64,
            "equity": 24377773,
            "current_ratio": 177.89,
            "debt_ratio": 32.71,
            "inventory_turnover_ratio": 3.15,
            "account_receivable_turnover_ratio": 1,
            "reinvestment_rate": 56.32,
            "research_to_sale_ratio": 2.46,
            "price_fair": 11.35,
            "eps_avg_yearly": 3.78,
            "eps_latest_yearly": 1.24,
            "eps_growth_yearly": -1.18
        },
        "20162": {
            "year_quarter": 20162,
            "year": 2016,
            "quarter": 2,
            "eps": 0.61,
            "eps_growth_year": -6.15,
            "eps_4q": 2.61,
            "eps_4q_growth_year": -33.88,
            "roe": 1.72,
            "roe_4q": 7.109999999999999,
            "gross_profit": 950508,
            "gross_margin": 23.82,
            "gross_margin_4q_avg": 21.98,
            "net_income": 408915,
            "revenue": 3990646,
            "common_shares": 6492620,
            "book_valuer_per_share": 34.66,
            "book_valuer_per_share_4q_avg": 35.7,
            "equity": 23299980,
            "current_ratio": 159.47,
            "debt_ratio": 34.15,
            "inventory_turnover_ratio": 3.05,
            "account_receivable_turnover_ratio": 1.02,
            "reinvestment_rate": 57.86,
            "research_to_sale_ratio": 2.33,
            "price_fair": 84.92,
            "eps_avg_yearly": 3.66,
            "eps_latest_yearly": 2.44,
            "eps_growth_yearly": 13.2
        },
        "20163": {
            "year_quarter": 20163,
            "year": 2016,
            "quarter": 3,
            "eps": 0.87,
            "eps_growth_year": -18.69,
            "eps_4q": 2.41,
            "eps_4q_growth_year": -37.43,
            "roe": 2.54,
            "roe_4q": 6.82,
            "gross_profit": 1265657,
            "gross_margin": 27.16,
            "gross_margin_4q_avg": 22.87,
            "net_income": 597112,
            "revenue": 4660109,
            "common_shares": 6492620,
            "book_valuer_per_share": 35.28,
            "book_valuer_per_share_4q_avg": 35.59,
            "equity": 23703661,
            "current_ratio": 209.92,
            "debt_ratio": 30.13,
            "inventory_turnover_ratio": 3.59,
            "account_receivable_turnover_ratio": 1.08,
            "reinvestment_rate": 54.44,
            "research_to_sale_ratio": 2.02,
            "price_fair": 112.99,
            "eps_avg_yearly": 3.58,
            "eps_latest_yearly": 3.48,
            "eps_growth_yearly": 21.58
        },
        "20164": {
            "year_quarter": 20164,
            "year": 2016,
            "quarter": 4,
            "eps": 1.28,
            "eps_growth_year": 107.25,
            "eps_4q": 3.07,
            "eps_4q_growth_year": -3.49,
            "roe": 3.53,
            "roe_4q": 8.66,
            "gross_profit": 1191152,
            "gross_margin": 24.45,
            "gross_margin_4q_avg": 23.96,
            "net_income": 849934,
            "revenue": 4871559,
            "common_shares": 6492620,
            "book_valuer_per_share": 36.45,
            "book_valuer_per_share_4q_avg": 35.68,
            "equity": 24477693,
            "current_ratio": 225.88,
            "debt_ratio": 28.74,
            "inventory_turnover_ratio": 3.96,
            "account_receivable_turnover_ratio": 1.07,
            "reinvestment_rate": 49.65,
            "research_to_sale_ratio": 1.82,
            "price_fair": 125.74,
            "eps_avg_yearly": 3.59,
            "eps_latest_yearly": 5.12,
            "eps_growth_yearly": 32.95
        },
        "20171": {
            "year_quarter": 20171,
            "year": 2017,
            "quarter": 1,
            "eps": 0.41,
            "eps_growth_year": 32.26,
            "eps_4q": 3.16,
            "eps_4q_growth_year": 19.83,
            "roe": 1.16,
            "roe_4q": 8.95,
            "gross_profit": 954807,
            "gross_margin": 22.58,
            "gross_margin_4q_avg": 24.5,
            "net_income": 283210,
            "revenue": 4229396,
            "common_shares": 6492620,
            "book_valuer_per_share": 36.48,
            "book_valuer_per_share_4q_avg": 35.72,
            "equity": 24467844,
            "current_ratio": 199.02,
            "debt_ratio": 27.7,
            "inventory_turnover_ratio": 3.41,
            "account_receivable_turnover_ratio": 1,
            "reinvestment_rate": 36.44,
            "research_to_sale_ratio": 2.02,
            "price_fair": 87.99,
            "eps_avg_yearly": 3.39,
            "eps_latest_yearly": 1.64,
            "eps_growth_yearly": 15.96
        },
        "20172": {
            "year_quarter": 20172,
            "year": 2017,
            "quarter": 2,
            "eps": 0.78,
            "eps_growth_year": 27.87,
            "eps_4q": 3.34,
            "eps_4q_growth_year": 28.2,
            "roe": 2.19,
            "roe_4q": 9.419999999999998,
            "gross_profit": 902592,
            "gross_margin": 20.86,
            "gross_margin_4q_avg": 23.76,
            "net_income": 529078,
            "revenue": 4326936,
            "common_shares": 6492620,
            "book_valuer_per_share": 35.31,
            "book_valuer_per_share_4q_avg": 35.88,
            "equity": 23744408,
            "current_ratio": 176.36,
            "debt_ratio": 30.4,
            "inventory_turnover_ratio": 3.65,
            "account_receivable_turnover_ratio": 1.1,
            "reinvestment_rate": 37.5,
            "research_to_sale_ratio": 1.8,
            "price_fair": 114.54,
            "eps_avg_yearly": 3.27,
            "eps_latest_yearly": 3.12,
            "eps_growth_yearly": 37.9
        },
        "20173": {
            "year_quarter": 20173,
            "year": 2017,
            "quarter": 3,
            "eps": 1.08,
            "eps_growth_year": 24.14,
            "eps_4q": 3.52,
            "eps_4q_growth_year": 46.28,
            "roe": 2.99,
            "roe_4q": 9.87,
            "gross_profit": 1271226,
            "gross_margin": 25.45,
            "gross_margin_4q_avg": 23.34,
            "net_income": 722488,
            "revenue": 4994956,
            "common_shares": 6542620,
            "book_valuer_per_share": 36.26,
            "book_valuer_per_share_4q_avg": 36.13,
            "equity": 24576486,
            "current_ratio": 191.17,
            "debt_ratio": 28.47,
            "inventory_turnover_ratio": 3.85,
            "account_receivable_turnover_ratio": 1.19,
            "reinvestment_rate": 46.01,
            "research_to_sale_ratio": 2.11,
            "price_fair": 115.15,
            "eps_avg_yearly": 3.29,
            "eps_latest_yearly": 4.32,
            "eps_growth_yearly": 52.32
        },
        "20174": {
            "year_quarter": 20174,
            "year": 2017,
            "quarter": 4,
            "eps": 1.19,
            "eps_growth_year": -6.8,
            "eps_4q": 3.45,
            "eps_4q_growth_year": 12.28,
            "roe": 3.11,
            "roe_4q": 9.45,
            "gross_profit": 1353164,
            "gross_margin": 27.75,
            "gross_margin_4q_avg": 24.16,
            "net_income": 777302,
            "revenue": 4876269,
            "common_shares": 6542620,
            "book_valuer_per_share": 37.43,
            "book_valuer_per_share_4q_avg": 36.37,
            "equity": 25341851,
            "current_ratio": 179.01,
            "debt_ratio": 28.41,
            "inventory_turnover_ratio": 3.43,
            "account_receivable_turnover_ratio": 1.08,
            "reinvestment_rate": 10.04,
            "research_to_sale_ratio": 2.85,
            "price_fair": 119.53,
            "eps_avg_yearly": 3.42,
            "eps_latest_yearly": 4.76,
            "eps_growth_yearly": 62.79
        },
        "20181": {
            "year_quarter": 20181,
            "year": 2018,
            "quarter": 1,
            "eps": 0.58,
            "eps_growth_year": 41.46,
            "eps_4q": 3.61,
            "eps_4q_growth_year": 14.22,
            "roe": 1.49,
            "roe_4q": 9.78,
            "gross_profit": 839817,
            "gross_margin": 21.81,
            "gross_margin_4q_avg": 23.97,
            "net_income": 381323,
            "revenue": 3850769,
            "common_shares": 6542620,
            "book_valuer_per_share": 38.07,
            "book_valuer_per_share_4q_avg": 36.77,
            "equity": 25770780,
            "current_ratio": 217.63,
            "debt_ratio": 28.83,
            "inventory_turnover_ratio": 3.13,
            "account_receivable_turnover_ratio": 0.93,
            "reinvestment_rate": -10.21,
            "research_to_sale_ratio": 2.27,
            "price_fair": 117.78,
            "eps_avg_yearly": 3.37,
            "eps_latest_yearly": 2.32,
            "eps_growth_yearly": 46.71
        },
        "20182": {
            "year_quarter": 20182,
            "year": 2018,
            "quarter": 2,
            "eps": 1.15,
            "eps_growth_year": 47.44,
            "eps_4q": 3.98,
            "eps_4q_growth_year": 19.13,
            "roe": 3.05,
            "roe_4q": 10.64,
            "gross_profit": 994304,
            "gross_margin": 23.38,
            "gross_margin_4q_avg": 24.6,
            "net_income": 769135,
            "revenue": 4253347,
            "common_shares": 6542620,
            "book_valuer_per_share": 36.9,
            "book_valuer_per_share_4q_avg": 37.17,
            "equity": 24706156,
            "current_ratio": 166.41,
            "debt_ratio": 35.16,
            "inventory_turnover_ratio": 3.97,
            "account_receivable_turnover_ratio": 1.06,
            "reinvestment_rate": 12.26,
            "research_to_sale_ratio": 2.78,
            "price_fair": 121.63,
            "eps_avg_yearly": 3.48,
            "eps_latest_yearly": 4.6,
            "eps_growth_yearly": 73.52
        },
        "20183": {
            "year_quarter": 20183,
            "year": 2018,
            "quarter": 3,
            "eps": 4.17,
            "eps_growth_year": 286.11,
            "eps_4q": 7.05,
            "eps_4q_growth_year": 100.12,
            "roe": 10.44,
            "roe_4q": 18.09,
            "gross_profit": 1727779,
            "gross_margin": 32.51,
            "gross_margin_4q_avg": 26.36,
            "net_income": 2710023,
            "revenue": 5314390,
            "common_shares": 6542620,
            "book_valuer_per_share": 41.56,
            "book_valuer_per_share_4q_avg": 38.49,
            "equity": 27190295,
            "current_ratio": 153.07,
            "debt_ratio": 30.28,
            "inventory_turnover_ratio": 4.94,
            "account_receivable_turnover_ratio": 1.14,
            "reinvestment_rate": 72.73,
            "research_to_sale_ratio": 2.13,
            "price_fair": 147.88,
            "eps_avg_yearly": 4.23,
            "eps_latest_yearly": 16.68,
            "eps_growth_yearly": 122.98
        },
        "20184": {
            "year_quarter": 20184,
            "year": 2018,
            "quarter": 4,
            "eps": 1.04,
            "eps_growth_year": -12.46,
            "eps_4q": 6.9,
            "eps_4q_growth_year": 100.29,
            "roe": 2.47,
            "roe_4q": 17.45,
            "gross_profit": 1803190,
            "gross_margin": 33.98,
            "gross_margin_4q_avg": 27.92,
            "net_income": 681302,
            "revenue": 5306764,
            "common_shares": 6542620,
            "book_valuer_per_share": 42.6,
            "book_valuer_per_share_4q_avg": 39.78,
            "equity": 27872670,
            "current_ratio": 158.5,
            "debt_ratio": 29.63,
            "inventory_turnover_ratio": 4.88,
            "account_receivable_turnover_ratio": 0.99,
            "reinvestment_rate": 73.88,
            "research_to_sale_ratio": 2.28,
            "price_fair": 145.78,
            "eps_avg_yearly": 4.17,
            "eps_latest_yearly": 4.16,
            "eps_growth_yearly": 101.86
        },
        "20191": {
            "year_quarter": 20191,
            "year": 2019,
            "quarter": 1,
            "eps": 1.5,
            "eps_growth_year": 158.62,
            "eps_4q": 7.82,
            "eps_4q_growth_year": 116.29,
            "roe": 3.44,
            "roe_4q": 19.400000000000002,
            "gross_profit": 1497785,
            "gross_margin": 32.06,
            "gross_margin_4q_avg": 30.48,
            "net_income": 975331,
            "revenue": 4671366,
            "common_shares": 6542620,
            "book_valuer_per_share": 44.12,
            "book_valuer_per_share_4q_avg": 41.3,
            "equity": 28868002,
            "current_ratio": 162.24,
            "debt_ratio": 29.25,
            "inventory_turnover_ratio": 3.99,
            "account_receivable_turnover_ratio": 0.91,
            "reinvestment_rate": 80.75,
            "research_to_sale_ratio": 2.5,
            "price_fair": 151.46,
            "eps_avg_yearly": 4.33,
            "eps_latest_yearly": 6,
            "eps_growth_yearly": 121.32
        },
        "20192": {
            "year_quarter": 20192,
            "year": 2019,
            "quarter": 2,
            "eps": 1.54,
            "eps_growth_year": 33.91,
            "eps_4q": 8.21,
            "eps_4q_growth_year": 106.26,
            "roe": 3.55,
            "roe_4q": 19.9,
            "gross_profit": 1632534,
            "gross_margin": 32.37,
            "gross_margin_4q_avg": 32.73,
            "net_income": 1003566,
            "revenue": 5043201,
            "common_shares": 6542620,
            "book_valuer_per_share": 42.18,
            "book_valuer_per_share_4q_avg": 42.62,
            "equity": 27598439,
            "current_ratio": 122.81,
            "debt_ratio": 34.35,
            "inventory_turnover_ratio": 3.58,
            "account_receivable_turnover_ratio": 1.04,
            "reinvestment_rate": 76.82,
            "research_to_sale_ratio": 2.41,
            "price_fair": 159.25,
            "eps_avg_yearly": 4.55,
            "eps_latest_yearly": 6.16,
            "eps_growth_yearly": 127.87
        },
        "20193": {
            "year_quarter": 20193,
            "year": 2019,
            "quarter": 3,
            "eps": 1.84,
            "eps_growth_year": -55.88,
            "eps_4q": 5.9,
            "eps_4q_growth_year": -16.29,
            "roe": 4.25,
            "roe_4q": 13.71,
            "gross_profit": 1930259,
            "gross_margin": 35.43,
            "gross_margin_4q_avg": 33.46,
            "net_income": 1199955,
            "revenue": 5448800,
            "common_shares": 6542620,
            "book_valuer_per_share": 44.04,
            "book_valuer_per_share_4q_avg": 43.24,
            "equity": 28810737,
            "current_ratio": 177.38,
            "debt_ratio": 28.25,
            "inventory_turnover_ratio": 3.19,
            "account_receivable_turnover_ratio": 1.1,
            "reinvestment_rate": 56.08,
            "research_to_sale_ratio": 2.42,
            "price_fair": 165.99,
            "eps_avg_yearly": 4.74,
            "eps_latest_yearly": 7.36,
            "eps_growth_yearly": 116.58
        },
        "20194": {
            "year_quarter": 20194,
            "year": 2019,
            "quarter": 4,
            "eps": 1.39,
            "eps_growth_year": 33.67,
            "eps_4q": 6.25,
            "eps_4q_growth_year": -9.41,
            "roe": 3.11,
            "roe_4q": 14.35,
            "gross_profit": 1718965,
            "gross_margin": 32.7,
            "gross_margin_4q_avg": 33.14,
            "net_income": 910670,
            "revenue": 5256125,
            "common_shares": 6542620,
            "book_valuer_per_share": 45.38,
            "book_valuer_per_share_4q_avg": 43.93,
            "equity": 29691661,
            "current_ratio": 209.71,
            "debt_ratio": 26.17,
            "inventory_turnover_ratio": 3.18,
            "account_receivable_turnover_ratio": 1.17,
            "reinvestment_rate": 49.46,
            "research_to_sale_ratio": 2.35,
            "price_fair": 172.73,
            "eps_avg_yearly": 4.94,
            "eps_latest_yearly": 5.56,
            "eps_growth_yearly": 120.98
        },
        "20201": {
            "year_quarter": 20201,
            "year": 2020,
            "quarter": 1,
            "eps": 1.43,
            "eps_growth_year": -4.67,
            "eps_4q": 6.18,
            "eps_4q_growth_year": -20.91,
            "roe": 3.09,
            "roe_4q": 14,
            "gross_profit": 1455955,
            "gross_margin": 27.33,
            "gross_margin_4q_avg": 31.96,
            "net_income": 931365,
            "revenue": 5327066,
            "common_shares": 6542620,
            "book_valuer_per_share": 46.78,
            "book_valuer_per_share_4q_avg": 44.6,
            "equity": 30604593,
            "current_ratio": 226.16,
            "debt_ratio": 24.51,
            "inventory_turnover_ratio": 3.08,
            "account_receivable_turnover_ratio": 1.24,
            "reinvestment_rate": 46.75,
            "research_to_sale_ratio": 2.28,
            "price_fair": 182.53,
            "eps_avg_yearly": 5.22,
            "eps_latest_yearly": 5.72,
            "eps_growth_yearly": 134.2
        },
        "20202": {
            "year_quarter": 20202,
            "year": 2020,
            "quarter": 2,
            "eps": 1.07,
            "eps_growth_year": -30.52,
            "eps_4q": 5.72,
            "eps_4q_growth_year": -30.35,
            "roe": 2.36,
            "roe_4q": 12.809999999999999,
            "gross_profit": 1272822,
            "gross_margin": 25.38,
            "gross_margin_4q_avg": 30.21,
            "net_income": 698348,
            "revenue": 5015066,
            "common_shares": 6542620,
            "book_valuer_per_share": 43.61,
            "book_valuer_per_share_4q_avg": 44.95,
            "equity": 28530509,
            "current_ratio": 163.28,
            "debt_ratio": 30.83,
            "inventory_turnover_ratio": 2.71,
            "account_receivable_turnover_ratio": 1.13,
            "reinvestment_rate": 46.9,
            "research_to_sale_ratio": 2.5,
            "price_fair": 186.55,
            "eps_avg_yearly": 5.33,
            "eps_latest_yearly": 4.28,
            "eps_growth_yearly": 103.71
        },
        "20203": {
            "year_quarter": 20203,
            "year": 2020,
            "quarter": 3,
            "eps": 1.55,
            "eps_growth_year": -15.76,
            "eps_4q": 5.43,
            "eps_4q_growth_year": -7.89,
            "roe": 3.49,
            "roe_4q": 12.049999999999999,
            "gross_profit": 1749698,
            "gross_margin": 30.31,
            "gross_margin_4q_avg": 28.93,
            "net_income": 1015105,
            "revenue": 5773065,
            "common_shares": 6542620,
            "book_valuer_per_share": 45.25,
            "book_valuer_per_share_4q_avg": 45.26,
            "equity": 29605306,
            "current_ratio": 232.31,
            "debt_ratio": 22.35,
            "inventory_turnover_ratio": 3.08,
            "account_receivable_turnover_ratio": 1.25,
            "reinvestment_rate": 46.12,
            "research_to_sale_ratio": 2.37,
            "price_fair": 192.5,
            "eps_avg_yearly": 5.5,
            "eps_latest_yearly": 6.2,
            "eps_growth_yearly": 104.27
        },
        "20204": {
            "year_quarter": 20204,
            "year": 2020,
            "quarter": 4,
            "eps": 1.51,
            "eps_growth_year": 8.73,
            "eps_4q": 5.45,
            "eps_4q_growth_year": -12.78,
            "roe": 3.3,
            "roe_4q": 12.24,
            "gross_profit": 1801362,
            "gross_margin": 29.24,
            "gross_margin_4q_avg": 28.07,
            "net_income": 1016271,
            "revenue": 6160087,
            "common_shares": 6715232,
            "book_valuer_per_share": 47.71,
            "book_valuer_per_share_4q_avg": 45.84,
            "equity": 32037934,
            "current_ratio": 151.67,
            "debt_ratio": 25.95,
            "inventory_turnover_ratio": 3.34,
            "account_receivable_turnover_ratio": 1.28,
            "reinvestment_rate": 64.87,
            "research_to_sale_ratio": 2.31,
            "price_fair": 194.51,
            "eps_avg_yearly": 5.56,
            "eps_latest_yearly": 6.04,
            "eps_growth_yearly": 91.85
        },
        "20211": {
            "year_quarter": 20211,
            "year": 2021,
            "quarter": 1,
            "eps": 1.81,
            "eps_growth_year": 26.57,
            "eps_4q": 5.88,
            "eps_4q_growth_year": -4.91,
            "roe": 3.72,
            "roe_4q": 12.87,
            "gross_profit": 1880475,
            "gross_margin": 29.3,
            "gross_margin_4q_avg": 28.56,
            "net_income": 1218735,
            "revenue": 6418907,
            "common_shares": 6715232,
            "book_valuer_per_share": 49.86,
            "book_valuer_per_share_4q_avg": 46.61,
            "equity": 33485424,
            "current_ratio": 157.8,
            "debt_ratio": 26.31,
            "inventory_turnover_ratio": 3.03,
            "account_receivable_turnover_ratio": 1.23,
            "reinvestment_rate": 65.93,
            "research_to_sale_ratio": 2.28,
            "price_fair": 206.76,
            "eps_avg_yearly": 5.91,
            "eps_latest_yearly": 7.24,
            "eps_growth_yearly": 113.81
        },
        "20212": {
            "year_quarter": 20212,
            "year": 2021,
            "quarter": 2,
            "eps": 2.15,
            "eps_growth_year": 100.93,
            "eps_4q": 6.99,
            "eps_4q_growth_year": 22.23,
            "roe": 4.36,
            "roe_4q": 14.87,
            "gross_profit": 2286761,
            "gross_margin": 32.8,
            "gross_margin_4q_avg": 30.41,
            "net_income": 1442494,
            "revenue": 6971036,
            "common_shares": 6715232,
            "book_valuer_per_share": 48.63,
            "book_valuer_per_share_4q_avg": 47.86,
            "equity": 32658954,
            "current_ratio": 126.11,
            "debt_ratio": 29.88,
            "inventory_turnover_ratio": 2.84,
            "account_receivable_turnover_ratio": 1.19,
            "reinvestment_rate": 66.61,
            "research_to_sale_ratio": 2.27,
            "price_fair": 218.75,
            "eps_avg_yearly": 6.25,
            "eps_latest_yearly": 8.6,
            "eps_growth_yearly": 95.94
        },
        "20213": {
            "year_quarter": 20213,
            "year": 2021,
            "quarter": 3,
            "eps": 2.66,
            "eps_growth_year": 71.61,
            "eps_4q": 8.14,
            "eps_4q_growth_year": 49.71,
            "roe": 5.29,
            "roe_4q": 16.67,
            "gross_profit": 2363308,
            "gross_margin": 33.26,
            "gross_margin_4q_avg": 31.15,
            "net_income": 1786028,
            "revenue": 7106468,
            "common_shares": 6715232,
            "book_valuer_per_share": 51.87,
            "book_valuer_per_share_4q_avg": 49.52,
            "equity": 34830439,
            "current_ratio": 159.49,
            "debt_ratio": 25.72,
            "inventory_turnover_ratio": 2.95,
            "account_receivable_turnover_ratio": 1.13,
            "reinvestment_rate": 59.04,
            "research_to_sale_ratio": 2.5,
            "price_fair": 232.58,
            "eps_avg_yearly": 6.65,
            "eps_latest_yearly": 10.64,
            "eps_growth_yearly": 92.26
        },
        "20214": {
            "year_quarter": 20214,
            "year": 2021,
            "quarter": 4,
            "eps": 2.29,
            "eps_growth_year": 51.18,
            "eps_4q": 8.31,
            "eps_4q_growth_year": 52.4,
            "roe": 4.42,
            "roe_4q": 17.79,
            "gross_profit": 2221231,
            "gross_margin": 33.73,
            "gross_margin_4q_avg": 32.27,
            "net_income": 1690037,
            "revenue": 6585629,
            "common_shares": 7386755,
            "book_valuer_per_share": 56.42,
            "book_valuer_per_share_4q_avg": 51.7,
            "equity": 41676031,
            "current_ratio": 173.67,
            "debt_ratio": 22.54,
            "inventory_turnover_ratio": 2.86,
            "account_receivable_turnover_ratio": 1.03,
            "reinvestment_rate": 55.03,
            "research_to_sale_ratio": 2.69,
            "price_fair": 242.2,
            "eps_avg_yearly": 6.92,
            "eps_latest_yearly": 9.16,
            "eps_growth_yearly": 86.23
        },
        "20221": {
            "year_quarter": 20221,
            "year": 2022,
            "quarter": 1,
            "eps": 2.33,
            "eps_growth_year": 28.73,
            "eps_4q": 8.99,
            "eps_4q_growth_year": 52.94,
            "roe": 4.11,
            "roe_4q": 18.18,
            "gross_profit": 2254086,
            "gross_margin": 33.42,
            "gross_margin_4q_avg": 33.3,
            "net_income": 1723969,
            "revenue": 6744684,
            "common_shares": 7386755,
            "book_valuer_per_share": 57.26,
            "book_valuer_per_share_4q_avg": 53.55,
            "equity": 42298722,
            "current_ratio": 188.14,
            "debt_ratio": 22.87,
            "inventory_turnover_ratio": 2.98,
            "account_receivable_turnover_ratio": 1.04,
            "reinvestment_rate": 63.38,
            "research_to_sale_ratio": 2.63,
            "price_fair": 257.51,
            "eps_avg_yearly": 7.36,
            "eps_latest_yearly": 9.32,
            "eps_growth_yearly": 99.48
        },
        "20222": {
            "year_quarter": 20222,
            "year": 2022,
            "quarter": 2,
            "eps": 2.42,
            "eps_growth_year": 12.56,
            "eps_4q": 9.46,
            "eps_4q_growth_year": 35.38,
            "roe": 4.47,
            "roe_4q": 18.29,
            "gross_profit": 2180968,
            "gross_margin": 32.9,
            "gross_margin_4q_avg": 33.33,
            "net_income": 1788255,
            "revenue": 6629277,
            "common_shares": 7386755,
            "book_valuer_per_share": 51.06,
            "book_valuer_per_share_4q_avg": 54.15,
            "equity": 37720218,
            "current_ratio": 130.88,
            "debt_ratio": 30.1,
            "inventory_turnover_ratio": 2.79,
            "account_receivable_turnover_ratio": 1.07,
            "reinvestment_rate": 55.65,
            "research_to_sale_ratio": 3.15,
            "price_fair": 268.63,
            "eps_avg_yearly": 7.68,
            "eps_latest_yearly": 9.68,
            "eps_growth_yearly": 75.88
        },
        "20223": {
            "year_quarter": 20223,
            "year": 2022,
            "quarter": 3,
            "eps": 2.14,
            "eps_growth_year": -19.55,
            "eps_4q": 9.18,
            "eps_4q_growth_year": 12.86,
            "roe": 4.11,
            "roe_4q": 17.11,
            "gross_profit": 1610652,
            "gross_margin": 30.66,
            "gross_margin_4q_avg": 32.68,
            "net_income": 1580641,
            "revenue": 5253100,
            "common_shares": 7386755,
            "book_valuer_per_share": 53.02,
            "book_valuer_per_share_4q_avg": 54.44,
            "equity": 39161482,
            "current_ratio": 168.3,
            "debt_ratio": 23.38,
            "inventory_turnover_ratio": 2.12,
            "account_receivable_turnover_ratio": 1.03,
            "reinvestment_rate": 25.76,
            "research_to_sale_ratio": 3.77,
            "price_fair": 124.26,
            "eps_avg_yearly": 7.17,
            "eps_latest_yearly": 8.56,
            "eps_growth_yearly": 7.34
        },
        "20224": {
            "year_quarter": 20224,
            "year": 2022,
            "quarter": 4,
            "eps": 1.51,
            "eps_growth_year": -33.98,
            "eps_4q": 8.41,
            "eps_4q_growth_year": 1.16,
            "roe": 2.79,
            "roe_4q": 15.48,
            "gross_profit": 1787767,
            "gross_margin": 33.21,
            "gross_margin_4q_avg": 32.55,
            "net_income": 1115826,
            "revenue": 5383096,
            "common_shares": 7386755,
            "book_valuer_per_share": 55.36,
            "book_valuer_per_share_4q_avg": 54.18,
            "equity": 40890113,
            "current_ratio": 199.38,
            "debt_ratio": 19.75,
            "inventory_turnover_ratio": 2.01,
            "account_receivable_turnover_ratio": 1.18,
            "reinvestment_rate": 24.96,
            "research_to_sale_ratio": 3.31,
            "price_fair": 209.38,
            "eps_avg_yearly": 7.29,
            "eps_latest_yearly": 6.04,
            "eps_growth_yearly": 18.74
        },
        "20231": {
            "year_quarter": 20231,
            "year": 2023,
            "quarter": 1,
            "eps": 0.9,
            "eps_growth_year": -61.37,
            "eps_4q": 6.97,
            "eps_4q_growth_year": -22.46,
            "roe": 1.67,
            "roe_4q": 13.04,
            "gross_profit": 1154398,
            "gross_margin": 25.08,
            "gross_margin_4q_avg": 30.46,
            "net_income": 665855,
            "revenue": 4603012,
            "common_shares": 7386755,
            "book_valuer_per_share": 52.73,
            "book_valuer_per_share_4q_avg": 53.04,
            "equity": 38953961,
            "current_ratio": 119.57,
            "debt_ratio": 25.33,
            "inventory_turnover_ratio": 1.99,
            "account_receivable_turnover_ratio": 1.06,
            "reinvestment_rate": 19.04,
            "research_to_sale_ratio": 3.33,
            "price_fair": 21.41,
            "eps_avg_yearly": 7.14,
            "eps_latest_yearly": 3.6,
            "eps_growth_yearly": -2.42
        },
        "20232": {
            "year_quarter": 20232,
            "year": 2023,
            "quarter": 2,
            "eps": 1.93,
            "eps_growth_year": -20.25,
            "eps_4q": 6.48,
            "eps_4q_growth_year": -31.53,
            "roe": 3.52,
            "roe_4q": 12.09,
            "gross_profit": 1482330,
            "gross_margin": 27.1,
            "gross_margin_4q_avg": 29.01,
            "net_income": 1422629,
            "revenue": 5470736,
            "common_shares": 7386755,
            "book_valuer_per_share": 56.82,
            "book_valuer_per_share_4q_avg": 54.48,
            "equity": 41968741,
            "current_ratio": 144.52,
            "debt_ratio": 22.75,
            "inventory_turnover_ratio": 2.18,
            "account_receivable_turnover_ratio": 1.27,
            "reinvestment_rate": 18.28,
            "research_to_sale_ratio": 2.52,
            "price_fair": 253.14,
            "eps_avg_yearly": 7.23,
            "eps_latest_yearly": 7.72,
            "eps_growth_yearly": 25.53
        }
    },
    "months": {
        "2002-01": {
            "month": "2002-01",
            "price": "23.50",
            "revenue": 48995
        },
        "2002-02": {
            "month": "2002-02",
            "price": "27.00",
            "revenue": 31697
        },
        "2002-03": {
            "month": "2002-03",
            "price": "28.43",
            "revenue": 71812
        },
        "2002-04": {
            "month": "2002-04",
            "price": "36.15",
            "revenue": 69734
        },
        "2002-05": {
            "month": "2002-05",
            "price": "29.87",
            "revenue": 95240
        },
        "2002-06": {
            "month": "2002-06",
            "price": "24.95",
            "revenue": 101193
        },
        "2002-07": {
            "month": "2002-07",
            "price": "18.74",
            "revenue": 90784
        },
        "2002-08": {
            "month": "2002-08",
            "price": "15.71",
            "revenue": 74436
        },
        "2002-09": {
            "month": "2002-09",
            "price": "14.07",
            "revenue": 88073
        },
        "2002-10": {
            "month": "2002-10",
            "price": "11.60",
            "revenue": 95326
        },
        "2002-11": {
            "month": "2002-11",
            "price": "12.45",
            "revenue": 125028
        },
        "2002-12": {
            "month": "2002-12",
            "price": "11.44",
            "revenue": 108261
        },
        "2003-01": {
            "month": "2003-01",
            "price": "11.43",
            "revenue": 62611
        },
        "2003-02": {
            "month": "2003-02",
            "price": "10.49",
            "revenue": 84670
        },
        "2003-03": {
            "month": "2003-03",
            "price": "10.51",
            "revenue": 124967
        },
        "2003-04": {
            "month": "2003-04",
            "price": "10.39",
            "revenue": 117292
        },
        "2003-05": {
            "month": "2003-05",
            "price": "9.76",
            "revenue": 124040
        },
        "2003-06": {
            "month": "2003-06",
            "price": "13.88",
            "revenue": 109954
        },
        "2003-07": {
            "month": "2003-07",
            "price": "18.09",
            "revenue": 115385
        },
        "2003-08": {
            "month": "2003-08",
            "price": "16.45",
            "revenue": 140167
        },
        "2003-09": {
            "month": "2003-09",
            "price": "17.08",
            "revenue": 173503
        },
        "2003-10": {
            "month": "2003-10",
            "price": "22.20",
            "revenue": 202974
        },
        "2003-11": {
            "month": "2003-11",
            "price": "31.12",
            "revenue": 209186
        },
        "2003-12": {
            "month": "2003-12",
            "price": "35.66",
            "revenue": 232188
        },
        "2004-01": {
            "month": "2004-01",
            "price": "39.99",
            "revenue": 229635
        },
        "2004-02": {
            "month": "2004-02",
            "price": "39.46",
            "revenue": 193529
        },
        "2004-03": {
            "month": "2004-03",
            "price": "44.25",
            "revenue": 260506
        },
        "2004-04": {
            "month": "2004-04",
            "price": "51.24",
            "revenue": 269141
        },
        "2004-05": {
            "month": "2004-05",
            "price": "44.67",
            "revenue": 250139
        },
        "2004-06": {
            "month": "2004-06",
            "price": "40.28",
            "revenue": 212140
        },
        "2004-07": {
            "month": "2004-07",
            "price": "27.67",
            "revenue": 222123
        },
        "2004-08": {
            "month": "2004-08",
            "price": "26.82",
            "revenue": 230725
        },
        "2004-09": {
            "month": "2004-09",
            "price": "27.46",
            "revenue": 244861
        },
        "2004-10": {
            "month": "2004-10",
            "price": "25.42",
            "revenue": 229961
        },
        "2004-11": {
            "month": "2004-11",
            "price": "28.75",
            "revenue": 226819
        },
        "2004-12": {
            "month": "2004-12",
            "price": "30.03",
            "revenue": 220914
        },
        "2005-01": {
            "month": "2005-01",
            "price": "30.16",
            "revenue": 186848
        },
        "2005-02": {
            "month": "2005-02",
            "price": "35.35",
            "revenue": 160044
        },
        "2005-03": {
            "month": "2005-03",
            "price": "36.95",
            "revenue": 198511
        },
        "2005-04": {
            "month": "2005-04",
            "price": "40.30",
            "revenue": 195834
        },
        "2005-05": {
            "month": "2005-05",
            "price": "37.75",
            "revenue": 270310
        },
        "2005-06": {
            "month": "2005-06",
            "price": "41.65",
            "revenue": 279382
        },
        "2005-07": {
            "month": "2005-07",
            "price": "39.93",
            "revenue": 323147
        },
        "2005-08": {
            "month": "2005-08",
            "price": "37.90",
            "revenue": 400783
        },
        "2005-09": {
            "month": "2005-09",
            "price": "38.16",
            "revenue": 424374
        },
        "2005-10": {
            "month": "2005-10",
            "price": "43.14",
            "revenue": 464198
        },
        "2005-11": {
            "month": "2005-11",
            "price": "47.05",
            "revenue": 436079
        },
        "2005-12": {
            "month": "2005-12",
            "price": "53.07",
            "revenue": 433520
        },
        "2006-01": {
            "month": "2006-01",
            "price": "51.36",
            "revenue": 361623
        },
        "2006-02": {
            "month": "2006-02",
            "price": "48.63",
            "revenue": 315421
        },
        "2006-03": {
            "month": "2006-03",
            "price": "49.22",
            "revenue": 316511
        },
        "2006-04": {
            "month": "2006-04",
            "price": "47.47",
            "revenue": 343456
        },
        "2006-05": {
            "month": "2006-05",
            "price": "40.50",
            "revenue": 354329
        },
        "2006-06": {
            "month": "2006-06",
            "price": "31.63",
            "revenue": 336866
        },
        "2006-07": {
            "month": "2006-07",
            "price": "32.21",
            "revenue": 311805
        },
        "2006-08": {
            "month": "2006-08",
            "price": "32.68",
            "revenue": 312591
        },
        "2006-09": {
            "month": "2006-09",
            "price": "33.65",
            "revenue": 322142
        },
        "2006-10": {
            "month": "2006-10",
            "price": "32.30",
            "revenue": 380052
        },
        "2006-11": {
            "month": "2006-11",
            "price": "29.81",
            "revenue": 393643
        },
        "2006-12": {
            "month": "2006-12",
            "price": "28.94",
            "revenue": 385093
        },
        "2007-01": {
            "month": "2007-01",
            "price": "32.05",
            "revenue": 429821
        },
        "2007-02": {
            "month": "2007-02",
            "price": "33.45",
            "revenue": 338172
        },
        "2007-03": {
            "month": "2007-03",
            "price": "33.49",
            "revenue": 428519
        },
        "2007-04": {
            "month": "2007-04",
            "price": "39.22",
            "revenue": 407960
        },
        "2007-05": {
            "month": "2007-05",
            "price": "39.82",
            "revenue": 489821
        },
        "2007-06": {
            "month": "2007-06",
            "price": "45.88",
            "revenue": 501893
        },
        "2007-07": {
            "month": "2007-07",
            "price": "47.73",
            "revenue": 515307
        },
        "2007-08": {
            "month": "2007-08",
            "price": "41.17",
            "revenue": 537119
        },
        "2007-09": {
            "month": "2007-09",
            "price": "40.29",
            "revenue": 569642
        },
        "2007-10": {
            "month": "2007-10",
            "price": "41.46",
            "revenue": 600481
        },
        "2007-11": {
            "month": "2007-11",
            "price": "35.86",
            "revenue": 516069
        },
        "2007-12": {
            "month": "2007-12",
            "price": "31.96",
            "revenue": 523429
        },
        "2008-01": {
            "month": "2008-01",
            "price": "28.34",
            "revenue": 553782
        },
        "2008-02": {
            "month": "2008-02",
            "price": "29.99",
            "revenue": 462164
        },
        "2008-03": {
            "month": "2008-03",
            "price": "31.52",
            "revenue": 541478
        },
        "2008-04": {
            "month": "2008-04",
            "price": "32.81",
            "revenue": 542005
        },
        "2008-05": {
            "month": "2008-05",
            "price": "35.82",
            "revenue": 473524
        },
        "2008-06": {
            "month": "2008-06",
            "price": "29.32",
            "revenue": 504437
        },
        "2008-07": {
            "month": "2008-07",
            "price": "22.87",
            "revenue": 434434
        },
        "2008-08": {
            "month": "2008-08",
            "price": "20.28",
            "revenue": 420023
        },
        "2008-09": {
            "month": "2008-09",
            "price": "14.93",
            "revenue": 449597
        },
        "2008-10": {
            "month": "2008-10",
            "price": "12.16",
            "revenue": 437358
        },
        "2008-11": {
            "month": "2008-11",
            "price": "8.84",
            "revenue": 277815
        },
        "2008-12": {
            "month": "2008-12",
            "price": "8.31",
            "revenue": 167095
        },
        "2009-01": {
            "month": "2009-01",
            "price": "8.62",
            "revenue": 133594
        },
        "2009-02": {
            "month": "2009-02",
            "price": "10.42",
            "revenue": 212433
        },
        "2009-03": {
            "month": "2009-03",
            "price": "12.73",
            "revenue": 289845
        },
        "2009-04": {
            "month": "2009-04",
            "price": "14.56",
            "revenue": 383725
        },
        "2009-05": {
            "month": "2009-05",
            "price": "19.02",
            "revenue": 453369
        },
        "2009-06": {
            "month": "2009-06",
            "price": "21.50",
            "revenue": 501153
        },
        "2009-07": {
            "month": "2009-07",
            "price": "27.38",
            "revenue": 610012
        },
        "2009-08": {
            "month": "2009-08",
            "price": "28.63",
            "revenue": 640513
        },
        "2009-09": {
            "month": "2009-09",
            "price": "27.08",
            "revenue": 626317
        },
        "2009-10": {
            "month": "2009-10",
            "price": "26.18",
            "revenue": 467945
        },
        "2009-11": {
            "month": "2009-11",
            "price": "24.72",
            "revenue": 400101
        },
        "2009-12": {
            "month": "2009-12",
            "price": "28.18",
            "revenue": 491898
        },
        "2010-01": {
            "month": "2010-01",
            "price": "30.90",
            "revenue": 608039
        },
        "2010-02": {
            "month": "2010-02",
            "price": "30.44",
            "revenue": 602358
        },
        "2010-03": {
            "month": "2010-03",
            "price": "36.39",
            "revenue": 800857
        },
        "2010-04": {
            "month": "2010-04",
            "price": "42.75",
            "revenue": 1207673
        },
        "2010-05": {
            "month": "2010-05",
            "price": "47.07",
            "revenue": 1240444
        },
        "2010-06": {
            "month": "2010-06",
            "price": "46.21",
            "revenue": 1244133
        },
        "2010-07": {
            "month": "2010-07",
            "price": "46.62",
            "revenue": 1271362
        },
        "2010-08": {
            "month": "2010-08",
            "price": "43.72",
            "revenue": 1225729
        },
        "2010-09": {
            "month": "2010-09",
            "price": "43.68",
            "revenue": 1200189
        },
        "2010-10": {
            "month": "2010-10",
            "price": "45.95",
            "revenue": 1085000
        },
        "2010-11": {
            "month": "2010-11",
            "price": "46.01",
            "revenue": 1025258
        },
        "2010-12": {
            "month": "2010-12",
            "price": "53.30",
            "revenue": 1009617
        },
        "2011-01": {
            "month": "2011-01",
            "price": "52.91",
            "revenue": 1148345
        },
        "2011-02": {
            "month": "2011-02",
            "price": "52.28",
            "revenue": 980340
        },
        "2011-03": {
            "month": "2011-03",
            "price": "45.90",
            "revenue": 1144348
        },
        "2011-04": {
            "month": "2011-04",
            "price": "43.00",
            "revenue": 1073316
        },
        "2011-05": {
            "month": "2011-05",
            "price": "45.56",
            "revenue": 1246863
        },
        "2011-06": {
            "month": "2011-06",
            "price": "45.03",
            "revenue": 1123196
        },
        "2011-07": {
            "month": "2011-07",
            "price": "36.67",
            "revenue": 1126801
        },
        "2011-08": {
            "month": "2011-08",
            "price": "25.82",
            "revenue": 1049915
        },
        "2011-09": {
            "month": "2011-09",
            "price": "26.98",
            "revenue": 1024514
        },
        "2011-10": {
            "month": "2011-10",
            "price": "26.20",
            "revenue": 1127873
        },
        "2011-11": {
            "month": "2011-11",
            "price": "30.07",
            "revenue": 1055595
        },
        "2011-12": {
            "month": "2011-12",
            "price": "30.38",
            "revenue": 1124867
        },
        "2012-01": {
            "month": "2012-01",
            "price": "31.97",
            "revenue": 1076451
        },
        "2012-02": {
            "month": "2012-02",
            "price": "36.35",
            "revenue": 1087179
        },
        "2012-03": {
            "month": "2012-03",
            "price": "36.33",
            "revenue": 1172031
        },
        "2012-04": {
            "month": "2012-04",
            "price": "37.75",
            "revenue": 1217633
        },
        "2012-05": {
            "month": "2012-05",
            "price": "39.46",
            "revenue": 1252864
        },
        "2012-06": {
            "month": "2012-06",
            "price": "38.50",
            "revenue": 1159350
        },
        "2012-07": {
            "month": "2012-07",
            "price": "39.47",
            "revenue": 1266946
        },
        "2012-08": {
            "month": "2012-08",
            "price": "40.44",
            "revenue": 1275883
        },
        "2012-09": {
            "month": "2012-09",
            "price": "45.74",
            "revenue": 1335440
        },
        "2012-10": {
            "month": "2012-10",
            "price": "47.60",
            "revenue": 1338586
        },
        "2012-11": {
            "month": "2012-11",
            "price": "52.65",
            "revenue": 1380887
        },
        "2012-12": {
            "month": "2012-12",
            "price": "57.06",
            "revenue": 1449508
        },
        "2013-01": {
            "month": "2013-01",
            "price": "58.78",
            "revenue": 1360399
        },
        "2013-02": {
            "month": "2013-02",
            "price": "59.97",
            "revenue": 1149036
        },
        "2013-03": {
            "month": "2013-03",
            "price": "65.97",
            "revenue": 1338340
        },
        "2013-04": {
            "month": "2013-04",
            "price": "68.21",
            "revenue": 1333460
        },
        "2013-05": {
            "month": "2013-05",
            "price": "79.62",
            "revenue": 1452358
        },
        "2013-06": {
            "month": "2013-06",
            "price": "75.47",
            "revenue": 1353770
        },
        "2013-07": {
            "month": "2013-07",
            "price": "71.10",
            "revenue": 1358120
        },
        "2013-08": {
            "month": "2013-08",
            "price": "63.73",
            "revenue": 1322016
        },
        "2013-09": {
            "month": "2013-09",
            "price": "65.30",
            "revenue": 1307566
        },
        "2013-10": {
            "month": "2013-10",
            "price": "59.74",
            "revenue": 1359948
        },
        "2013-11": {
            "month": "2013-11",
            "price": "57.28",
            "revenue": 1214939
        },
        "2013-12": {
            "month": "2013-12",
            "price": "51.90",
            "revenue": 1261291
        },
        "2014-01": {
            "month": "2014-01",
            "price": "46.69",
            "revenue": 1310772
        },
        "2014-02": {
            "month": "2014-02",
            "price": "50.86",
            "revenue": 1340224
        },
        "2014-03": {
            "month": "2014-03",
            "price": "52.52",
            "revenue": 1509950
        },
        "2014-04": {
            "month": "2014-04",
            "price": "54.56",
            "revenue": 1460106
        },
        "2014-05": {
            "month": "2014-05",
            "price": "52.29",
            "revenue": 1461015
        },
        "2014-06": {
            "month": "2014-06",
            "price": "52.76",
            "revenue": 1416257
        },
        "2014-07": {
            "month": "2014-07",
            "price": "51.01",
            "revenue": 1515547
        },
        "2014-08": {
            "month": "2014-08",
            "price": "49.80",
            "revenue": 1561522
        },
        "2014-09": {
            "month": "2014-09",
            "price": "54.67",
            "revenue": 1607903
        },
        "2014-10": {
            "month": "2014-10",
            "price": "55.66",
            "revenue": 1545561
        },
        "2014-11": {
            "month": "2014-11",
            "price": "58.90",
            "revenue": 1487792
        },
        "2014-12": {
            "month": "2014-12",
            "price": "56.85",
            "revenue": 1466406
        },
        "2015-01": {
            "month": "2015-01",
            "price": "62.82",
            "revenue": 1507088
        },
        "2015-02": {
            "month": "2015-02",
            "price": "62.63",
            "revenue": 1306040
        },
        "2015-03": {
            "month": "2015-03",
            "price": "63.98",
            "revenue": 1504150
        },
        "2015-04": {
            "month": "2015-04",
            "price": "63.72",
            "revenue": 1464507
        },
        "2015-05": {
            "month": "2015-05",
            "price": "69.38",
            "revenue": 1439556
        },
        "2015-06": {
            "month": "2015-06",
            "price": "68.00",
            "revenue": 1383995
        },
        "2015-07": {
            "month": "2015-07",
            "price": "53.49",
            "revenue": 1454592
        },
        "2015-08": {
            "month": "2015-08",
            "price": "48.01",
            "revenue": 1460844
        },
        "2015-09": {
            "month": "2015-09",
            "price": "48.99",
            "revenue": 1401325
        },
        "2015-10": {
            "month": "2015-10",
            "price": "48.10",
            "revenue": 1417792
        },
        "2015-11": {
            "month": "2015-11",
            "price": "50.80",
            "revenue": 1387896
        },
        "2015-12": {
            "month": "2015-12",
            "price": "47.68",
            "revenue": 1135524
        },
        "2016-01": {
            "month": "2016-01",
            "price": "43.07",
            "revenue": 1348721
        },
        "2016-02": {
            "month": "2016-02",
            "price": "49.97",
            "revenue": 1084508
        },
        "2016-03": {
            "month": "2016-03",
            "price": "54.10",
            "revenue": 1300692
        },
        "2016-04": {
            "month": "2016-04",
            "price": "46.24",
            "revenue": 1150597
        },
        "2016-05": {
            "month": "2016-05",
            "price": "40.59",
            "revenue": 1420002
        },
        "2016-06": {
            "month": "2016-06",
            "price": "41.48",
            "revenue": 1420047
        },
        "2016-07": {
            "month": "2016-07",
            "price": "42.70",
            "revenue": 1500509
        },
        "2016-08": {
            "month": "2016-08",
            "price": "41.78",
            "revenue": 1550225
        },
        "2016-09": {
            "month": "2016-09",
            "price": "44.09",
            "revenue": 1609375
        },
        "2016-10": {
            "month": "2016-10",
            "price": "45.42",
            "revenue": 1617260
        },
        "2016-11": {
            "month": "2016-11",
            "price": "44.73",
            "revenue": 1625043
        },
        "2016-12": {
            "month": "2016-12",
            "price": "45.31",
            "revenue": 1629256
        },
        "2017-01": {
            "month": "2017-01",
            "price": "46.15",
            "revenue": 1456643
        },
        "2017-02": {
            "month": "2017-02",
            "price": "47.48",
            "revenue": 1319114
        },
        "2017-03": {
            "month": "2017-03",
            "price": "48.18",
            "revenue": 1453639
        },
        "2017-04": {
            "month": "2017-04",
            "price": "46.63",
            "revenue": 1376858
        },
        "2017-05": {
            "month": "2017-05",
            "price": "44.47",
            "revenue": 1372339
        },
        "2017-06": {
            "month": "2017-06",
            "price": "45.41",
            "revenue": 1577739
        },
        "2017-07": {
            "month": "2017-07",
            "price": "49.22",
            "revenue": 1631512
        },
        "2017-08": {
            "month": "2017-08",
            "price": "49.49",
            "revenue": 1681162
        },
        "2017-09": {
            "month": "2017-09",
            "price": "50.93",
            "revenue": 1682282
        },
        "2017-10": {
            "month": "2017-10",
            "price": "54.98",
            "revenue": 1683276
        },
        "2017-11": {
            "month": "2017-11",
            "price": "58.00",
            "revenue": 1639034
        },
        "2017-12": {
            "month": "2017-12",
            "price": "57.38",
            "revenue": 1553959
        },
        "2018-01": {
            "month": "2018-01",
            "price": "62.78",
            "revenue": 1427098
        },
        "2018-02": {
            "month": "2018-02",
            "price": "65.35",
            "revenue": 1102694
        },
        "2018-03": {
            "month": "2018-03",
            "price": "68.44",
            "revenue": 1320977
        },
        "2018-04": {
            "month": "2018-04",
            "price": "62.53",
            "revenue": 1256631
        },
        "2018-05": {
            "month": "2018-05",
            "price": "62.50",
            "revenue": 1392562
        },
        "2018-06": {
            "month": "2018-06",
            "price": "63.60",
            "revenue": 1604154
        },
        "2018-07": {
            "month": "2018-07",
            "price": "66.55",
            "revenue": 1699541
        },
        "2018-08": {
            "month": "2018-08",
            "price": "65.54",
            "revenue": 1803203
        },
        "2018-09": {
            "month": "2018-09",
            "price": "64.88",
            "revenue": 1811646
        },
        "2018-10": {
            "month": "2018-10",
            "price": "56.64",
            "revenue": 1815076
        },
        "2018-11": {
            "month": "2018-11",
            "price": "56.32",
            "revenue": 1743044
        },
        "2018-12": {
            "month": "2018-12",
            "price": "61.24",
            "revenue": 1748644
        },
        "2019-01": {
            "month": "2019-01",
            "price": "61.99",
            "revenue": 1754519
        },
        "2019-02": {
            "month": "2019-02",
            "price": "67.32",
            "revenue": 1352607
        },
        "2019-03": {
            "month": "2019-03",
            "price": "70.24",
            "revenue": 1564240
        },
        "2019-04": {
            "month": "2019-04",
            "price": "71.18",
            "revenue": 1427037
        },
        "2019-05": {
            "month": "2019-05",
            "price": "64.41",
            "revenue": 1764796
        },
        "2019-06": {
            "month": "2019-06",
            "price": "58.54",
            "revenue": 1851368
        },
        "2019-07": {
            "month": "2019-07",
            "price": "65.41",
            "revenue": 1853215
        },
        "2019-08": {
            "month": "2019-08",
            "price": "61.79",
            "revenue": 1793269
        },
        "2019-09": {
            "month": "2019-09",
            "price": "61.13",
            "revenue": 1802316
        },
        "2019-10": {
            "month": "2019-10",
            "price": "59.40",
            "revenue": 1737354
        },
        "2019-11": {
            "month": "2019-11",
            "price": "61.35",
            "revenue": 1660180
        },
        "2019-12": {
            "month": "2019-12",
            "price": "66.00",
            "revenue": 1858591
        },
        "2020-01": {
            "month": "2020-01",
            "price": "65.09",
            "revenue": 1806907
        },
        "2020-02": {
            "month": "2020-02",
            "price": "60.46",
            "revenue": 1695359
        },
        "2020-03": {
            "month": "2020-03",
            "price": "52.90",
            "revenue": 1824800
        },
        "2020-04": {
            "month": "2020-04",
            "price": "53.64",
            "revenue": 1727853
        },
        "2020-05": {
            "month": "2020-05",
            "price": "59.94",
            "revenue": 1612811
        },
        "2020-06": {
            "month": "2020-06",
            "price": "62.28",
            "revenue": 1674402
        },
        "2020-07": {
            "month": "2020-07",
            "price": "63.75",
            "revenue": 1855593
        },
        "2020-08": {
            "month": "2020-08",
            "price": "57.33",
            "revenue": 1910989
        },
        "2020-09": {
            "month": "2020-09",
            "price": "59.90",
            "revenue": 2006483
        },
        "2020-10": {
            "month": "2020-10",
            "price": "62.18",
            "revenue": 2031325
        },
        "2020-11": {
            "month": "2020-11",
            "price": "64.40",
            "revenue": 2000616
        },
        "2020-12": {
            "month": "2020-12",
            "price": "66.36",
            "revenue": 2128146
        },
        "2021-01": {
            "month": "2021-01",
            "price": "71.90",
            "revenue": 2125902
        },
        "2021-02": {
            "month": "2021-02",
            "price": "72.94",
            "revenue": 2052055
        },
        "2021-03": {
            "month": "2021-03",
            "price": "74.74",
            "revenue": 2240950
        },
        "2021-04": {
            "month": "2021-04",
            "price": "77.15",
            "revenue": 2272739
        },
        "2021-05": {
            "month": "2021-05",
            "price": "67.55",
            "revenue": 2347356
        },
        "2021-06": {
            "month": "2021-06",
            "price": "69.87",
            "revenue": 2350941
        },
        "2021-07": {
            "month": "2021-07",
            "price": "73.44",
            "revenue": 2362546
        },
        "2021-08": {
            "month": "2021-08",
            "price": "75.82",
            "revenue": 2405662
        },
        "2021-09": {
            "month": "2021-09",
            "price": "73.24",
            "revenue": 2338260
        },
        "2021-10": {
            "month": "2021-10",
            "price": "63.50",
            "revenue": 2128595
        },
        "2021-11": {
            "month": "2021-11",
            "price": "66.41",
            "revenue": 2151640
        },
        "2021-12": {
            "month": "2021-12",
            "price": "66.45",
            "revenue": 2305394
        },
        "2022-01": {
            "month": "2022-01",
            "price": "68.11",
            "revenue": 2285067
        },
        "2022-02": {
            "month": "2022-02",
            "price": "68.57",
            "revenue": 2070229
        },
        "2022-03": {
            "month": "2022-03",
            "price": "70.64",
            "revenue": 2389388
        },
        "2022-04": {
            "month": "2022-04",
            "price": "67.65",
            "revenue": 2257468
        },
        "2022-05": {
            "month": "2022-05",
            "price": "68.28",
            "revenue": 2254143
        },
        "2022-06": {
            "month": "2022-06",
            "price": "66.80",
            "revenue": 2117666
        },
        "2022-07": {
            "month": "2022-07",
            "price": "56.12",
            "revenue": 1826254
        },
        "2022-08": {
            "month": "2022-08",
            "price": "56.20",
            "revenue": 1701428
        },
        "2022-09": {
            "month": "2022-09",
            "price": "54.05",
            "revenue": 1725419
        },
        "2022-10": {
            "month": "2022-10",
            "price": "52.17",
            "revenue": 1747557
        },
        "2022-11": {
            "month": "2022-11",
            "price": "57.40",
            "revenue": 1905209
        },
        "2022-12": {
            "month": "2022-12",
            "price": "58.74",
            "revenue": 1730329
        },
        "2023-01": {
            "month": "2023-01",
            "price": "59.98",
            "revenue": 1431088
        },
        "2023-02": {
            "month": "2023-02",
            "price": "64.16",
            "revenue": 1403800
        },
        "2023-03": {
            "month": "2023-03",
            "price": "69.83",
            "revenue": 1768124
        },
        "2023-04": {
            "month": "2023-04",
            "price": "68.00",
            "revenue": 1694281
        },
        "2023-05": {
            "month": "2023-05",
            "price": "65.74",
            "revenue": 1901312
        },
        "2023-06": {
            "month": "2023-06",
            "price": "66.47",
            "revenue": 1875143
        },
        "2023-07": {
            "month": "2023-07",
            "price": "65.60",
            "revenue": 1735030
        },
        "2023-08": {
            "month": "2023-08",
            "price": "67.93",
            "revenue": 1747132
        }
    }
}
