{
    "summary": {
        "stock_name": "驊宏資",
        "stock_id": "6148",
        "category": "資訊服務",
        "main_business": "電腦主機及儲存設備<br>網通設備<br>工程收入",
        "website_url": "http://www.azion.com.tw",
        "ceo": "廖文鐸",
        "pe_ratio": 22,
        "report_year_from": 2001,
        "report_year_to": 2023,
        "age": 22,
        "eps_negative_percentage": 30,
        "eps_growth_avg": {
            "last_all": -37.7,
            "last_2y": 19.33,
            "last_4y": 8.48,
            "last_8y": -24.73,
            "last_12y": -23.19,
            "last_16y": -35.23,
            "last_20y": -37.7,
            "at_2006_last_3y": -100,
            "at_2007_last_3y": -90.91,
            "at_2008_last_3y": -95.45,
            "at_2009_last_3y": -95.45,
            "at_2010_last_3y": -96.97,
            "at_2011_last_3y": -100,
            "at_2012_last_3y": -69.09,
            "at_2013_last_3y": -19.59,
            "at_2014_last_3y": 8.83,
            "at_2015_last_3y": -16.46,
            "at_2016_last_3y": -31.91,
            "at_2017_last_3y": -69.02,
            "at_2018_last_3y": -96.15,
            "at_2019_last_3y": -62.03,
            "at_2020_last_3y": 30.47,
            "at_2021_last_3y": 16.41,
            "at_2022_last_3y": 8.48,
            "at_2023_last_3y": 8.48,
            "at_2006_last_all": -52.49,
            "at_2007_last_all": -65.3,
            "at_2008_last_all": -73.97,
            "at_2009_last_all": -73.97,
            "at_2010_last_all": -79.18,
            "at_2011_last_all": -79.18,
            "at_2012_last_all": -72.35,
            "at_2013_last_all": -50.67,
            "at_2014_last_all": -46.18,
            "at_2015_last_all": -51.3,
            "at_2016_last_all": -56.17,
            "at_2017_last_all": -56.17,
            "at_2018_last_all": -56.17,
            "at_2019_last_all": -53.25,
            "at_2020_last_all": -41.73,
            "at_2021_last_all": -39.42,
            "at_2022_last_all": -37.7,
            "at_2023_last_all": -37.7
        },
        "latest_eps": 1.46,
        "latest_price": 32.15,
        "latest_roe": 12.77,
        "latest_gross_margin": 25.34,
        "latest_equity": 556316,
        "latest_revenue": 327511,
        "latest_gross_profit": 83002,
        "latest_net_income": 35345,
        "latest_debt_ratio": 49.64,
        "latest_current_ratio": 160.75,
        "latest_account_receivable_turnover_ratio": 1.2,
        "latest_inventory_turnover_ratio": 2.12,
        "latest_reinvestment_rate": 3.38,
        "latest_research_to_sale_ratio": 0.25
    },
    "eps_dividends": {
        "2000": {
            "cash": 0,
            "stock": 2,
            "eps": 0
        },
        "2001": {
            "cash": 0,
            "stock": 2,
            "eps": 2.61
        },
        "2002": {
            "cash": 0,
            "stock": 1.9,
            "eps": 2.48
        },
        "2003": {
            "cash": 0.3,
            "stock": 2,
            "eps": -1.77
        },
        "2004": {
            "cash": 0,
            "stock": 0,
            "eps": -2.27
        },
        "2005": {
            "cash": 0,
            "stock": 0,
            "eps": -5.62
        },
        "2006": {
            "cash": 0,
            "stock": 0,
            "eps": 0.33
        },
        "2007": {
            "cash": 0,
            "stock": 0,
            "eps": 0.03
        },
        "2008": {
            "cash": 0,
            "stock": 0,
            "eps": -1.33
        },
        "2009": {
            "cash": 0,
            "stock": 0,
            "eps": 0.04
        },
        "2010": {
            "cash": 0,
            "stock": 0,
            "eps": -0.5
        },
        "2011": {
            "cash": 0,
            "stock": 0,
            "eps": 0.55
        },
        "2012": {
            "cash": 0,
            "stock": 0,
            "eps": 0.34
        },
        "2013": {
            "cash": 0,
            "stock": 0,
            "eps": 0.61
        },
        "2014": {
            "cash": 0,
            "stock": 0,
            "eps": 0.52
        },
        "2015": {
            "cash": 0.23,
            "stock": 0.23,
            "eps": 0.04
        },
        "2016": {
            "cash": 0,
            "stock": 0,
            "eps": -1.52
        },
        "2017": {
            "cash": 0,
            "stock": 0,
            "eps": -1.34
        },
        "2018": {
            "cash": 0,
            "stock": 0,
            "eps": 0.79
        },
        "2019": {
            "cash": 0.97,
            "stock": 0,
            "eps": 0.6
        },
        "2020": {
            "cash": 0.3,
            "stock": 0,
            "eps": 1.11
        },
        "2021": {
            "cash": 0.81,
            "stock": 0,
            "eps": 0.98
        },
        "2022": {
            "cash": 1,
            "stock": 0,
            "eps": 0.83
        },
        "2023": {
            "cash": 0.75,
            "stock": 0,
            "eps": 0.88
        }
    },
    "dividends": {
        "2000-04-28": {
            "cash": 0,
            "stock": 2
        },
        "2001-05-02": {
            "cash": 0,
            "stock": 2
        },
        "2002-04-25": {
            "cash": 0,
            "stock": 1.9
        },
        "2003-06-25": {
            "cash": 0.3,
            "stock": 2
        },
        "2015-09-14": {
            "cash": 0.23,
            "stock": 0.23
        },
        "2019-08-09": {
            "cash": 0.97,
            "stock": 0
        },
        "2020-08-31": {
            "cash": 0.3,
            "stock": 0
        },
        "2021-05-10": {
            "cash": 0.81,
            "stock": 0
        },
        "2022-05-09": {
            "cash": 1,
            "stock": 0
        },
        "2023-05-08": {
            "cash": 0.75,
            "stock": 0
        }
    },
    "prices": {
        "200101": "無",
        "200102": "無",
        "200103": "無",
        "200104": "無",
        "200105": "無",
        "200106": "無",
        "200107": "無",
        "200108": "無",
        "200109": "無",
        "200110": "無",
        "200111": "無",
        "200112": "無",
        "200201": "無",
        "200202": "40.34",
        "200203": "46.72",
        "200204": "46.00",
        "200205": "37.32",
        "200206": "34.38",
        "200207": "26.85",
        "200208": "25.34",
        "200209": "27.69",
        "200210": "29.99",
        "200211": "28.77",
        "200212": "23.14",
        "200301": "21.62",
        "200302": "20.00",
        "200303": "17.98",
        "200304": "17.41",
        "200305": "13.74",
        "200306": "15.91",
        "200307": "18.52",
        "200308": "15.34",
        "200309": "11.28",
        "200310": "11.05",
        "200311": "11.02",
        "200312": "10.83",
        "200401": "11.34",
        "200402": "12.45",
        "200403": "11.57",
        "200404": "10.88",
        "200405": "8.34",
        "200406": "6.88",
        "200407": "5.20",
        "200408": "5.07",
        "200409": "4.67",
        "200410": "4.61",
        "200411": "4.62",
        "200412": "4.70",
        "200501": "3.84",
        "200502": "3.89",
        "200503": "4.28",
        "200504": "3.66",
        "200505": "3.59",
        "200506": "5.46",
        "200507": "6.05",
        "200508": "5.87",
        "200509": "5.52",
        "200510": "5.15",
        "200511": "5.41",
        "200512": "5.57",
        "200601": "5.22",
        "200602": "4.85",
        "200603": "4.26",
        "200604": "4.36",
        "200605": "4.93",
        "200606": "5.20",
        "200607": "5.63",
        "200608": "6.05",
        "200609": "5.94",
        "200610": "5.95",
        "200611": "6.11",
        "200612": "7.23",
        "200701": "7.73",
        "200702": "6.96",
        "200703": "7.39",
        "200704": "8.15",
        "200705": "7.61",
        "200706": "7.11",
        "200707": "8.34",
        "200708": "6.73",
        "200709": "6.82",
        "200710": "6.08",
        "200711": "5.15",
        "200712": "4.56",
        "200801": "4.90",
        "200802": "4.89",
        "200803": "4.96",
        "200804": "4.90",
        "200805": "5.38",
        "200806": "4.55",
        "200807": "3.47",
        "200808": "3.17",
        "200809": "2.55",
        "200810": "2.22",
        "200811": "1.82",
        "200812": "1.79",
        "200901": "1.94",
        "200902": "1.94",
        "200903": "2.58",
        "200904": "3.02",
        "200905": "2.48",
        "200906": "2.80",
        "200907": "3.01",
        "200908": "3.42",
        "200909": "3.50",
        "200910": "5.19",
        "200911": "5.48",
        "200912": "6.41",
        "201001": "7.52",
        "201002": "6.24",
        "201003": "7.02",
        "201004": "8.15",
        "201005": "8.27",
        "201006": "7.88",
        "201007": "9.59",
        "201008": "10.51",
        "201009": "9.09",
        "201010": "8.08",
        "201011": "7.16",
        "201012": "7.94",
        "201101": "7.99",
        "201102": "7.82",
        "201103": "7.44",
        "201104": "7.06",
        "201105": "7.99",
        "201106": "7.99",
        "201107": "7.11",
        "201108": "5.63",
        "201109": "5.24",
        "201110": "5.08",
        "201111": "5.47",
        "201112": "4.58",
        "201201": "5.06",
        "201202": "6.16",
        "201203": "5.94",
        "201204": "5.47",
        "201205": "5.40",
        "201206": "5.12",
        "201207": "5.24",
        "201208": "5.65",
        "201209": "6.37",
        "201210": "5.79",
        "201211": "5.08",
        "201212": "5.28",
        "201301": "5.37",
        "201302": "5.33",
        "201303": "5.47",
        "201304": "6.00",
        "201305": "6.28",
        "201306": "6.28",
        "201307": "6.09",
        "201308": "6.35",
        "201309": "6.81",
        "201310": "6.83",
        "201311": "6.53",
        "201312": "6.66",
        "201401": "7.33",
        "201402": "8.35",
        "201403": "8.67",
        "201404": "10.19",
        "201405": "9.70",
        "201406": "10.01",
        "201407": "11.35",
        "201408": "10.46",
        "201409": "9.44",
        "201410": "8.39",
        "201411": "8.18",
        "201412": "8.89",
        "201501": "9.11",
        "201502": "8.98",
        "201503": "9.26",
        "201504": "9.37",
        "201505": "8.79",
        "201506": "8.01",
        "201507": "7.88",
        "201508": "7.29",
        "201509": "6.96",
        "201510": "7.56",
        "201511": "7.76",
        "201512": "8.05",
        "201601": "7.30",
        "201602": "7.81",
        "201603": "8.12",
        "201604": "7.55",
        "201605": "7.38",
        "201606": "7.14",
        "201607": "7.03",
        "201608": "6.95",
        "201609": "6.85",
        "201610": "6.45",
        "201611": "5.56",
        "201612": "5.01",
        "201701": "5.18",
        "201702": "5.52",
        "201703": "5.83",
        "201704": "5.49",
        "201705": "4.88",
        "201706": "4.81",
        "201707": "4.94",
        "201708": "4.95",
        "201709": "5.26",
        "201710": "5.12",
        "201711": "4.84",
        "201712": "4.79",
        "201801": "5.05",
        "201802": "5.28",
        "201803": "6.26",
        "201804": "6.89",
        "201805": "6.80",
        "201806": "6.73",
        "201807": "6.63",
        "201808": "6.51",
        "201809": "6.53",
        "201810": "8.24",
        "201811": "8.75",
        "201812": "9.76",
        "201901": "9.75",
        "201902": "10.06",
        "201903": "11.68",
        "201904": "11.19",
        "201905": "11.15",
        "201906": "12.37",
        "201907": "11.98",
        "201908": "11.41",
        "201909": "11.39",
        "201910": "11.58",
        "201911": "10.85",
        "201912": "10.19",
        "202001": "9.92",
        "202002": "9.29",
        "202003": "8.26",
        "202004": "8.99",
        "202005": "10.17",
        "202006": "10.11",
        "202007": "10.24",
        "202008": "10.72",
        "202009": "14.42",
        "202010": "17.44",
        "202011": "16.58",
        "202012": "15.56",
        "202101": "14.28",
        "202102": "14.49",
        "202103": "16.13",
        "202104": "17.43",
        "202105": "14.08",
        "202106": "13.35",
        "202107": "13.17",
        "202108": "13.29",
        "202109": "13.55",
        "202110": "13.72",
        "202111": "13.92",
        "202112": "14.81",
        "202201": "15.08",
        "202202": "14.29",
        "202203": "14.62",
        "202204": "14.01",
        "202205": "13.12",
        "202206": "12.98",
        "202207": "12.02",
        "202208": "13.09",
        "202209": "12.74",
        "202210": "11.54",
        "202211": "12.92",
        "202212": "12.71",
        "202301": "12.81",
        "202302": "14.27",
        "202303": "17.62",
        "202304": "27.27",
        "202305": "38.96",
        "202306": "43.03",
        "202307": "41.23",
        "202308": "35.99",
        "202309": "31.93",
        "202310": "33.16"
    },
    "quarters": {
        "20011": {
            "year_quarter": 20011,
            "year": 2001,
            "quarter": 1,
            "eps": 0.85,
            "eps_growth_year": null,
            "eps_4q": null,
            "eps_4q_growth_year": null,
            "roe": 4.22,
            "roe_4q": 4.22,
            "gross_profit": 47751,
            "gross_margin": 19.95,
            "gross_margin_4q_avg": 19.95,
            "net_income": 15325,
            "net_income_4q": null,
            "revenue": 239372,
            "revenue_4q": null,
            "common_shares": 180000,
            "book_valuer_per_share": 20.6,
            "book_valuer_per_share_4q_avg": 20.6,
            "equity": 370747,
            "current_ratio": 177.59,
            "debt_ratio": 55.54,
            "inventory_turnover_ratio": 0.94,
            "account_receivable_turnover_ratio": null,
            "reinvestment_rate": null,
            "research_to_sale_ratio": null,
            "price_fair": 0,
            "eps_avg_yearly": 0,
            "eps_latest_yearly": 0,
            "eps_growth_yearly": 0
        },
        "20012": {
            "year_quarter": 20012,
            "year": 2001,
            "quarter": 2,
            "eps": 0.7,
            "eps_growth_year": null,
            "eps_4q": null,
            "eps_4q_growth_year": null,
            "roe": 4.03,
            "roe_4q": 8.25,
            "gross_profit": 59241,
            "gross_margin": 19.94,
            "gross_margin_4q_avg": 19.95,
            "net_income": 15236,
            "net_income_4q": null,
            "revenue": 297090,
            "revenue_4q": null,
            "common_shares": 217230,
            "book_valuer_per_share": 17.75,
            "book_valuer_per_share_4q_avg": 19.18,
            "equity": 385573,
            "current_ratio": 167.55,
            "debt_ratio": 55.63,
            "inventory_turnover_ratio": 0.93,
            "account_receivable_turnover_ratio": null,
            "reinvestment_rate": null,
            "research_to_sale_ratio": null,
            "price_fair": 0,
            "eps_avg_yearly": 0,
            "eps_latest_yearly": 0,
            "eps_growth_yearly": 0
        },
        "20013": {
            "year_quarter": 20013,
            "year": 2001,
            "quarter": 3,
            "eps": 0.64,
            "eps_growth_year": null,
            "eps_4q": null,
            "eps_4q_growth_year": null,
            "roe": 3.57,
            "roe_4q": 11.82,
            "gross_profit": 55950,
            "gross_margin": 14.45,
            "gross_margin_4q_avg": 18.11,
            "net_income": 14010,
            "net_income_4q": null,
            "revenue": 387247,
            "revenue_4q": null,
            "common_shares": 217230,
            "book_valuer_per_share": 18.39,
            "book_valuer_per_share_4q_avg": 18.91,
            "equity": 399583,
            "current_ratio": 264.18,
            "debt_ratio": 36.57,
            "inventory_turnover_ratio": 2.24,
            "account_receivable_turnover_ratio": null,
            "reinvestment_rate": null,
            "research_to_sale_ratio": null,
            "price_fair": 0,
            "eps_avg_yearly": 0,
            "eps_latest_yearly": 0,
            "eps_growth_yearly": 0
        },
        "20014": {
            "year_quarter": 20014,
            "year": 2001,
            "quarter": 4,
            "eps": 0.42,
            "eps_growth_year": null,
            "eps_4q": 2.47,
            "eps_4q_growth_year": null,
            "roe": 2.26,
            "roe_4q": 14.079999999999998,
            "gross_profit": 61425,
            "gross_margin": 24.02,
            "gross_margin_4q_avg": 19.59,
            "net_income": 9126,
            "net_income_4q": null,
            "revenue": 255750,
            "revenue_4q": null,
            "common_shares": 217230,
            "book_valuer_per_share": 18.81,
            "book_valuer_per_share_4q_avg": 18.89,
            "equity": 408709,
            "current_ratio": 187.31,
            "debt_ratio": 48.06,
            "inventory_turnover_ratio": 1.34,
            "account_receivable_turnover_ratio": null,
            "reinvestment_rate": null,
            "research_to_sale_ratio": null,
            "price_fair": 0,
            "eps_avg_yearly": 0,
            "eps_latest_yearly": 0,
            "eps_growth_yearly": 0
        },
        "20021": {
            "year_quarter": 20021,
            "year": 2002,
            "quarter": 1,
            "eps": 0.73,
            "eps_growth_year": -14.12,
            "eps_4q": 2.51,
            "eps_4q_growth_year": null,
            "roe": 3.78,
            "roe_4q": 13.64,
            "gross_profit": 65567,
            "gross_margin": 21.48,
            "gross_margin_4q_avg": 19.97,
            "net_income": 15762,
            "net_income_4q": null,
            "revenue": 305215,
            "revenue_4q": null,
            "common_shares": 217230,
            "book_valuer_per_share": 19.54,
            "book_valuer_per_share_4q_avg": 18.62,
            "equity": 424471,
            "current_ratio": 176.74,
            "debt_ratio": 50.91,
            "inventory_turnover_ratio": 1.21,
            "account_receivable_turnover_ratio": null,
            "reinvestment_rate": null,
            "research_to_sale_ratio": null,
            "price_fair": 102.2,
            "eps_avg_yearly": 2.92,
            "eps_latest_yearly": 2.92,
            "eps_growth_yearly": 295.24
        },
        "20022": {
            "year_quarter": 20022,
            "year": 2002,
            "quarter": 2,
            "eps": 0.87,
            "eps_growth_year": 24.29,
            "eps_4q": 2.36,
            "eps_4q_growth_year": null,
            "roe": 5.23,
            "roe_4q": 14.84,
            "gross_profit": 59934,
            "gross_margin": 19.24,
            "gross_margin_4q_avg": 19.8,
            "net_income": 22745,
            "net_income_4q": null,
            "revenue": 311492,
            "revenue_4q": null,
            "common_shares": 262034,
            "book_valuer_per_share": 17.01,
            "book_valuer_per_share_4q_avg": 18.44,
            "equity": 445806,
            "current_ratio": 178.1,
            "debt_ratio": 53.84,
            "inventory_turnover_ratio": 1.47,
            "account_receivable_turnover_ratio": null,
            "reinvestment_rate": null,
            "research_to_sale_ratio": null,
            "price_fair": 112,
            "eps_avg_yearly": 3.2,
            "eps_latest_yearly": 3.48,
            "eps_growth_yearly": 185.98
        },
        "20023": {
            "year_quarter": 20023,
            "year": 2002,
            "quarter": 3,
            "eps": 0.44,
            "eps_growth_year": -31.25,
            "eps_4q": 2.11,
            "eps_4q_growth_year": null,
            "roe": 2.31,
            "roe_4q": 13.58,
            "gross_profit": 59974,
            "gross_margin": 20.47,
            "gross_margin_4q_avg": 21.3,
            "net_income": 12531,
            "net_income_4q": null,
            "revenue": 292975,
            "revenue_4q": null,
            "common_shares": 322034,
            "book_valuer_per_share": 19.82,
            "book_valuer_per_share_4q_avg": 18.8,
            "equity": 638337,
            "current_ratio": 219.23,
            "debt_ratio": 43.61,
            "inventory_turnover_ratio": 1.26,
            "account_receivable_turnover_ratio": null,
            "reinvestment_rate": null,
            "research_to_sale_ratio": null,
            "price_fair": 95.2,
            "eps_avg_yearly": 2.72,
            "eps_latest_yearly": 1.76,
            "eps_growth_yearly": 58.08
        },
        "20024": {
            "year_quarter": 20024,
            "year": 2002,
            "quarter": 4,
            "eps": 0.44,
            "eps_growth_year": 4.76,
            "eps_4q": 2.19,
            "eps_4q_growth_year": -11.22,
            "roe": 1.99,
            "roe_4q": 13.31,
            "gross_profit": 62375,
            "gross_margin": 27.24,
            "gross_margin_4q_avg": 22.11,
            "net_income": 12804,
            "net_income_4q": null,
            "revenue": 229008,
            "revenue_4q": null,
            "common_shares": 322034,
            "book_valuer_per_share": 20.22,
            "book_valuer_per_share_4q_avg": 19.15,
            "equity": 651141,
            "current_ratio": 253.09,
            "debt_ratio": 39.74,
            "inventory_turnover_ratio": 0.7,
            "account_receivable_turnover_ratio": null,
            "reinvestment_rate": null,
            "research_to_sale_ratio": null,
            "price_fair": 86.8,
            "eps_avg_yearly": 2.48,
            "eps_latest_yearly": 1.76,
            "eps_growth_yearly": 43.56
        },
        "20031": {
            "year_quarter": 20031,
            "year": 2003,
            "quarter": 1,
            "eps": -1.54,
            "eps_growth_year": -310.96,
            "eps_4q": -0.05,
            "eps_4q_growth_year": -101.93,
            "roe": -7.93,
            "roe_4q": 1.600000000000001,
            "gross_profit": -26486,
            "gross_margin": -17.56,
            "gross_margin_4q_avg": 12.35,
            "net_income": -49642,
            "net_income_4q": null,
            "revenue": 150835,
            "revenue_4q": null,
            "common_shares": 322034,
            "book_valuer_per_share": 18.68,
            "book_valuer_per_share_4q_avg": 18.93,
            "equity": 601499,
            "current_ratio": 251.42,
            "debt_ratio": 40.5,
            "inventory_turnover_ratio": 0.67,
            "account_receivable_turnover_ratio": null,
            "reinvestment_rate": null,
            "research_to_sale_ratio": null,
            "price_fair": 86.8,
            "eps_avg_yearly": 2.48,
            "eps_latest_yearly": 1.76,
            "eps_growth_yearly": 43.56
        },
        "20032": {
            "year_quarter": 20032,
            "year": 2003,
            "quarter": 2,
            "eps": -0.12,
            "eps_growth_year": -113.79,
            "eps_4q": -0.88,
            "eps_4q_growth_year": -137.16,
            "roe": -0.66,
            "roe_4q": -4.289999999999999,
            "gross_profit": 37232,
            "gross_margin": 11.78,
            "gross_margin_4q_avg": 10.48,
            "net_income": -3912,
            "net_income_4q": null,
            "revenue": 316023,
            "revenue_4q": null,
            "common_shares": 322034,
            "book_valuer_per_share": 18.22,
            "book_valuer_per_share_4q_avg": 19.24,
            "equity": 586777,
            "current_ratio": 205.6,
            "debt_ratio": 46,
            "inventory_turnover_ratio": 1.08,
            "account_receivable_turnover_ratio": null,
            "reinvestment_rate": null,
            "research_to_sale_ratio": null,
            "price_fair": 86.8,
            "eps_avg_yearly": 2.48,
            "eps_latest_yearly": 1.76,
            "eps_growth_yearly": 43.56
        },
        "20033": {
            "year_quarter": 20033,
            "year": 2003,
            "quarter": 3,
            "eps": -0.41,
            "eps_growth_year": -193.18,
            "eps_4q": -1.46,
            "eps_4q_growth_year": -169.1,
            "roe": -2.78,
            "roe_4q": -9.379999999999999,
            "gross_profit": 26548,
            "gross_margin": 9.74,
            "gross_margin_4q_avg": 7.8,
            "net_income": -16082,
            "net_income_4q": null,
            "revenue": 272468,
            "revenue_4q": null,
            "common_shares": 389311,
            "book_valuer_per_share": 14.66,
            "book_valuer_per_share_4q_avg": 17.95,
            "equity": 570695,
            "current_ratio": 155.61,
            "debt_ratio": 56.28,
            "inventory_turnover_ratio": 0.92,
            "account_receivable_turnover_ratio": null,
            "reinvestment_rate": null,
            "research_to_sale_ratio": null,
            "price_fair": 86.8,
            "eps_avg_yearly": 2.48,
            "eps_latest_yearly": 1.76,
            "eps_growth_yearly": 43.56
        },
        "20034": {
            "year_quarter": 20034,
            "year": 2003,
            "quarter": 4,
            "eps": 0.3,
            "eps_growth_year": -31.82,
            "eps_4q": -1.46,
            "eps_4q_growth_year": -166.74,
            "roe": 2.05,
            "roe_4q": -9.32,
            "gross_profit": 66526,
            "gross_margin": 14.64,
            "gross_margin_4q_avg": 4.65,
            "net_income": 11841,
            "net_income_4q": null,
            "revenue": 454295,
            "revenue_4q": null,
            "common_shares": 389311,
            "book_valuer_per_share": 14.96,
            "book_valuer_per_share_4q_avg": 16.63,
            "equity": 582536,
            "current_ratio": 151.71,
            "debt_ratio": 58.85,
            "inventory_turnover_ratio": 1.42,
            "account_receivable_turnover_ratio": null,
            "reinvestment_rate": null,
            "research_to_sale_ratio": null,
            "price_fair": 86.8,
            "eps_avg_yearly": 2.48,
            "eps_latest_yearly": 1.76,
            "eps_growth_yearly": 43.56
        },
        "20041": {
            "year_quarter": 20041,
            "year": 2004,
            "quarter": 1,
            "eps": -0.62,
            "eps_growth_year": null,
            "eps_4q": -0.83,
            "eps_4q_growth_year": null,
            "roe": -4.2,
            "roe_4q": -5.59,
            "gross_profit": 19419,
            "gross_margin": 11.06,
            "gross_margin_4q_avg": 11.81,
            "net_income": -23973,
            "net_income_4q": null,
            "revenue": 175511,
            "revenue_4q": null,
            "common_shares": 389311,
            "book_valuer_per_share": 14.35,
            "book_valuer_per_share_4q_avg": 15.55,
            "equity": 558563,
            "current_ratio": 164.41,
            "debt_ratio": 51.38,
            "inventory_turnover_ratio": 0.57,
            "account_receivable_turnover_ratio": null,
            "reinvestment_rate": null,
            "research_to_sale_ratio": null,
            "price_fair": 86.8,
            "eps_avg_yearly": 2.48,
            "eps_latest_yearly": 1.76,
            "eps_growth_yearly": 43.56
        },
        "20042": {
            "year_quarter": 20042,
            "year": 2004,
            "quarter": 2,
            "eps": -0.38,
            "eps_growth_year": null,
            "eps_4q": -1.11,
            "eps_4q_growth_year": null,
            "roe": -2.7,
            "roe_4q": -7.630000000000001,
            "gross_profit": 27995,
            "gross_margin": 14.25,
            "gross_margin_4q_avg": 12.42,
            "net_income": -14896,
            "net_income_4q": null,
            "revenue": 196439,
            "revenue_4q": null,
            "common_shares": 389311,
            "book_valuer_per_share": 13.96,
            "book_valuer_per_share_4q_avg": 14.48,
            "equity": 543667,
            "current_ratio": 166.13,
            "debt_ratio": 50.97,
            "inventory_turnover_ratio": 0.71,
            "account_receivable_turnover_ratio": null,
            "reinvestment_rate": null,
            "research_to_sale_ratio": null,
            "price_fair": 86.8,
            "eps_avg_yearly": 2.48,
            "eps_latest_yearly": 1.76,
            "eps_growth_yearly": 43.56
        },
        "20043": {
            "year_quarter": 20043,
            "year": 2004,
            "quarter": 3,
            "eps": -1.1,
            "eps_growth_year": null,
            "eps_4q": -1.79,
            "eps_4q_growth_year": null,
            "roe": -8.2,
            "roe_4q": -13.049999999999997,
            "gross_profit": 11081,
            "gross_margin": 6.37,
            "gross_margin_4q_avg": 11.58,
            "net_income": -42819,
            "net_income_4q": null,
            "revenue": 173884,
            "revenue_4q": null,
            "common_shares": 389311,
            "book_valuer_per_share": 12.86,
            "book_valuer_per_share_4q_avg": 14.03,
            "equity": 500848,
            "current_ratio": 157.09,
            "debt_ratio": 53.5,
            "inventory_turnover_ratio": 0.67,
            "account_receivable_turnover_ratio": null,
            "reinvestment_rate": null,
            "research_to_sale_ratio": null,
            "price_fair": 86.8,
            "eps_avg_yearly": 2.48,
            "eps_latest_yearly": 1.76,
            "eps_growth_yearly": 43.56
        },
        "20044": {
            "year_quarter": 20044,
            "year": 2004,
            "quarter": 4,
            "eps": -0.17,
            "eps_growth_year": -156.67,
            "eps_4q": -2.27,
            "eps_4q_growth_year": null,
            "roe": -1.33,
            "roe_4q": -16.43,
            "gross_profit": 30261,
            "gross_margin": 12.22,
            "gross_margin_4q_avg": 10.98,
            "net_income": -6628,
            "net_income_4q": null,
            "revenue": 247573,
            "revenue_4q": null,
            "common_shares": 389311,
            "book_valuer_per_share": 12.69,
            "book_valuer_per_share_4q_avg": 13.47,
            "equity": 494220,
            "current_ratio": 155.55,
            "debt_ratio": 53.4,
            "inventory_turnover_ratio": 0.71,
            "account_receivable_turnover_ratio": null,
            "reinvestment_rate": null,
            "research_to_sale_ratio": null,
            "price_fair": 86.8,
            "eps_avg_yearly": 2.48,
            "eps_latest_yearly": 1.76,
            "eps_growth_yearly": 43.56
        },
        "20051": {
            "year_quarter": 20051,
            "year": 2005,
            "quarter": 1,
            "eps": -0.2,
            "eps_growth_year": null,
            "eps_4q": -1.87,
            "eps_4q_growth_year": null,
            "roe": -1.57,
            "roe_4q": -13.8,
            "gross_profit": 24965,
            "gross_margin": 13.77,
            "gross_margin_4q_avg": 11.65,
            "net_income": -7711,
            "net_income_4q": null,
            "revenue": 181301,
            "revenue_4q": null,
            "common_shares": 389311,
            "book_valuer_per_share": 12.5,
            "book_valuer_per_share_4q_avg": 13,
            "equity": 486509,
            "current_ratio": 169.77,
            "debt_ratio": 48.15,
            "inventory_turnover_ratio": 0.54,
            "account_receivable_turnover_ratio": null,
            "reinvestment_rate": null,
            "research_to_sale_ratio": null,
            "price_fair": 86.8,
            "eps_avg_yearly": 2.48,
            "eps_latest_yearly": 1.76,
            "eps_growth_yearly": 43.56
        },
        "20052": {
            "year_quarter": 20052,
            "year": 2005,
            "quarter": 2,
            "eps": -1.09,
            "eps_growth_year": null,
            "eps_4q": -2.56,
            "eps_4q_growth_year": null,
            "roe": -9.1,
            "roe_4q": -20.2,
            "gross_profit": -2051,
            "gross_margin": -2.13,
            "gross_margin_4q_avg": 7.56,
            "net_income": -42355,
            "net_income_4q": null,
            "revenue": 96415,
            "revenue_4q": null,
            "common_shares": 389311,
            "book_valuer_per_share": 11.41,
            "book_valuer_per_share_4q_avg": 12.37,
            "equity": 444154,
            "current_ratio": 165.48,
            "debt_ratio": 51.37,
            "inventory_turnover_ratio": 0.35,
            "account_receivable_turnover_ratio": null,
            "reinvestment_rate": null,
            "research_to_sale_ratio": null,
            "price_fair": 86.8,
            "eps_avg_yearly": 2.48,
            "eps_latest_yearly": 1.76,
            "eps_growth_yearly": 43.56
        },
        "20053": {
            "year_quarter": 20053,
            "year": 2005,
            "quarter": 3,
            "eps": -0.41,
            "eps_growth_year": null,
            "eps_4q": -1.37,
            "eps_4q_growth_year": null,
            "roe": -5.04,
            "roe_4q": -17.04,
            "gross_profit": 23173,
            "gross_margin": 19.57,
            "gross_margin_4q_avg": 10.86,
            "net_income": -24019,
            "net_income_4q": null,
            "revenue": 118422,
            "revenue_4q": null,
            "common_shares": 589310,
            "book_valuer_per_share": 8.64,
            "book_valuer_per_share_4q_avg": 11.31,
            "equity": 508934,
            "current_ratio": 181.45,
            "debt_ratio": 47.7,
            "inventory_turnover_ratio": 0.32,
            "account_receivable_turnover_ratio": null,
            "reinvestment_rate": null,
            "research_to_sale_ratio": null,
            "price_fair": 86.8,
            "eps_avg_yearly": 2.48,
            "eps_latest_yearly": 1.76,
            "eps_growth_yearly": 43.56
        },
        "20054": {
            "year_quarter": 20054,
            "year": 2005,
            "quarter": 4,
            "eps": -3.92,
            "eps_growth_year": null,
            "eps_4q": -5.37,
            "eps_4q_growth_year": null,
            "roe": -45.71,
            "roe_4q": -61.42,
            "gross_profit": -49573,
            "gross_margin": -13.57,
            "gross_margin_4q_avg": 4.41,
            "net_income": -200655,
            "net_income_4q": null,
            "revenue": 365343,
            "revenue_4q": null,
            "common_shares": 726311,
            "book_valuer_per_share": 5.08,
            "book_valuer_per_share_4q_avg": 9.41,
            "equity": 369108,
            "current_ratio": 141.05,
            "debt_ratio": 64.15,
            "inventory_turnover_ratio": 1.81,
            "account_receivable_turnover_ratio": null,
            "reinvestment_rate": null,
            "research_to_sale_ratio": null,
            "price_fair": 86.8,
            "eps_avg_yearly": 2.48,
            "eps_latest_yearly": 1.76,
            "eps_growth_yearly": 43.56
        },
        "20061": {
            "year_quarter": 20061,
            "year": 2006,
            "quarter": 1,
            "eps": 0.1,
            "eps_growth_year": null,
            "eps_4q": -3.67,
            "eps_4q_growth_year": null,
            "roe": 1.9,
            "roe_4q": -57.95,
            "gross_profit": 37949,
            "gross_margin": 21.28,
            "gross_margin_4q_avg": 6.29,
            "net_income": 7080,
            "net_income_4q": null,
            "revenue": 178306,
            "revenue_4q": null,
            "common_shares": 726311,
            "book_valuer_per_share": 5.18,
            "book_valuer_per_share_4q_avg": 7.58,
            "equity": 376188,
            "current_ratio": 159.77,
            "debt_ratio": 59.2,
            "inventory_turnover_ratio": 0.83,
            "account_receivable_turnover_ratio": null,
            "reinvestment_rate": null,
            "research_to_sale_ratio": null,
            "price_fair": 7,
            "eps_avg_yearly": 2.33,
            "eps_latest_yearly": 1.76,
            "eps_growth_yearly": -40.33
        },
        "20062": {
            "year_quarter": 20062,
            "year": 2006,
            "quarter": 2,
            "eps": 0.15,
            "eps_growth_year": null,
            "eps_4q": -2.71,
            "eps_4q_growth_year": null,
            "roe": 2.88,
            "roe_4q": -45.97,
            "gross_profit": 45279,
            "gross_margin": 21.51,
            "gross_margin_4q_avg": 12.2,
            "net_income": 11397,
            "net_income_4q": null,
            "revenue": 210486,
            "revenue_4q": null,
            "common_shares": 789311,
            "book_valuer_per_share": 5.26,
            "book_valuer_per_share_4q_avg": 6.04,
            "equity": 415557,
            "current_ratio": 159.64,
            "debt_ratio": 59.27,
            "inventory_turnover_ratio": 0.87,
            "account_receivable_turnover_ratio": null,
            "reinvestment_rate": null,
            "research_to_sale_ratio": null,
            "price_fair": 13.73,
            "eps_avg_yearly": 1.37,
            "eps_latest_yearly": 0.6,
            "eps_growth_yearly": 0.77
        },
        "20063": {
            "year_quarter": 20063,
            "year": 2006,
            "quarter": 3,
            "eps": 0.07,
            "eps_growth_year": null,
            "eps_4q": -2.4,
            "eps_4q_growth_year": null,
            "roe": 1.23,
            "roe_4q": -39.7,
            "gross_profit": 33881,
            "gross_margin": 27.74,
            "gross_margin_4q_avg": 14.24,
            "net_income": 5155,
            "net_income_4q": null,
            "revenue": 122118,
            "revenue_4q": null,
            "common_shares": 789311,
            "book_valuer_per_share": 5.33,
            "book_valuer_per_share_4q_avg": 5.21,
            "equity": 420712,
            "current_ratio": 187.38,
            "debt_ratio": 52.45,
            "inventory_turnover_ratio": 0.48,
            "account_receivable_turnover_ratio": null,
            "reinvestment_rate": null,
            "research_to_sale_ratio": null,
            "price_fair": 2.64,
            "eps_avg_yearly": 0.88,
            "eps_latest_yearly": 0.28,
            "eps_growth_yearly": -4.44
        },
        "20064": {
            "year_quarter": 20064,
            "year": 2006,
            "quarter": 4,
            "eps": 0.01,
            "eps_growth_year": null,
            "eps_4q": 0.31,
            "eps_4q_growth_year": null,
            "roe": 0.14,
            "roe_4q": 6.15,
            "gross_profit": 26207,
            "gross_margin": 13.22,
            "gross_margin_4q_avg": 20.94,
            "net_income": 576,
            "net_income_4q": null,
            "revenue": 198206,
            "revenue_4q": null,
            "common_shares": 789311,
            "book_valuer_per_share": 5.34,
            "book_valuer_per_share_4q_avg": 5.28,
            "equity": 421288,
            "current_ratio": 164.49,
            "debt_ratio": 56.48,
            "inventory_turnover_ratio": 1.05,
            "account_receivable_turnover_ratio": null,
            "reinvestment_rate": null,
            "research_to_sale_ratio": null,
            "price_fair": 0.92,
            "eps_avg_yearly": 0.31,
            "eps_latest_yearly": 0.04,
            "eps_growth_yearly": -118.73
        },
        "20071": {
            "year_quarter": 20071,
            "year": 2007,
            "quarter": 1,
            "eps": 0.07,
            "eps_growth_year": -30,
            "eps_4q": 0.29,
            "eps_4q_growth_year": null,
            "roe": 1.29,
            "roe_4q": 5.54,
            "gross_profit": 37076,
            "gross_margin": 24.13,
            "gross_margin_4q_avg": 21.65,
            "net_income": 5482,
            "net_income_4q": null,
            "revenue": 153646,
            "revenue_4q": null,
            "common_shares": 789311,
            "book_valuer_per_share": 5.41,
            "book_valuer_per_share_4q_avg": 5.34,
            "equity": 426770,
            "current_ratio": 169.61,
            "debt_ratio": 54.17,
            "inventory_turnover_ratio": 0.74,
            "account_receivable_turnover_ratio": null,
            "reinvestment_rate": null,
            "research_to_sale_ratio": null,
            "price_fair": 10.5,
            "eps_avg_yearly": 0.3,
            "eps_latest_yearly": 0.28,
            "eps_growth_yearly": 510.95
        },
        "20072": {
            "year_quarter": 20072,
            "year": 2007,
            "quarter": 2,
            "eps": 0.01,
            "eps_growth_year": -93.33,
            "eps_4q": 0.08,
            "eps_4q_growth_year": null,
            "roe": 0.17,
            "roe_4q": 2.83,
            "gross_profit": 25365,
            "gross_margin": 15.27,
            "gross_margin_4q_avg": 20.09,
            "net_income": 1205,
            "net_income_4q": null,
            "revenue": 166141,
            "revenue_4q": null,
            "common_shares": 1507511,
            "book_valuer_per_share": 6.35,
            "book_valuer_per_share_4q_avg": 5.61,
            "equity": 957468,
            "current_ratio": 145.98,
            "debt_ratio": 42.52,
            "inventory_turnover_ratio": 0.78,
            "account_receivable_turnover_ratio": null,
            "reinvestment_rate": null,
            "research_to_sale_ratio": null,
            "price_fair": 8.68,
            "eps_avg_yearly": 0.25,
            "eps_latest_yearly": 0.04,
            "eps_growth_yearly": 340.19
        },
        "20073": {
            "year_quarter": 20073,
            "year": 2007,
            "quarter": 3,
            "eps": -0.02,
            "eps_growth_year": -128.57,
            "eps_4q": 0.03,
            "eps_4q_growth_year": null,
            "roe": -0.27,
            "roe_4q": 1.33,
            "gross_profit": 26365,
            "gross_margin": 28.16,
            "gross_margin_4q_avg": 20.2,
            "net_income": -2573,
            "net_income_4q": null,
            "revenue": 93611,
            "revenue_4q": null,
            "common_shares": 1507510,
            "book_valuer_per_share": 6.35,
            "book_valuer_per_share_4q_avg": 5.86,
            "equity": 956809,
            "current_ratio": 159.2,
            "debt_ratio": 41.34,
            "inventory_turnover_ratio": 0.35,
            "account_receivable_turnover_ratio": null,
            "reinvestment_rate": null,
            "research_to_sale_ratio": null,
            "price_fair": 8.68,
            "eps_avg_yearly": 0.25,
            "eps_latest_yearly": 0.04,
            "eps_growth_yearly": 340.19
        },
        "20074": {
            "year_quarter": 20074,
            "year": 2007,
            "quarter": 4,
            "eps": -0.03,
            "eps_growth_year": -400,
            "eps_4q": 0,
            "eps_4q_growth_year": -99.22,
            "roe": -0.33,
            "roe_4q": 0.86,
            "gross_profit": 44103,
            "gross_margin": 21.21,
            "gross_margin_4q_avg": 22.19,
            "net_income": -3205,
            "net_income_4q": null,
            "revenue": 207962,
            "revenue_4q": null,
            "common_shares": 1507511,
            "book_valuer_per_share": 6.35,
            "book_valuer_per_share_4q_avg": 6.12,
            "equity": 1011187,
            "current_ratio": 138.83,
            "debt_ratio": 63.33,
            "inventory_turnover_ratio": 0.33,
            "account_receivable_turnover_ratio": null,
            "reinvestment_rate": null,
            "research_to_sale_ratio": null,
            "price_fair": 8.68,
            "eps_avg_yearly": 0.25,
            "eps_latest_yearly": 0.04,
            "eps_growth_yearly": 340.19
        },
        "20081": {
            "year_quarter": 20081,
            "year": 2008,
            "quarter": 1,
            "eps": 0.04,
            "eps_growth_year": -42.86,
            "eps_4q": 0,
            "eps_4q_growth_year": -98.83,
            "roe": 1.04,
            "roe_4q": 0.61,
            "gross_profit": 117374,
            "gross_margin": 12.49,
            "gross_margin_4q_avg": 19.28,
            "net_income": 10543,
            "net_income_4q": null,
            "revenue": 939881,
            "revenue_4q": null,
            "common_shares": 1507511,
            "book_valuer_per_share": 6.36,
            "book_valuer_per_share_4q_avg": 6.35,
            "equity": 1015912,
            "current_ratio": 126.19,
            "debt_ratio": 67.02,
            "inventory_turnover_ratio": 0.97,
            "account_receivable_turnover_ratio": null,
            "reinvestment_rate": null,
            "research_to_sale_ratio": null,
            "price_fair": 8.68,
            "eps_avg_yearly": 0.25,
            "eps_latest_yearly": 0.04,
            "eps_growth_yearly": 340.19
        },
        "20082": {
            "year_quarter": 20082,
            "year": 2008,
            "quarter": 2,
            "eps": 0.06,
            "eps_growth_year": 500,
            "eps_4q": 0.04,
            "eps_4q_growth_year": -48.39,
            "roe": 1.15,
            "roe_4q": 1.5899999999999999,
            "gross_profit": 78777,
            "gross_margin": 9.03,
            "gross_margin_4q_avg": 17.72,
            "net_income": 11797,
            "net_income_4q": null,
            "revenue": 872267,
            "revenue_4q": null,
            "common_shares": 1507511,
            "book_valuer_per_share": 6.45,
            "book_valuer_per_share_4q_avg": 6.38,
            "equity": 1035248,
            "current_ratio": 147.42,
            "debt_ratio": 59.9,
            "inventory_turnover_ratio": 0.98,
            "account_receivable_turnover_ratio": null,
            "reinvestment_rate": null,
            "research_to_sale_ratio": null,
            "price_fair": 8.63,
            "eps_avg_yearly": 0.25,
            "eps_latest_yearly": 0.24,
            "eps_growth_yearly": 316.83
        },
        "20083": {
            "year_quarter": 20083,
            "year": 2008,
            "quarter": 3,
            "eps": -0.07,
            "eps_growth_year": null,
            "eps_4q": 0.01,
            "eps_4q_growth_year": -83.5,
            "roe": -0.46,
            "roe_4q": 1.4,
            "gross_profit": 123333,
            "gross_margin": 11.31,
            "gross_margin_4q_avg": 13.51,
            "net_income": -4749,
            "net_income_4q": null,
            "revenue": 1090375,
            "revenue_4q": null,
            "common_shares": 1507511,
            "book_valuer_per_share": 6.5,
            "book_valuer_per_share_4q_avg": 6.42,
            "equity": 1051215,
            "current_ratio": 175.81,
            "debt_ratio": 65.02,
            "inventory_turnover_ratio": 1.28,
            "account_receivable_turnover_ratio": null,
            "reinvestment_rate": null,
            "research_to_sale_ratio": null,
            "price_fair": 8.63,
            "eps_avg_yearly": 0.25,
            "eps_latest_yearly": 0.24,
            "eps_growth_yearly": 316.83
        },
        "20084": {
            "year_quarter": 20084,
            "year": 2008,
            "quarter": 4,
            "eps": -1.36,
            "eps_growth_year": null,
            "eps_4q": -1.44,
            "eps_4q_growth_year": -59702.57,
            "roe": -21.33,
            "roe_4q": -19.6,
            "gross_profit": -21130,
            "gross_margin": -2.02,
            "gross_margin_4q_avg": 7.7,
            "net_income": -203172,
            "net_income_4q": null,
            "revenue": 1047886,
            "revenue_4q": null,
            "common_shares": 1507511,
            "book_valuer_per_share": 5.17,
            "book_valuer_per_share_4q_avg": 6.12,
            "equity": 853541,
            "current_ratio": 162.91,
            "debt_ratio": 68.24,
            "inventory_turnover_ratio": 1.48,
            "account_receivable_turnover_ratio": 2.67,
            "reinvestment_rate": null,
            "research_to_sale_ratio": null,
            "price_fair": 8.63,
            "eps_avg_yearly": 0.25,
            "eps_latest_yearly": 0.24,
            "eps_growth_yearly": 316.83
        },
        "20091": {
            "year_quarter": 20091,
            "year": 2009,
            "quarter": 1,
            "eps": 0.1,
            "eps_growth_year": 150,
            "eps_4q": -1.07,
            "eps_4q_growth_year": -31726.92,
            "roe": 2.07,
            "roe_4q": -18.57,
            "gross_profit": 95111,
            "gross_margin": 10.15,
            "gross_margin_4q_avg": 7.12,
            "net_income": 17942,
            "net_income_4q": null,
            "revenue": 937263,
            "revenue_4q": null,
            "common_shares": 1507511,
            "book_valuer_per_share": 5.32,
            "book_valuer_per_share_4q_avg": 5.86,
            "equity": 882979,
            "current_ratio": 154.27,
            "debt_ratio": 68.23,
            "inventory_turnover_ratio": 1.12,
            "account_receivable_turnover_ratio": 1.16,
            "reinvestment_rate": null,
            "research_to_sale_ratio": null,
            "price_fair": 8.63,
            "eps_avg_yearly": 0.25,
            "eps_latest_yearly": 0.24,
            "eps_growth_yearly": 316.83
        },
        "20092": {
            "year_quarter": 20092,
            "year": 2009,
            "quarter": 2,
            "eps": -0.14,
            "eps_growth_year": -333.33,
            "eps_4q": -1.46,
            "eps_4q_growth_year": -3540.5,
            "roe": -2.26,
            "roe_4q": -21.98,
            "gross_profit": 104881,
            "gross_margin": 8.31,
            "gross_margin_4q_avg": 6.94,
            "net_income": -19710,
            "net_income_4q": null,
            "revenue": 1262487,
            "revenue_4q": null,
            "common_shares": 1507511,
            "book_valuer_per_share": 5.16,
            "book_valuer_per_share_4q_avg": 5.54,
            "equity": 858487,
            "current_ratio": 166.96,
            "debt_ratio": 69.56,
            "inventory_turnover_ratio": 1.65,
            "account_receivable_turnover_ratio": 1.19,
            "reinvestment_rate": null,
            "research_to_sale_ratio": null,
            "price_fair": 8.63,
            "eps_avg_yearly": 0.25,
            "eps_latest_yearly": 0.24,
            "eps_growth_yearly": 316.83
        },
        "20093": {
            "year_quarter": 20093,
            "year": 2009,
            "quarter": 3,
            "eps": 0.01,
            "eps_growth_year": null,
            "eps_4q": -2.38,
            "eps_4q_growth_year": -46412.02,
            "roe": 0.64,
            "roe_4q": -20.88,
            "gross_profit": 127112,
            "gross_margin": 10.97,
            "gross_margin_4q_avg": 6.85,
            "net_income": 5475,
            "net_income_4q": null,
            "revenue": 1158787,
            "revenue_4q": null,
            "common_shares": 880000,
            "book_valuer_per_share": 8.79,
            "book_valuer_per_share_4q_avg": 6.11,
            "equity": 855996,
            "current_ratio": 166.54,
            "debt_ratio": 70,
            "inventory_turnover_ratio": 1.8,
            "account_receivable_turnover_ratio": 0.97,
            "reinvestment_rate": null,
            "research_to_sale_ratio": null,
            "price_fair": 8.63,
            "eps_avg_yearly": 0.25,
            "eps_latest_yearly": 0.24,
            "eps_growth_yearly": 316.83
        },
        "20094": {
            "year_quarter": 20094,
            "year": 2009,
            "quarter": 4,
            "eps": 0.07,
            "eps_growth_year": null,
            "eps_4q": 0.02,
            "eps_4q_growth_year": null,
            "roe": 1.49,
            "roe_4q": 1.94,
            "gross_profit": 86500,
            "gross_margin": 7.91,
            "gross_margin_4q_avg": 9.34,
            "net_income": 12803,
            "net_income_4q": null,
            "revenue": 1093202,
            "revenue_4q": null,
            "common_shares": 880000,
            "book_valuer_per_share": 8.84,
            "book_valuer_per_share_4q_avg": 7.03,
            "equity": 867212,
            "current_ratio": 143.88,
            "debt_ratio": 72.16,
            "inventory_turnover_ratio": 1.75,
            "account_receivable_turnover_ratio": 1.87,
            "reinvestment_rate": null,
            "research_to_sale_ratio": null,
            "price_fair": 8.8,
            "eps_avg_yearly": 0.25,
            "eps_latest_yearly": 0.28,
            "eps_growth_yearly": 614.42
        },
        "20101": {
            "year_quarter": 20101,
            "year": 2010,
            "quarter": 1,
            "eps": 0.03,
            "eps_growth_year": -70,
            "eps_4q": -0.12,
            "eps_4q_growth_year": null,
            "roe": 1.67,
            "roe_4q": 1.5400000000000005,
            "gross_profit": 103490,
            "gross_margin": 9.43,
            "gross_margin_4q_avg": 9.16,
            "net_income": 15854,
            "net_income_4q": null,
            "revenue": 1097028,
            "revenue_4q": null,
            "common_shares": 880000,
            "book_valuer_per_share": 9.3,
            "book_valuer_per_share_4q_avg": 8.02,
            "equity": 1035875,
            "current_ratio": 150.42,
            "debt_ratio": 65.55,
            "inventory_turnover_ratio": 1.66,
            "account_receivable_turnover_ratio": 0.91,
            "reinvestment_rate": null,
            "research_to_sale_ratio": 0.01,
            "price_fair": 8.23,
            "eps_avg_yearly": 0.24,
            "eps_latest_yearly": 0.12,
            "eps_growth_yearly": 509.05
        },
        "20102": {
            "year_quarter": 20102,
            "year": 2010,
            "quarter": 2,
            "eps": -0.08,
            "eps_growth_year": null,
            "eps_4q": 0.04,
            "eps_4q_growth_year": null,
            "roe": -0.9,
            "roe_4q": 2.9,
            "gross_profit": 81097,
            "gross_margin": 9.33,
            "gross_margin_4q_avg": 9.41,
            "net_income": -9297,
            "net_income_4q": null,
            "revenue": 868972,
            "revenue_4q": null,
            "common_shares": 880000,
            "book_valuer_per_share": 9.12,
            "book_valuer_per_share_4q_avg": 9.01,
            "equity": 1019782,
            "current_ratio": 160.74,
            "debt_ratio": 66.28,
            "inventory_turnover_ratio": 1.38,
            "account_receivable_turnover_ratio": 0.68,
            "reinvestment_rate": null,
            "research_to_sale_ratio": 0.01,
            "price_fair": 6.4,
            "eps_avg_yearly": 0.18,
            "eps_latest_yearly": 0.12,
            "eps_growth_yearly": 553.2
        },
        "20103": {
            "year_quarter": 20103,
            "year": 2010,
            "quarter": 3,
            "eps": 0.06,
            "eps_growth_year": 479.66,
            "eps_4q": 0.08,
            "eps_4q_growth_year": null,
            "roe": 0.06,
            "roe_4q": 2.32,
            "gross_profit": 52440,
            "gross_margin": 2.58,
            "gross_margin_4q_avg": 7.31,
            "net_income": 648,
            "net_income_4q": null,
            "revenue": 2031083,
            "revenue_4q": null,
            "common_shares": 880000,
            "book_valuer_per_share": 8.99,
            "book_valuer_per_share_4q_avg": 9.06,
            "equity": 1002937,
            "current_ratio": 143.41,
            "debt_ratio": 73.03,
            "inventory_turnover_ratio": 3.09,
            "account_receivable_turnover_ratio": 1.27,
            "reinvestment_rate": null,
            "research_to_sale_ratio": 0,
            "price_fair": 5.83,
            "eps_avg_yearly": 0.17,
            "eps_latest_yearly": 0.12,
            "eps_growth_yearly": 680.95
        },
        "20104": {
            "year_quarter": 20104,
            "year": 2010,
            "quarter": 4,
            "eps": -0.51,
            "eps_growth_year": -830.06,
            "eps_4q": -0.5,
            "eps_4q_growth_year": -2984.33,
            "roe": -3.85,
            "roe_4q": -3.0200000000000005,
            "gross_profit": 134643,
            "gross_margin": 7.28,
            "gross_margin_4q_avg": 7.16,
            "net_income": -37474,
            "net_income_4q": null,
            "revenue": 1849127,
            "revenue_4q": null,
            "common_shares": 880000,
            "book_valuer_per_share": 8.27,
            "book_valuer_per_share_4q_avg": 8.92,
            "equity": 941612,
            "current_ratio": 125.23,
            "debt_ratio": 79.78,
            "inventory_turnover_ratio": 2.48,
            "account_receivable_turnover_ratio": 0.87,
            "reinvestment_rate": null,
            "research_to_sale_ratio": 0,
            "price_fair": 6.72,
            "eps_avg_yearly": 0.19,
            "eps_latest_yearly": 0.12,
            "eps_growth_yearly": 885.71
        },
        "20111": {
            "year_quarter": 20111,
            "year": 2011,
            "quarter": 1,
            "eps": 0.45,
            "eps_growth_year": 1400,
            "eps_4q": -0.08,
            "eps_4q_growth_year": null,
            "roe": 4.37,
            "roe_4q": -0.31999999999999995,
            "gross_profit": 96236,
            "gross_margin": 5.81,
            "gross_margin_4q_avg": 6.25,
            "net_income": 42182,
            "net_income_4q": null,
            "revenue": 1656105,
            "revenue_4q": null,
            "common_shares": 880000,
            "book_valuer_per_share": 8.73,
            "book_valuer_per_share_4q_avg": 8.78,
            "equity": 990618,
            "current_ratio": 126.34,
            "debt_ratio": 79.83,
            "inventory_turnover_ratio": 2.5,
            "account_receivable_turnover_ratio": 0.65,
            "reinvestment_rate": null,
            "research_to_sale_ratio": 0,
            "price_fair": 5.95,
            "eps_avg_yearly": 0.17,
            "eps_latest_yearly": 0.12,
            "eps_growth_yearly": 507.14
        },
        "20112": {
            "year_quarter": 20112,
            "year": 2011,
            "quarter": 2,
            "eps": 0,
            "eps_growth_year": null,
            "eps_4q": 0,
            "eps_4q_growth_year": -94.09,
            "roe": 1.06,
            "roe_4q": 1.6399999999999997,
            "gross_profit": 120985,
            "gross_margin": 8.19,
            "gross_margin_4q_avg": 5.97,
            "net_income": 10533,
            "net_income_4q": null,
            "revenue": 1477399,
            "revenue_4q": null,
            "common_shares": 880000,
            "book_valuer_per_share": 8.76,
            "book_valuer_per_share_4q_avg": 8.69,
            "equity": 997810,
            "current_ratio": 122.45,
            "debt_ratio": 78.32,
            "inventory_turnover_ratio": 2.31,
            "account_receivable_turnover_ratio": 0.58,
            "reinvestment_rate": null,
            "research_to_sale_ratio": 0,
            "price_fair": 7.47,
            "eps_avg_yearly": 0.21,
            "eps_latest_yearly": 0.12,
            "eps_growth_yearly": 790.48
        },
        "20113": {
            "year_quarter": 20113,
            "year": 2011,
            "quarter": 3,
            "eps": 0.09,
            "eps_growth_year": 55.73,
            "eps_4q": 0.03,
            "eps_4q_growth_year": -58.15,
            "roe": 0.88,
            "roe_4q": 2.4600000000000004,
            "gross_profit": 110786,
            "gross_margin": 6.65,
            "gross_margin_4q_avg": 6.98,
            "net_income": 9033,
            "net_income_4q": null,
            "revenue": 1664946,
            "revenue_4q": null,
            "common_shares": 880000,
            "book_valuer_per_share": 9.13,
            "book_valuer_per_share_4q_avg": 8.72,
            "equity": 1047694,
            "current_ratio": 121.39,
            "debt_ratio": 78.99,
            "inventory_turnover_ratio": 2.17,
            "account_receivable_turnover_ratio": 0.64,
            "reinvestment_rate": null,
            "research_to_sale_ratio": 0,
            "price_fair": 7.47,
            "eps_avg_yearly": 0.21,
            "eps_latest_yearly": 0.12,
            "eps_growth_yearly": 790.48
        },
        "20114": {
            "year_quarter": 20114,
            "year": 2011,
            "quarter": 4,
            "eps": 0.01,
            "eps_growth_year": null,
            "eps_4q": 0.55,
            "eps_4q_growth_year": null,
            "roe": 1.8,
            "roe_4q": 8.11,
            "gross_profit": 194781,
            "gross_margin": 7.82,
            "gross_margin_4q_avg": 7.12,
            "net_income": 19156,
            "net_income_4q": null,
            "revenue": 2492146,
            "revenue_4q": null,
            "common_shares": 880000,
            "book_valuer_per_share": 9.27,
            "book_valuer_per_share_4q_avg": 8.97,
            "equity": 1080345,
            "current_ratio": 121.41,
            "debt_ratio": 79.5,
            "inventory_turnover_ratio": 2.58,
            "account_receivable_turnover_ratio": 0.85,
            "reinvestment_rate": null,
            "research_to_sale_ratio": 0,
            "price_fair": 5.95,
            "eps_avg_yearly": 0.17,
            "eps_latest_yearly": 0.04,
            "eps_growth_yearly": 503.97
        },
        "20121": {
            "year_quarter": 20121,
            "year": 2012,
            "quarter": 1,
            "eps": 0.04,
            "eps_growth_year": -91.11,
            "eps_4q": 0.14,
            "eps_4q_growth_year": null,
            "roe": 0.44,
            "roe_4q": 4.18,
            "gross_profit": 116788,
            "gross_margin": 8.45,
            "gross_margin_4q_avg": 7.78,
            "net_income": 4715,
            "net_income_4q": null,
            "revenue": 1381661,
            "revenue_4q": null,
            "common_shares": 880000,
            "book_valuer_per_share": 9.17,
            "book_valuer_per_share_4q_avg": 9.08,
            "equity": 1068386,
            "current_ratio": 120.61,
            "debt_ratio": 79.98,
            "inventory_turnover_ratio": 1.23,
            "account_receivable_turnover_ratio": 0.46,
            "reinvestment_rate": null,
            "research_to_sale_ratio": 0,
            "price_fair": 5.88,
            "eps_avg_yearly": 0.17,
            "eps_latest_yearly": 0.16,
            "eps_growth_yearly": 643.17
        },
        "20122": {
            "year_quarter": 20122,
            "year": 2012,
            "quarter": 2,
            "eps": 0.21,
            "eps_growth_year": 10463.65,
            "eps_4q": 0.34,
            "eps_4q_growth_year": 15600.78,
            "roe": 2.54,
            "roe_4q": 5.66,
            "gross_profit": 116311,
            "gross_margin": 7.13,
            "gross_margin_4q_avg": 7.51,
            "net_income": 27509,
            "net_income_4q": null,
            "revenue": 1632280,
            "revenue_4q": null,
            "common_shares": 880000,
            "book_valuer_per_share": 9.45,
            "book_valuer_per_share_4q_avg": 9.26,
            "equity": 1100031,
            "current_ratio": 127.91,
            "debt_ratio": 74.86,
            "inventory_turnover_ratio": 1.19,
            "account_receivable_turnover_ratio": 0.65,
            "reinvestment_rate": null,
            "research_to_sale_ratio": 0,
            "price_fair": 10.08,
            "eps_avg_yearly": 0.29,
            "eps_latest_yearly": 0.84,
            "eps_growth_yearly": 943.17
        },
        "20123": {
            "year_quarter": 20123,
            "year": 2012,
            "quarter": 3,
            "eps": 0.03,
            "eps_growth_year": -65.6,
            "eps_4q": 0.29,
            "eps_4q_growth_year": 726.38,
            "roe": 0.17,
            "roe_4q": 4.95,
            "gross_profit": 83821,
            "gross_margin": 3.1,
            "gross_margin_4q_avg": 6.63,
            "net_income": 1828,
            "net_income_4q": null,
            "revenue": 2701936,
            "revenue_4q": null,
            "common_shares": 880000,
            "book_valuer_per_share": 9.38,
            "book_valuer_per_share_4q_avg": 9.32,
            "equity": 1088581,
            "current_ratio": 128.47,
            "debt_ratio": 73.65,
            "inventory_turnover_ratio": 2.04,
            "account_receivable_turnover_ratio": 1.36,
            "reinvestment_rate": null,
            "research_to_sale_ratio": 0,
            "price_fair": 9.1,
            "eps_avg_yearly": 0.26,
            "eps_latest_yearly": 0.12,
            "eps_growth_yearly": 728.84
        },
        "20124": {
            "year_quarter": 20124,
            "year": 2012,
            "quarter": 4,
            "eps": 0.06,
            "eps_growth_year": 825.43,
            "eps_4q": 0.34,
            "eps_4q_growth_year": -38.87,
            "roe": 0.73,
            "roe_4q": 3.88,
            "gross_profit": 168020,
            "gross_margin": 8.9,
            "gross_margin_4q_avg": 6.9,
            "net_income": 8004,
            "net_income_4q": null,
            "revenue": 1888235,
            "revenue_4q": null,
            "common_shares": 880000,
            "book_valuer_per_share": 9.44,
            "book_valuer_per_share_4q_avg": 9.36,
            "equity": 1095861,
            "current_ratio": 125.15,
            "debt_ratio": 77.44,
            "inventory_turnover_ratio": 1.35,
            "account_receivable_turnover_ratio": 0.89,
            "reinvestment_rate": 1333.51,
            "research_to_sale_ratio": 0,
            "price_fair": 9,
            "eps_avg_yearly": 0.26,
            "eps_latest_yearly": 0.24,
            "eps_growth_yearly": 681.86
        },
        "20131": {
            "year_quarter": 20131,
            "year": 2013,
            "quarter": 1,
            "eps": 0.1,
            "eps_growth_year": 150,
            "eps_4q": 0.41,
            "eps_4q_growth_year": 200.42,
            "roe": 0.94,
            "roe_4q": 4.38,
            "gross_profit": 111649,
            "gross_margin": 12.56,
            "gross_margin_4q_avg": 7.92,
            "net_income": 10518,
            "net_income_4q": null,
            "revenue": 888705,
            "revenue_4q": null,
            "common_shares": 880000,
            "book_valuer_per_share": 9.74,
            "book_valuer_per_share_4q_avg": 9.5,
            "equity": 1132249,
            "current_ratio": 133.06,
            "debt_ratio": 72.95,
            "inventory_turnover_ratio": 0.53,
            "account_receivable_turnover_ratio": 0.48,
            "reinvestment_rate": -173.45,
            "research_to_sale_ratio": 0,
            "price_fair": 9.63,
            "eps_avg_yearly": 0.28,
            "eps_latest_yearly": 0.4,
            "eps_growth_yearly": 629.96
        },
        "20132": {
            "year_quarter": 20132,
            "year": 2013,
            "quarter": 2,
            "eps": 0.11,
            "eps_growth_year": -47.93,
            "eps_4q": 0.3,
            "eps_4q_growth_year": -12.69,
            "roe": 1.02,
            "roe_4q": 2.86,
            "gross_profit": 97785,
            "gross_margin": 7.6,
            "gross_margin_4q_avg": 8.04,
            "net_income": 11664,
            "net_income_4q": null,
            "revenue": 1287114,
            "revenue_4q": null,
            "common_shares": 880000,
            "book_valuer_per_share": 9.97,
            "book_valuer_per_share_4q_avg": 9.63,
            "equity": 1160885,
            "current_ratio": 135.12,
            "debt_ratio": 71.47,
            "inventory_turnover_ratio": 0.77,
            "account_receivable_turnover_ratio": 0.96,
            "reinvestment_rate": -74.96,
            "research_to_sale_ratio": 0,
            "price_fair": 10.27,
            "eps_avg_yearly": 0.29,
            "eps_latest_yearly": 0.44,
            "eps_growth_yearly": 564.41
        },
        "20133": {
            "year_quarter": 20133,
            "year": 2013,
            "quarter": 3,
            "eps": 0.04,
            "eps_growth_year": 28.8,
            "eps_4q": 0.31,
            "eps_4q_growth_year": 7.28,
            "roe": -0.09,
            "roe_4q": 2.6,
            "gross_profit": 118313,
            "gross_margin": 9.32,
            "gross_margin_4q_avg": 9.6,
            "net_income": -1062,
            "net_income_4q": null,
            "revenue": 1269906,
            "revenue_4q": null,
            "common_shares": 880000,
            "book_valuer_per_share": 9.92,
            "book_valuer_per_share_4q_avg": 9.77,
            "equity": 1154560,
            "current_ratio": 132.35,
            "debt_ratio": 72.78,
            "inventory_turnover_ratio": 0.76,
            "account_receivable_turnover_ratio": 0.91,
            "reinvestment_rate": -84.46,
            "research_to_sale_ratio": 0,
            "price_fair": 9.8,
            "eps_avg_yearly": 0.28,
            "eps_latest_yearly": 0.16,
            "eps_growth_yearly": 482.51
        },
        "20134": {
            "year_quarter": 20134,
            "year": 2013,
            "quarter": 4,
            "eps": 0.36,
            "eps_growth_year": 522.59,
            "eps_4q": 0.61,
            "eps_4q_growth_year": 81.41,
            "roe": 3.53,
            "roe_4q": 5.4,
            "gross_profit": 155015,
            "gross_margin": 7.49,
            "gross_margin_4q_avg": 9.24,
            "net_income": 41641,
            "net_income_4q": null,
            "revenue": 2070606,
            "revenue_4q": null,
            "common_shares": 880000,
            "book_valuer_per_share": 10.38,
            "book_valuer_per_share_4q_avg": 10,
            "equity": 1206680,
            "current_ratio": 132.67,
            "debt_ratio": 72.91,
            "inventory_turnover_ratio": 1.49,
            "account_receivable_turnover_ratio": 1.17,
            "reinvestment_rate": -553.87,
            "research_to_sale_ratio": 0,
            "price_fair": 13.86,
            "eps_avg_yearly": 0.4,
            "eps_latest_yearly": 1.44,
            "eps_growth_yearly": 562.51
        },
        "20141": {
            "year_quarter": 20141,
            "year": 2014,
            "quarter": 1,
            "eps": 0.12,
            "eps_growth_year": 20,
            "eps_4q": 0.63,
            "eps_4q_growth_year": 55.61,
            "roe": 1.52,
            "roe_4q": 5.98,
            "gross_profit": 126041,
            "gross_margin": 11.68,
            "gross_margin_4q_avg": 9.02,
            "net_income": 18562,
            "net_income_4q": null,
            "revenue": 1079540,
            "revenue_4q": null,
            "common_shares": 880000,
            "book_valuer_per_share": 10.51,
            "book_valuer_per_share_4q_avg": 10.2,
            "equity": 1234846,
            "current_ratio": 133.48,
            "debt_ratio": 71.33,
            "inventory_turnover_ratio": 0.91,
            "account_receivable_turnover_ratio": 0.57,
            "reinvestment_rate": -579.73,
            "research_to_sale_ratio": 0,
            "price_fair": 15.12,
            "eps_avg_yearly": 0.43,
            "eps_latest_yearly": 0.48,
            "eps_growth_yearly": 558.7
        },
        "20142": {
            "year_quarter": 20142,
            "year": 2014,
            "quarter": 2,
            "eps": 0.05,
            "eps_growth_year": -54.55,
            "eps_4q": 0.57,
            "eps_4q_growth_year": 90.17,
            "roe": 0.35,
            "roe_4q": 5.3100000000000005,
            "gross_profit": 90490,
            "gross_margin": 6.95,
            "gross_margin_4q_avg": 8.86,
            "net_income": 4353,
            "net_income_4q": null,
            "revenue": 1301509,
            "revenue_4q": null,
            "common_shares": 880000,
            "book_valuer_per_share": 10.45,
            "book_valuer_per_share_4q_avg": 10.32,
            "equity": 1223645,
            "current_ratio": 134.93,
            "debt_ratio": 71.66,
            "inventory_turnover_ratio": 1.23,
            "account_receivable_turnover_ratio": 0.68,
            "reinvestment_rate": -459.53,
            "research_to_sale_ratio": 0,
            "price_fair": 14.38,
            "eps_avg_yearly": 0.41,
            "eps_latest_yearly": 0.2,
            "eps_growth_yearly": 486.7
        },
        "20143": {
            "year_quarter": 20143,
            "year": 2014,
            "quarter": 3,
            "eps": 0.16,
            "eps_growth_year": 300,
            "eps_4q": 0.69,
            "eps_4q_growth_year": 126.25,
            "roe": 1.33,
            "roe_4q": 6.73,
            "gross_profit": 96129,
            "gross_margin": 7.48,
            "gross_margin_4q_avg": 8.4,
            "net_income": 16485,
            "net_income_4q": null,
            "revenue": 1284492,
            "revenue_4q": null,
            "common_shares": 880000,
            "book_valuer_per_share": 10.71,
            "book_valuer_per_share_4q_avg": 10.51,
            "equity": 1254532,
            "current_ratio": 133.96,
            "debt_ratio": 71.68,
            "inventory_turnover_ratio": 1.3,
            "account_receivable_turnover_ratio": 0.64,
            "reinvestment_rate": -384,
            "research_to_sale_ratio": 0,
            "price_fair": 15.05,
            "eps_avg_yearly": 0.43,
            "eps_latest_yearly": 0.64,
            "eps_growth_yearly": 519.48
        },
        "20144": {
            "year_quarter": 20144,
            "year": 2014,
            "quarter": 4,
            "eps": 0.19,
            "eps_growth_year": -46.77,
            "eps_4q": 0.52,
            "eps_4q_growth_year": -14.8,
            "roe": 2.47,
            "roe_4q": 5.67,
            "gross_profit": 150730,
            "gross_margin": 9.17,
            "gross_margin_4q_avg": 8.82,
            "net_income": 31854,
            "net_income_4q": null,
            "revenue": 1644372,
            "revenue_4q": null,
            "common_shares": 880000,
            "book_valuer_per_share": 11.16,
            "book_valuer_per_share_4q_avg": 10.71,
            "equity": 1324519,
            "current_ratio": 136.06,
            "debt_ratio": 71.01,
            "inventory_turnover_ratio": 1.56,
            "account_receivable_turnover_ratio": 0.89,
            "reinvestment_rate": -271.54,
            "research_to_sale_ratio": 0.01,
            "price_fair": 15.94,
            "eps_avg_yearly": 0.46,
            "eps_latest_yearly": 0.76,
            "eps_growth_yearly": 485.29
        },
        "20151": {
            "year_quarter": 20151,
            "year": 2015,
            "quarter": 1,
            "eps": 0.12,
            "eps_growth_year": 0,
            "eps_4q": 0.51,
            "eps_4q_growth_year": -18.56,
            "roe": 0.84,
            "roe_4q": 4.99,
            "gross_profit": 61912,
            "gross_margin": 5.77,
            "gross_margin_4q_avg": 7.34,
            "net_income": 11160,
            "net_income_4q": null,
            "revenue": 1072231,
            "revenue_4q": null,
            "common_shares": 880000,
            "book_valuer_per_share": 11.19,
            "book_valuer_per_share_4q_avg": 10.88,
            "equity": 1322492,
            "current_ratio": 134.09,
            "debt_ratio": 69.18,
            "inventory_turnover_ratio": 0.97,
            "account_receivable_turnover_ratio": 0.61,
            "reinvestment_rate": -213.34,
            "research_to_sale_ratio": 0.01,
            "price_fair": 16,
            "eps_avg_yearly": 0.46,
            "eps_latest_yearly": 0.48,
            "eps_growth_yearly": 440.1
        },
        "20152": {
            "year_quarter": 20152,
            "year": 2015,
            "quarter": 2,
            "eps": 0.06,
            "eps_growth_year": 20,
            "eps_4q": 0.52,
            "eps_4q_growth_year": -9.63,
            "roe": 0.42,
            "roe_4q": 5.0600000000000005,
            "gross_profit": 76180,
            "gross_margin": 7.32,
            "gross_margin_4q_avg": 7.44,
            "net_income": 5564,
            "net_income_4q": null,
            "revenue": 1040116,
            "revenue_4q": null,
            "common_shares": 880000,
            "book_valuer_per_share": 10.97,
            "book_valuer_per_share_4q_avg": 11.01,
            "equity": 1300293,
            "current_ratio": 133.32,
            "debt_ratio": 68.34,
            "inventory_turnover_ratio": 0.86,
            "account_receivable_turnover_ratio": 0.64,
            "reinvestment_rate": -199,
            "research_to_sale_ratio": 0.01,
            "price_fair": 15.49,
            "eps_avg_yearly": 0.44,
            "eps_latest_yearly": 0.24,
            "eps_growth_yearly": 397.42
        },
        "20153": {
            "year_quarter": 20153,
            "year": 2015,
            "quarter": 3,
            "eps": 0.13,
            "eps_growth_year": -18.75,
            "eps_4q": 0.5,
            "eps_4q_growth_year": -28.31,
            "roe": 0.72,
            "roe_4q": 4.45,
            "gross_profit": 111204,
            "gross_margin": 7.18,
            "gross_margin_4q_avg": 7.36,
            "net_income": 9483,
            "net_income_4q": null,
            "revenue": 1548885,
            "revenue_4q": null,
            "common_shares": 900020,
            "book_valuer_per_share": 10.98,
            "book_valuer_per_share_4q_avg": 11.08,
            "equity": 1327609,
            "current_ratio": 132.95,
            "debt_ratio": 68.89,
            "inventory_turnover_ratio": 1.34,
            "account_receivable_turnover_ratio": 0.91,
            "reinvestment_rate": -218.08,
            "research_to_sale_ratio": 0.01,
            "price_fair": 15.66,
            "eps_avg_yearly": 0.45,
            "eps_latest_yearly": 0.52,
            "eps_growth_yearly": 401.75
        },
        "20154": {
            "year_quarter": 20154,
            "year": 2015,
            "quarter": 4,
            "eps": -0.27,
            "eps_growth_year": -241.53,
            "eps_4q": 0.03,
            "eps_4q_growth_year": -93.96,
            "roe": -2.63,
            "roe_4q": -0.65,
            "gross_profit": 84576,
            "gross_margin": 4.84,
            "gross_margin_4q_avg": 6.28,
            "net_income": -34243,
            "net_income_4q": null,
            "revenue": 1746417,
            "revenue_4q": null,
            "common_shares": 900020,
            "book_valuer_per_share": 10.56,
            "book_valuer_per_share_4q_avg": 10.93,
            "equity": 1272681,
            "current_ratio": 127.46,
            "debt_ratio": 73.43,
            "inventory_turnover_ratio": 1.58,
            "account_receivable_turnover_ratio": 0.93,
            "reinvestment_rate": -279.3,
            "research_to_sale_ratio": 0.01,
            "price_fair": 16.61,
            "eps_avg_yearly": 0.47,
            "eps_latest_yearly": 0.52,
            "eps_growth_yearly": 452.24
        },
        "20161": {
            "year_quarter": 20161,
            "year": 2016,
            "quarter": 1,
            "eps": 0.04,
            "eps_growth_year": -66.67,
            "eps_4q": -0.04,
            "eps_4q_growth_year": -107.75,
            "roe": -0.09,
            "roe_4q": -1.5799999999999998,
            "gross_profit": 116963,
            "gross_margin": 6.14,
            "gross_margin_4q_avg": 6.37,
            "net_income": -1193,
            "net_income_4q": null,
            "revenue": 1904415,
            "revenue_4q": null,
            "common_shares": 900020,
            "book_valuer_per_share": 10.52,
            "book_valuer_per_share_4q_avg": 10.76,
            "equity": 1259444,
            "current_ratio": 126.65,
            "debt_ratio": 73.94,
            "inventory_turnover_ratio": 1.83,
            "account_receivable_turnover_ratio": 0.9,
            "reinvestment_rate": -268.54,
            "research_to_sale_ratio": 0.01,
            "price_fair": 17.4,
            "eps_avg_yearly": 0.5,
            "eps_latest_yearly": 0.52,
            "eps_growth_yearly": 398.83
        },
        "20162": {
            "year_quarter": 20162,
            "year": 2016,
            "quarter": 2,
            "eps": 0.03,
            "eps_growth_year": -50,
            "eps_4q": -0.07,
            "eps_4q_growth_year": -113.66,
            "roe": 0.78,
            "roe_4q": -1.22,
            "gross_profit": 94293,
            "gross_margin": 7.05,
            "gross_margin_4q_avg": 6.3,
            "net_income": 9726,
            "net_income_4q": null,
            "revenue": 1337328,
            "revenue_4q": null,
            "common_shares": 900020,
            "book_valuer_per_share": 10.42,
            "book_valuer_per_share_4q_avg": 10.62,
            "equity": 1250196,
            "current_ratio": 130.93,
            "debt_ratio": 71.21,
            "inventory_turnover_ratio": 1.67,
            "account_receivable_turnover_ratio": 0.59,
            "reinvestment_rate": -312.77,
            "research_to_sale_ratio": 0.02,
            "price_fair": 15.6,
            "eps_avg_yearly": 0.45,
            "eps_latest_yearly": 0.12,
            "eps_growth_yearly": 270.25
        },
        "20163": {
            "year_quarter": 20163,
            "year": 2016,
            "quarter": 3,
            "eps": -0.52,
            "eps_growth_year": -500,
            "eps_4q": -0.73,
            "eps_4q_growth_year": -246.35,
            "roe": -6.02,
            "roe_4q": -7.959999999999999,
            "gross_profit": -23853,
            "gross_margin": -2.07,
            "gross_margin_4q_avg": 3.99,
            "net_income": -72274,
            "net_income_4q": null,
            "revenue": 1153082,
            "revenue_4q": null,
            "common_shares": 900020,
            "book_valuer_per_share": 9.71,
            "book_valuer_per_share_4q_avg": 10.3,
            "equity": 1151128,
            "current_ratio": 132.65,
            "debt_ratio": 69.61,
            "inventory_turnover_ratio": 2.03,
            "account_receivable_turnover_ratio": 0.56,
            "reinvestment_rate": -531.8,
            "research_to_sale_ratio": 0.02,
            "price_fair": 16.48,
            "eps_avg_yearly": 0.47,
            "eps_latest_yearly": 0.12,
            "eps_growth_yearly": 317.42
        },
        "20164": {
            "year_quarter": 20164,
            "year": 2016,
            "quarter": 4,
            "eps": -1.07,
            "eps_growth_year": null,
            "eps_4q": -1.52,
            "eps_4q_growth_year": -4915.79,
            "roe": -14.43,
            "roe_4q": -19.759999999999998,
            "gross_profit": 43671,
            "gross_margin": 3.28,
            "gross_margin_4q_avg": 3.6,
            "net_income": -154412,
            "net_income_4q": null,
            "revenue": 1330636,
            "revenue_4q": null,
            "common_shares": 900020,
            "book_valuer_per_share": 8.59,
            "book_valuer_per_share_4q_avg": 9.81,
            "equity": 989043,
            "current_ratio": 125.6,
            "debt_ratio": 74.11,
            "inventory_turnover_ratio": 2.32,
            "account_receivable_turnover_ratio": 0.74,
            "reinvestment_rate": null,
            "research_to_sale_ratio": 0.06,
            "price_fair": 17.15,
            "eps_avg_yearly": 0.49,
            "eps_latest_yearly": 0.12,
            "eps_growth_yearly": 310.53
        },
        "20171": {
            "year_quarter": 20171,
            "year": 2017,
            "quarter": 1,
            "eps": -0.57,
            "eps_growth_year": -1525,
            "eps_4q": -2.13,
            "eps_4q_growth_year": null,
            "roe": -9.65,
            "roe_4q": -29.319999999999997,
            "gross_profit": 17790,
            "gross_margin": 1.19,
            "gross_margin_4q_avg": 2.36,
            "net_income": -89784,
            "net_income_4q": null,
            "revenue": 1491046,
            "revenue_4q": null,
            "common_shares": 900020,
            "book_valuer_per_share": 7.83,
            "book_valuer_per_share_4q_avg": 9.14,
            "equity": 872079,
            "current_ratio": 117.12,
            "debt_ratio": 77.82,
            "inventory_turnover_ratio": 2.26,
            "account_receivable_turnover_ratio": 0.86,
            "reinvestment_rate": null,
            "research_to_sale_ratio": 0.03,
            "price_fair": 17.44,
            "eps_avg_yearly": 0.5,
            "eps_latest_yearly": 0.12,
            "eps_growth_yearly": 314.52
        },
        "20172": {
            "year_quarter": 20172,
            "year": 2017,
            "quarter": 2,
            "eps": -0.56,
            "eps_growth_year": -1966.67,
            "eps_4q": -2.72,
            "eps_4q_growth_year": null,
            "roe": -8.4,
            "roe_4q": -38.5,
            "gross_profit": 21460,
            "gross_margin": 1.67,
            "gross_margin_4q_avg": 1.02,
            "net_income": -70748,
            "net_income_4q": null,
            "revenue": 1286279,
            "revenue_4q": null,
            "common_shares": 900020,
            "book_valuer_per_share": 7.35,
            "book_valuer_per_share_4q_avg": 8.37,
            "equity": 812023,
            "current_ratio": 115.63,
            "debt_ratio": 78.84,
            "inventory_turnover_ratio": 1.7,
            "account_receivable_turnover_ratio": 0.75,
            "reinvestment_rate": null,
            "research_to_sale_ratio": 0.16,
            "price_fair": 17.64,
            "eps_avg_yearly": 0.5,
            "eps_latest_yearly": 0.12,
            "eps_growth_yearly": 341.98
        },
        "20173": {
            "year_quarter": 20173,
            "year": 2017,
            "quarter": 3,
            "eps": -0.34,
            "eps_growth_year": null,
            "eps_4q": -2.53,
            "eps_4q_growth_year": null,
            "roe": -7.6,
            "roe_4q": -40.08,
            "gross_profit": 41801,
            "gross_margin": 19.89,
            "gross_margin_4q_avg": 6.51,
            "net_income": -56051,
            "net_income_4q": null,
            "revenue": 210156,
            "revenue_4q": null,
            "common_shares": 900020,
            "book_valuer_per_share": 7.36,
            "book_valuer_per_share_4q_avg": 7.78,
            "equity": 662097,
            "current_ratio": 229.27,
            "debt_ratio": 46.88,
            "inventory_turnover_ratio": 0.42,
            "account_receivable_turnover_ratio": 0.21,
            "reinvestment_rate": null,
            "research_to_sale_ratio": 1.3,
            "price_fair": 18.98,
            "eps_avg_yearly": 0.54,
            "eps_latest_yearly": 0.12,
            "eps_growth_yearly": 408.26
        },
        "20174": {
            "year_quarter": 20174,
            "year": 2017,
            "quarter": 4,
            "eps": 0.13,
            "eps_growth_year": null,
            "eps_4q": -1.33,
            "eps_4q_growth_year": null,
            "roe": 1.8,
            "roe_4q": -23.85,
            "gross_profit": 25498,
            "gross_margin": 32.95,
            "gross_margin_4q_avg": 13.93,
            "net_income": 12024,
            "net_income_4q": null,
            "revenue": 77377,
            "revenue_4q": null,
            "common_shares": 900020,
            "book_valuer_per_share": 7.48,
            "book_valuer_per_share_4q_avg": 7.51,
            "equity": 673229,
            "current_ratio": 172.46,
            "debt_ratio": 51.19,
            "inventory_turnover_ratio": 0.63,
            "account_receivable_turnover_ratio": 0.3,
            "reinvestment_rate": null,
            "research_to_sale_ratio": 3.21,
            "price_fair": 15.05,
            "eps_avg_yearly": 0.43,
            "eps_latest_yearly": 0.12,
            "eps_growth_yearly": 59.29
        },
        "20181": {
            "year_quarter": 20181,
            "year": 2018,
            "quarter": 1,
            "eps": 0.1,
            "eps_growth_year": null,
            "eps_4q": -0.66,
            "eps_4q_growth_year": null,
            "roe": 1.34,
            "roe_4q": -12.86,
            "gross_profit": 30793,
            "gross_margin": 9.84,
            "gross_margin_4q_avg": 16.09,
            "net_income": 9166,
            "net_income_4q": null,
            "revenue": 312895,
            "revenue_4q": null,
            "common_shares": 900020,
            "book_valuer_per_share": 7.67,
            "book_valuer_per_share_4q_avg": 7.47,
            "equity": 690087,
            "current_ratio": 190.08,
            "debt_ratio": 45.59,
            "inventory_turnover_ratio": 3.63,
            "account_receivable_turnover_ratio": 1.25,
            "reinvestment_rate": null,
            "research_to_sale_ratio": 0.61,
            "price_fair": 14.7,
            "eps_avg_yearly": 0.42,
            "eps_latest_yearly": 0.4,
            "eps_growth_yearly": 81.08
        },
        "20182": {
            "year_quarter": 20182,
            "year": 2018,
            "quarter": 2,
            "eps": 0.13,
            "eps_growth_year": null,
            "eps_4q": 0.02,
            "eps_4q_growth_year": null,
            "roe": 1.62,
            "roe_4q": -2.84,
            "gross_profit": 16111,
            "gross_margin": 31.28,
            "gross_margin_4q_avg": 23.49,
            "net_income": 11245,
            "net_income_4q": null,
            "revenue": 51512,
            "revenue_4q": null,
            "common_shares": 900020,
            "book_valuer_per_share": 7.79,
            "book_valuer_per_share_4q_avg": 7.58,
            "equity": 701332,
            "current_ratio": 204.5,
            "debt_ratio": 43.22,
            "inventory_turnover_ratio": 1,
            "account_receivable_turnover_ratio": 0.2,
            "reinvestment_rate": null,
            "research_to_sale_ratio": 2.77,
            "price_fair": 16.1,
            "eps_avg_yearly": 0.46,
            "eps_latest_yearly": 0.52,
            "eps_growth_yearly": 125.25
        },
        "20183": {
            "year_quarter": 20183,
            "year": 2018,
            "quarter": 3,
            "eps": 0.2,
            "eps_growth_year": null,
            "eps_4q": 0.68,
            "eps_4q_growth_year": null,
            "roe": 1.87,
            "roe_4q": 6.63,
            "gross_profit": 36689,
            "gross_margin": 27.76,
            "gross_margin_4q_avg": 25.46,
            "net_income": 13234,
            "net_income_4q": null,
            "revenue": 132171,
            "revenue_4q": null,
            "common_shares": 673235,
            "book_valuer_per_share": 10.61,
            "book_valuer_per_share_4q_avg": 8.39,
            "equity": 714572,
            "current_ratio": 243.61,
            "debt_ratio": 43.15,
            "inventory_turnover_ratio": 2.86,
            "account_receivable_turnover_ratio": 0.5,
            "reinvestment_rate": null,
            "research_to_sale_ratio": 0.99,
            "price_fair": 16.8,
            "eps_avg_yearly": 0.48,
            "eps_latest_yearly": 0.8,
            "eps_growth_yearly": 42.17
        },
        "20184": {
            "year_quarter": 20184,
            "year": 2018,
            "quarter": 4,
            "eps": 0.36,
            "eps_growth_year": 165.78,
            "eps_4q": 1.07,
            "eps_4q_growth_year": null,
            "roe": 2.73,
            "roe_4q": 7.56,
            "gross_profit": 45084,
            "gross_margin": 21.87,
            "gross_margin_4q_avg": 22.69,
            "net_income": 16688,
            "net_income_4q": null,
            "revenue": 206145,
            "revenue_4q": null,
            "common_shares": 470000,
            "book_valuer_per_share": 10.82,
            "book_valuer_per_share_4q_avg": 9.22,
            "equity": 508372,
            "current_ratio": 135.86,
            "debt_ratio": 67.17,
            "inventory_turnover_ratio": 6.15,
            "account_receivable_turnover_ratio": 0.5,
            "reinvestment_rate": null,
            "research_to_sale_ratio": 0.61,
            "price_fair": 19.78,
            "eps_avg_yearly": 0.57,
            "eps_latest_yearly": 1.44,
            "eps_growth_yearly": 72.8
        },
        "20191": {
            "year_quarter": 20191,
            "year": 2019,
            "quarter": 1,
            "eps": -0.03,
            "eps_growth_year": -130,
            "eps_4q": 0.88,
            "eps_4q_growth_year": null,
            "roe": -0.23,
            "roe_4q": 5.99,
            "gross_profit": 14980,
            "gross_margin": 28.02,
            "gross_margin_4q_avg": 27.23,
            "net_income": -1177,
            "net_income_4q": null,
            "revenue": 53463,
            "revenue_4q": null,
            "common_shares": 470000,
            "book_valuer_per_share": 11.25,
            "book_valuer_per_share_4q_avg": 10.12,
            "equity": 513247,
            "current_ratio": 178.51,
            "debt_ratio": 52.41,
            "inventory_turnover_ratio": 1.3,
            "account_receivable_turnover_ratio": 0.18,
            "reinvestment_rate": null,
            "research_to_sale_ratio": 2.82,
            "price_fair": 20.2,
            "eps_avg_yearly": 0.58,
            "eps_latest_yearly": 1.44,
            "eps_growth_yearly": 104.25
        },
        "20192": {
            "year_quarter": 20192,
            "year": 2019,
            "quarter": 2,
            "eps": 0.21,
            "eps_growth_year": 61.54,
            "eps_4q": 0.84,
            "eps_4q_growth_year": 3991.23,
            "roe": 1.89,
            "roe_4q": 6.26,
            "gross_profit": 30878,
            "gross_margin": 7.83,
            "gross_margin_4q_avg": 21.37,
            "net_income": 9378,
            "net_income_4q": null,
            "revenue": 394592,
            "revenue_4q": null,
            "common_shares": 470000,
            "book_valuer_per_share": 10.46,
            "book_valuer_per_share_4q_avg": 10.79,
            "equity": 477035,
            "current_ratio": 154.13,
            "debt_ratio": 58.87,
            "inventory_turnover_ratio": 7.92,
            "account_receivable_turnover_ratio": 2.51,
            "reinvestment_rate": null,
            "research_to_sale_ratio": 0.42,
            "price_fair": 22.17,
            "eps_avg_yearly": 0.63,
            "eps_latest_yearly": 1.44,
            "eps_growth_yearly": 154.96
        },
        "20193": {
            "year_quarter": 20193,
            "year": 2019,
            "quarter": 3,
            "eps": 0.17,
            "eps_growth_year": -15,
            "eps_4q": 0.71,
            "eps_4q_growth_year": 5.15,
            "roe": 1.59,
            "roe_4q": 5.98,
            "gross_profit": 21597,
            "gross_margin": 16.05,
            "gross_margin_4q_avg": 18.44,
            "net_income": 7641,
            "net_income_4q": null,
            "revenue": 134578,
            "revenue_4q": null,
            "common_shares": 470000,
            "book_valuer_per_share": 10.63,
            "book_valuer_per_share_4q_avg": 10.79,
            "equity": 484676,
            "current_ratio": 173.35,
            "debt_ratio": 55.65,
            "inventory_turnover_ratio": 1.94,
            "account_receivable_turnover_ratio": 0.52,
            "reinvestment_rate": null,
            "research_to_sale_ratio": 1.29,
            "price_fair": 23.1,
            "eps_avg_yearly": 0.66,
            "eps_latest_yearly": 0.68,
            "eps_growth_yearly": 64.48
        },
        "20194": {
            "year_quarter": 20194,
            "year": 2019,
            "quarter": 4,
            "eps": 0.25,
            "eps_growth_year": -28.67,
            "eps_4q": 0.6,
            "eps_4q_growth_year": -43.91,
            "roe": 2.36,
            "roe_4q": 5.609999999999999,
            "gross_profit": 37145,
            "gross_margin": 29.84,
            "gross_margin_4q_avg": 20.44,
            "net_income": 11551,
            "net_income_4q": null,
            "revenue": 124492,
            "revenue_4q": null,
            "common_shares": 470000,
            "book_valuer_per_share": 10.88,
            "book_valuer_per_share_4q_avg": 10.81,
            "equity": 496291,
            "current_ratio": 197.19,
            "debt_ratio": 48.98,
            "inventory_turnover_ratio": 1.02,
            "account_receivable_turnover_ratio": 0.72,
            "reinvestment_rate": null,
            "research_to_sale_ratio": 1.28,
            "price_fair": 24.8,
            "eps_avg_yearly": 0.71,
            "eps_latest_yearly": 1,
            "eps_growth_yearly": 82.16
        },
        "20201": {
            "year_quarter": 20201,
            "year": 2020,
            "quarter": 1,
            "eps": 0.11,
            "eps_growth_year": null,
            "eps_4q": 0.74,
            "eps_4q_growth_year": -16.14,
            "roe": 1,
            "roe_4q": 6.84,
            "gross_profit": 26393,
            "gross_margin": 16.56,
            "gross_margin_4q_avg": 17.57,
            "net_income": 4967,
            "net_income_4q": null,
            "revenue": 159369,
            "revenue_4q": null,
            "common_shares": 470000,
            "book_valuer_per_share": 10.99,
            "book_valuer_per_share_4q_avg": 10.74,
            "equity": 501258,
            "current_ratio": 224.66,
            "debt_ratio": 44.07,
            "inventory_turnover_ratio": 1.67,
            "account_receivable_turnover_ratio": 1.22,
            "reinvestment_rate": null,
            "research_to_sale_ratio": 0.89,
            "price_fair": 23.63,
            "eps_avg_yearly": 0.68,
            "eps_latest_yearly": 0.44,
            "eps_growth_yearly": 43.89
        },
        "20202": {
            "year_quarter": 20202,
            "year": 2020,
            "quarter": 2,
            "eps": 0.33,
            "eps_growth_year": 57.14,
            "eps_4q": 0.87,
            "eps_4q_growth_year": 4.4,
            "roe": 2.98,
            "roe_4q": 7.93,
            "gross_profit": 38430,
            "gross_margin": 21.65,
            "gross_margin_4q_avg": 21.03,
            "net_income": 14811,
            "net_income_4q": null,
            "revenue": 177513,
            "revenue_4q": null,
            "common_shares": 470000,
            "book_valuer_per_share": 11.04,
            "book_valuer_per_share_4q_avg": 10.89,
            "equity": 492964,
            "current_ratio": 170.33,
            "debt_ratio": 48.39,
            "inventory_turnover_ratio": 3.64,
            "account_receivable_turnover_ratio": 1.21,
            "reinvestment_rate": null,
            "research_to_sale_ratio": 0.74,
            "price_fair": 28.88,
            "eps_avg_yearly": 0.83,
            "eps_latest_yearly": 1.32,
            "eps_growth_yearly": 156.39
        },
        "20203": {
            "year_quarter": 20203,
            "year": 2020,
            "quarter": 3,
            "eps": 0.46,
            "eps_growth_year": 170.59,
            "eps_4q": 1.16,
            "eps_4q_growth_year": 63.3,
            "roe": 4.11,
            "roe_4q": 10.45,
            "gross_profit": 51565,
            "gross_margin": 17.95,
            "gross_margin_4q_avg": 21.5,
            "net_income": 20686,
            "net_income_4q": null,
            "revenue": 287304,
            "revenue_4q": null,
            "common_shares": 470000,
            "book_valuer_per_share": 11.5,
            "book_valuer_per_share_4q_avg": 11.1,
            "equity": 513650,
            "current_ratio": 199.05,
            "debt_ratio": 54.14,
            "inventory_turnover_ratio": 5.42,
            "account_receivable_turnover_ratio": 1.6,
            "reinvestment_rate": null,
            "research_to_sale_ratio": 0.53,
            "price_fair": 32.82,
            "eps_avg_yearly": 0.94,
            "eps_latest_yearly": 1.84,
            "eps_growth_yearly": 156.52
        },
        "20204": {
            "year_quarter": 20204,
            "year": 2020,
            "quarter": 4,
            "eps": 0.21,
            "eps_growth_year": -17.31,
            "eps_4q": 1.12,
            "eps_4q_growth_year": 85.73,
            "roe": 1.8,
            "roe_4q": 9.89,
            "gross_profit": 45293,
            "gross_margin": 39.79,
            "gross_margin_4q_avg": 23.99,
            "net_income": 9352,
            "net_income_4q": null,
            "revenue": 113842,
            "revenue_4q": null,
            "common_shares": 470000,
            "book_valuer_per_share": 11.71,
            "book_valuer_per_share_4q_avg": 11.31,
            "equity": 523052,
            "current_ratio": 201.82,
            "debt_ratio": 47.49,
            "inventory_turnover_ratio": 1.13,
            "account_receivable_turnover_ratio": 0.79,
            "reinvestment_rate": -2228.17,
            "research_to_sale_ratio": 1.28,
            "price_fair": 32.48,
            "eps_avg_yearly": 0.93,
            "eps_latest_yearly": 0.84,
            "eps_growth_yearly": 119.13
        },
        "20211": {
            "year_quarter": 20211,
            "year": 2021,
            "quarter": 1,
            "eps": 0.02,
            "eps_growth_year": -81.82,
            "eps_4q": 1,
            "eps_4q_growth_year": 35.75,
            "roe": 0.14,
            "roe_4q": 9.030000000000001,
            "gross_profit": 30930,
            "gross_margin": 17.95,
            "gross_margin_4q_avg": 24.34,
            "net_income": 727,
            "net_income_4q": null,
            "revenue": 172278,
            "revenue_4q": null,
            "common_shares": 470000,
            "book_valuer_per_share": 10.96,
            "book_valuer_per_share_4q_avg": 11.3,
            "equity": 500250,
            "current_ratio": 184.63,
            "debt_ratio": 49.32,
            "inventory_turnover_ratio": 2.7,
            "account_receivable_turnover_ratio": 2.2,
            "reinvestment_rate": -278.5,
            "research_to_sale_ratio": 0.87,
            "price_fair": 29.78,
            "eps_avg_yearly": 0.85,
            "eps_latest_yearly": 0.08,
            "eps_growth_yearly": 75.4
        },
        "20212": {
            "year_quarter": 20212,
            "year": 2021,
            "quarter": 2,
            "eps": -0.21,
            "eps_growth_year": -163.64,
            "eps_4q": 0.46,
            "eps_4q_growth_year": -46.88,
            "roe": -2.14,
            "roe_4q": 3.91,
            "gross_profit": 20821,
            "gross_margin": 34.84,
            "gross_margin_4q_avg": 27.63,
            "net_income": -10845,
            "net_income_4q": null,
            "revenue": 59763,
            "revenue_4q": null,
            "common_shares": 470000,
            "book_valuer_per_share": 10.79,
            "book_valuer_per_share_4q_avg": 11.24,
            "equity": 511405,
            "current_ratio": 237.25,
            "debt_ratio": 52.02,
            "inventory_turnover_ratio": 0.76,
            "account_receivable_turnover_ratio": 0.64,
            "reinvestment_rate": -159.36,
            "research_to_sale_ratio": 1.83,
            "price_fair": 29.78,
            "eps_avg_yearly": 0.85,
            "eps_latest_yearly": 0.08,
            "eps_growth_yearly": 75.4
        },
        "20213": {
            "year_quarter": 20213,
            "year": 2021,
            "quarter": 3,
            "eps": 0.53,
            "eps_growth_year": 15.22,
            "eps_4q": 0.55,
            "eps_4q_growth_year": -52.94,
            "roe": 4.77,
            "roe_4q": 4.569999999999999,
            "gross_profit": 40375,
            "gross_margin": 25.64,
            "gross_margin_4q_avg": 29.56,
            "net_income": 24548,
            "net_income_4q": null,
            "revenue": 157493,
            "revenue_4q": null,
            "common_shares": 470000,
            "book_valuer_per_share": 11.32,
            "book_valuer_per_share_4q_avg": 11.2,
            "equity": 516925,
            "current_ratio": 215.72,
            "debt_ratio": 52.61,
            "inventory_turnover_ratio": 1.5,
            "account_receivable_turnover_ratio": 1.37,
            "reinvestment_rate": -102.19,
            "research_to_sale_ratio": 0.82,
            "price_fair": 29.78,
            "eps_avg_yearly": 0.85,
            "eps_latest_yearly": 0.08,
            "eps_growth_yearly": 75.4
        },
        "20214": {
            "year_quarter": 20214,
            "year": 2021,
            "quarter": 4,
            "eps": 0.64,
            "eps_growth_year": 203.97,
            "eps_4q": 0.98,
            "eps_4q_growth_year": -12.16,
            "roe": 5.47,
            "roe_4q": 8.239999999999998,
            "gross_profit": 67925,
            "gross_margin": 27.99,
            "gross_margin_4q_avg": 26.61,
            "net_income": 29064,
            "net_income_4q": null,
            "revenue": 242716,
            "revenue_4q": null,
            "common_shares": 466038,
            "book_valuer_per_share": 11.97,
            "book_valuer_per_share_4q_avg": 11.26,
            "equity": 546262,
            "current_ratio": 210.58,
            "debt_ratio": 52.54,
            "inventory_turnover_ratio": 2.42,
            "account_receivable_turnover_ratio": 1.45,
            "reinvestment_rate": -93.31,
            "research_to_sale_ratio": 0.5,
            "price_fair": 34.77,
            "eps_avg_yearly": 0.99,
            "eps_latest_yearly": 2.56,
            "eps_growth_yearly": 76.04
        },
        "20221": {
            "year_quarter": 20221,
            "year": 2022,
            "quarter": 1,
            "eps": 0.12,
            "eps_growth_year": 500,
            "eps_4q": 1.08,
            "eps_4q_growth_year": 8.56,
            "roe": 1.04,
            "roe_4q": 9.139999999999999,
            "gross_profit": 32643,
            "gross_margin": 32.52,
            "gross_margin_4q_avg": 30.25,
            "net_income": 5468,
            "net_income_4q": null,
            "revenue": 100384,
            "revenue_4q": null,
            "common_shares": 466038,
            "book_valuer_per_share": 11.08,
            "book_valuer_per_share_4q_avg": 11.29,
            "equity": 506030,
            "current_ratio": 206.59,
            "debt_ratio": 51.91,
            "inventory_turnover_ratio": 1.28,
            "account_receivable_turnover_ratio": 0.65,
            "reinvestment_rate": -101.17,
            "research_to_sale_ratio": 1.33,
            "price_fair": 35,
            "eps_avg_yearly": 1,
            "eps_latest_yearly": 0.48,
            "eps_growth_yearly": 56.64
        },
        "20222": {
            "year_quarter": 20222,
            "year": 2022,
            "quarter": 2,
            "eps": 0.11,
            "eps_growth_year": null,
            "eps_4q": 1.4,
            "eps_4q_growth_year": 202.32,
            "roe": 0.96,
            "roe_4q": 12.239999999999998,
            "gross_profit": 32847,
            "gross_margin": 33.16,
            "gross_margin_4q_avg": 29.83,
            "net_income": 4903,
            "net_income_4q": null,
            "revenue": 99064,
            "revenue_4q": null,
            "common_shares": 466038,
            "book_valuer_per_share": 11.19,
            "book_valuer_per_share_4q_avg": 11.39,
            "equity": 510933,
            "current_ratio": 195.37,
            "debt_ratio": 46.89,
            "inventory_turnover_ratio": 0.93,
            "account_receivable_turnover_ratio": 0.85,
            "reinvestment_rate": -99.75,
            "research_to_sale_ratio": 1.13,
            "price_fair": 34.77,
            "eps_avg_yearly": 0.99,
            "eps_latest_yearly": 0.44,
            "eps_growth_yearly": 43.87
        },
        "20223": {
            "year_quarter": 20223,
            "year": 2022,
            "quarter": 3,
            "eps": 0.08,
            "eps_growth_year": -84.91,
            "eps_4q": 0.94,
            "eps_4q_growth_year": 71.89,
            "roe": 0.7,
            "roe_4q": 8.17,
            "gross_profit": 28214,
            "gross_margin": 26.84,
            "gross_margin_4q_avg": 30.13,
            "net_income": 3582,
            "net_income_4q": null,
            "revenue": 105120,
            "revenue_4q": null,
            "common_shares": 466038,
            "book_valuer_per_share": 11.27,
            "book_valuer_per_share_4q_avg": 11.38,
            "equity": 514515,
            "current_ratio": 211.76,
            "debt_ratio": 44.32,
            "inventory_turnover_ratio": 0.74,
            "account_receivable_turnover_ratio": 0.95,
            "reinvestment_rate": 2.42,
            "research_to_sale_ratio": 0.99,
            "price_fair": 25.57,
            "eps_avg_yearly": 0.95,
            "eps_latest_yearly": 0.32,
            "eps_growth_yearly": 16.83
        },
        "20224": {
            "year_quarter": 20224,
            "year": 2022,
            "quarter": 4,
            "eps": 0.52,
            "eps_growth_year": -17.65,
            "eps_4q": 0.83,
            "eps_4q_growth_year": -15.31,
            "roe": 4.56,
            "roe_4q": 7.26,
            "gross_profit": 56271,
            "gross_margin": 28.15,
            "gross_margin_4q_avg": 30.17,
            "net_income": 23935,
            "net_income_4q": null,
            "revenue": 199924,
            "revenue_4q": null,
            "common_shares": 466038,
            "book_valuer_per_share": 11.74,
            "book_valuer_per_share_4q_avg": 11.32,
            "equity": 536141,
            "current_ratio": 202.1,
            "debt_ratio": 45.09,
            "inventory_turnover_ratio": 1.3,
            "account_receivable_turnover_ratio": 1.34,
            "reinvestment_rate": 3.01,
            "research_to_sale_ratio": 0.55,
            "price_fair": 35.23,
            "eps_avg_yearly": 1.01,
            "eps_latest_yearly": 2.08,
            "eps_growth_yearly": 173.49
        },
        "20231": {
            "year_quarter": 20231,
            "year": 2023,
            "quarter": 1,
            "eps": 0.12,
            "eps_growth_year": 0,
            "eps_4q": 0.81,
            "eps_4q_growth_year": -25.37,
            "roe": 1,
            "roe_4q": 7.22,
            "gross_profit": 36534,
            "gross_margin": 22.83,
            "gross_margin_4q_avg": 27.75,
            "net_income": 5275,
            "net_income_4q": null,
            "revenue": 159998,
            "revenue_4q": null,
            "common_shares": 466038,
            "book_valuer_per_share": 11.18,
            "book_valuer_per_share_4q_avg": 11.35,
            "equity": 520971,
            "current_ratio": 180.46,
            "debt_ratio": 49.42,
            "inventory_turnover_ratio": 0.98,
            "account_receivable_turnover_ratio": 0.73,
            "reinvestment_rate": 2.93,
            "research_to_sale_ratio": 0.57,
            "price_fair": 33.82,
            "eps_avg_yearly": 0.97,
            "eps_latest_yearly": 0.48,
            "eps_growth_yearly": 136.48
        },
        "20232": {
            "year_quarter": 20232,
            "year": 2023,
            "quarter": 2,
            "eps": 0.76,
            "eps_growth_year": 590.91,
            "eps_4q": 1.46,
            "eps_4q_growth_year": 4.32,
            "roe": 6.56,
            "roe_4q": 12.819999999999999,
            "gross_profit": 83002,
            "gross_margin": 25.34,
            "gross_margin_4q_avg": 25.79,
            "net_income": 35345,
            "net_income_4q": null,
            "revenue": 327511,
            "revenue_4q": null,
            "common_shares": 466038,
            "book_valuer_per_share": 11.94,
            "book_valuer_per_share_4q_avg": 11.53,
            "equity": 556316,
            "current_ratio": 160.75,
            "debt_ratio": 49.64,
            "inventory_turnover_ratio": 2.12,
            "account_receivable_turnover_ratio": 1.2,
            "reinvestment_rate": 3.38,
            "research_to_sale_ratio": 0.25,
            "price_fair": 39,
            "eps_avg_yearly": 1.11,
            "eps_latest_yearly": 3.04,
            "eps_growth_yearly": 279.11
        }
    },
    "months": {
        "2002-02": {
            "month": "2002-02",
            "price": "40.34",
            "revenue": 60839
        },
        "2002-03": {
            "month": "2002-03",
            "price": "46.72",
            "revenue": 140350
        },
        "2002-04": {
            "month": "2002-04",
            "price": "46.00",
            "revenue": 15789
        },
        "2002-05": {
            "month": "2002-05",
            "price": "37.32",
            "revenue": 93539
        },
        "2002-06": {
            "month": "2002-06",
            "price": "34.38",
            "revenue": 202163
        },
        "2002-07": {
            "month": "2002-07",
            "price": "26.85",
            "revenue": 59485
        },
        "2002-08": {
            "month": "2002-08",
            "price": "25.34",
            "revenue": 94118
        },
        "2002-09": {
            "month": "2002-09",
            "price": "27.69",
            "revenue": 139373
        },
        "2002-10": {
            "month": "2002-10",
            "price": "29.99",
            "revenue": 49734
        },
        "2002-11": {
            "month": "2002-11",
            "price": "28.77",
            "revenue": 15471
        },
        "2002-12": {
            "month": "2002-12",
            "price": "23.14",
            "revenue": 163802
        },
        "2003-01": {
            "month": "2003-01",
            "price": "21.62",
            "revenue": 49405
        },
        "2003-02": {
            "month": "2003-02",
            "price": "20.00",
            "revenue": 54091
        },
        "2003-03": {
            "month": "2003-03",
            "price": "17.98",
            "revenue": 47339
        },
        "2003-04": {
            "month": "2003-04",
            "price": "17.41",
            "revenue": 40163
        },
        "2003-05": {
            "month": "2003-05",
            "price": "13.74",
            "revenue": 55068
        },
        "2003-06": {
            "month": "2003-06",
            "price": "15.91",
            "revenue": 218665
        },
        "2003-07": {
            "month": "2003-07",
            "price": "18.52",
            "revenue": 52684
        },
        "2003-08": {
            "month": "2003-08",
            "price": "15.34",
            "revenue": 51160
        },
        "2003-09": {
            "month": "2003-09",
            "price": "11.28",
            "revenue": 170751
        },
        "2003-10": {
            "month": "2003-10",
            "price": "11.05",
            "revenue": 129209
        },
        "2003-11": {
            "month": "2003-11",
            "price": "11.02",
            "revenue": 95543
        },
        "2003-12": {
            "month": "2003-12",
            "price": "10.83",
            "revenue": 229543
        },
        "2004-01": {
            "month": "2004-01",
            "price": "11.34",
            "revenue": 54133
        },
        "2004-02": {
            "month": "2004-02",
            "price": "12.45",
            "revenue": 83285
        },
        "2004-03": {
            "month": "2004-03",
            "price": "11.57",
            "revenue": 38093
        },
        "2004-04": {
            "month": "2004-04",
            "price": "10.88",
            "revenue": 38469
        },
        "2004-05": {
            "month": "2004-05",
            "price": "8.34",
            "revenue": 34834
        },
        "2004-06": {
            "month": "2004-06",
            "price": "6.88",
            "revenue": 123137
        },
        "2004-07": {
            "month": "2004-07",
            "price": "5.20",
            "revenue": 86652
        },
        "2004-08": {
            "month": "2004-08",
            "price": "5.07",
            "revenue": 55897
        },
        "2004-09": {
            "month": "2004-09",
            "price": "4.67",
            "revenue": 31335
        },
        "2004-10": {
            "month": "2004-10",
            "price": "4.61",
            "revenue": 22329
        },
        "2004-11": {
            "month": "2004-11",
            "price": "4.62",
            "revenue": 152541
        },
        "2004-12": {
            "month": "2004-12",
            "price": "4.70",
            "revenue": 72703
        },
        "2005-01": {
            "month": "2005-01",
            "price": "3.84",
            "revenue": 98397
        },
        "2005-02": {
            "month": "2005-02",
            "price": "3.89",
            "revenue": 25053
        },
        "2005-03": {
            "month": "2005-03",
            "price": "4.28",
            "revenue": 57851
        },
        "2005-04": {
            "month": "2005-04",
            "price": "3.66",
            "revenue": 28545
        },
        "2005-05": {
            "month": "2005-05",
            "price": "3.59",
            "revenue": 28876
        },
        "2005-06": {
            "month": "2005-06",
            "price": "5.46",
            "revenue": 38994
        },
        "2005-07": {
            "month": "2005-07",
            "price": "6.05",
            "revenue": 17414
        },
        "2005-08": {
            "month": "2005-08",
            "price": "5.87",
            "revenue": 23240
        },
        "2005-09": {
            "month": "2005-09",
            "price": "5.52",
            "revenue": 77767
        },
        "2005-10": {
            "month": "2005-10",
            "price": "5.15",
            "revenue": 70330
        },
        "2005-11": {
            "month": "2005-11",
            "price": "5.41",
            "revenue": 163469
        },
        "2005-12": {
            "month": "2005-12",
            "price": "5.57",
            "revenue": 131007
        },
        "2006-01": {
            "month": "2006-01",
            "price": "5.22",
            "revenue": 61572
        },
        "2006-02": {
            "month": "2006-02",
            "price": "4.85",
            "revenue": 24490
        },
        "2006-03": {
            "month": "2006-03",
            "price": "4.26",
            "revenue": 86275
        },
        "2006-04": {
            "month": "2006-04",
            "price": "4.36",
            "revenue": 81690
        },
        "2006-05": {
            "month": "2006-05",
            "price": "4.93",
            "revenue": 29963
        },
        "2006-06": {
            "month": "2006-06",
            "price": "5.20",
            "revenue": 95271
        },
        "2006-07": {
            "month": "2006-07",
            "price": "5.63",
            "revenue": 35517
        },
        "2006-08": {
            "month": "2006-08",
            "price": "6.05",
            "revenue": 24117
        },
        "2006-09": {
            "month": "2006-09",
            "price": "5.94",
            "revenue": 59473
        },
        "2006-10": {
            "month": "2006-10",
            "price": "5.95",
            "revenue": 38603
        },
        "2006-11": {
            "month": "2006-11",
            "price": "6.11",
            "revenue": 40082
        },
        "2006-12": {
            "month": "2006-12",
            "price": "7.23",
            "revenue": 120278
        },
        "2007-01": {
            "month": "2007-01",
            "price": "7.73",
            "revenue": 28243
        },
        "2007-02": {
            "month": "2007-02",
            "price": "6.96",
            "revenue": 11514
        },
        "2007-03": {
            "month": "2007-03",
            "price": "7.39",
            "revenue": 113889
        },
        "2007-04": {
            "month": "2007-04",
            "price": "8.15",
            "revenue": 17133
        },
        "2007-05": {
            "month": "2007-05",
            "price": "7.61",
            "revenue": 58938
        },
        "2007-06": {
            "month": "2007-06",
            "price": "7.11",
            "revenue": 90070
        },
        "2007-07": {
            "month": "2007-07",
            "price": "8.34",
            "revenue": 19358
        },
        "2007-08": {
            "month": "2007-08",
            "price": "6.73",
            "revenue": 43861
        },
        "2007-09": {
            "month": "2007-09",
            "price": "6.82",
            "revenue": 31292
        },
        "2007-10": {
            "month": "2007-10",
            "price": "6.08",
            "revenue": 61125
        },
        "2007-11": {
            "month": "2007-11",
            "price": "5.15",
            "revenue": 45404
        },
        "2007-12": {
            "month": "2007-12",
            "price": "4.56",
            "revenue": 101433
        },
        "2008-01": {
            "month": "2008-01",
            "price": "4.90",
            "revenue": 38217
        },
        "2008-02": {
            "month": "2008-02",
            "price": "4.89",
            "revenue": 30613
        },
        "2008-03": {
            "month": "2008-03",
            "price": "4.96",
            "revenue": 82311
        },
        "2008-04": {
            "month": "2008-04",
            "price": "4.90",
            "revenue": 17500
        },
        "2008-05": {
            "month": "2008-05",
            "price": "5.38",
            "revenue": 11984
        },
        "2008-06": {
            "month": "2008-06",
            "price": "4.55",
            "revenue": 90817
        },
        "2008-07": {
            "month": "2008-07",
            "price": "3.47",
            "revenue": 61832
        },
        "2008-08": {
            "month": "2008-08",
            "price": "3.17",
            "revenue": 86203
        },
        "2008-09": {
            "month": "2008-09",
            "price": "2.55",
            "revenue": 59397
        },
        "2008-10": {
            "month": "2008-10",
            "price": "2.22",
            "revenue": 28027
        },
        "2008-11": {
            "month": "2008-11",
            "price": "1.82",
            "revenue": 79979
        },
        "2008-12": {
            "month": "2008-12",
            "price": "1.79",
            "revenue": 29978
        },
        "2009-01": {
            "month": "2009-01",
            "price": "1.94",
            "revenue": 19181
        },
        "2009-02": {
            "month": "2009-02",
            "price": "1.94",
            "revenue": 73390
        },
        "2009-03": {
            "month": "2009-03",
            "price": "2.58",
            "revenue": 66031
        },
        "2009-04": {
            "month": "2009-04",
            "price": "3.02",
            "revenue": 16073
        },
        "2009-05": {
            "month": "2009-05",
            "price": "2.48",
            "revenue": 26742
        },
        "2009-06": {
            "month": "2009-06",
            "price": "2.80",
            "revenue": 110376
        },
        "2009-07": {
            "month": "2009-07",
            "price": "3.01",
            "revenue": 169019
        },
        "2009-08": {
            "month": "2009-08",
            "price": "3.42",
            "revenue": 45846
        },
        "2009-09": {
            "month": "2009-09",
            "price": "3.50",
            "revenue": 28448
        },
        "2009-10": {
            "month": "2009-10",
            "price": "5.19",
            "revenue": 32010
        },
        "2009-11": {
            "month": "2009-11",
            "price": "5.48",
            "revenue": 25181
        },
        "2009-12": {
            "month": "2009-12",
            "price": "6.41",
            "revenue": 18799
        },
        "2010-01": {
            "month": "2010-01",
            "price": "7.52",
            "revenue": 16119
        },
        "2010-02": {
            "month": "2010-02",
            "price": "6.24",
            "revenue": 19802
        },
        "2010-03": {
            "month": "2010-03",
            "price": "7.02",
            "revenue": 24915
        },
        "2010-04": {
            "month": "2010-04",
            "price": "8.15",
            "revenue": 18719
        },
        "2010-05": {
            "month": "2010-05",
            "price": "8.27",
            "revenue": 30045
        },
        "2010-06": {
            "month": "2010-06",
            "price": "7.88",
            "revenue": 67666
        },
        "2010-07": {
            "month": "2010-07",
            "price": "9.59",
            "revenue": 44353
        },
        "2010-08": {
            "month": "2010-08",
            "price": "10.51",
            "revenue": 46951
        },
        "2010-09": {
            "month": "2010-09",
            "price": "9.09",
            "revenue": 26674
        },
        "2010-10": {
            "month": "2010-10",
            "price": "8.08",
            "revenue": 50581
        },
        "2010-11": {
            "month": "2010-11",
            "price": "7.16",
            "revenue": 25107
        },
        "2010-12": {
            "month": "2010-12",
            "price": "7.94",
            "revenue": 45722
        },
        "2011-01": {
            "month": "2011-01",
            "price": "7.99",
            "revenue": 15076
        },
        "2011-02": {
            "month": "2011-02",
            "price": "7.82",
            "revenue": 19192
        },
        "2011-03": {
            "month": "2011-03",
            "price": "7.44",
            "revenue": 8624
        },
        "2011-04": {
            "month": "2011-04",
            "price": "7.06",
            "revenue": 13838
        },
        "2011-05": {
            "month": "2011-05",
            "price": "7.99",
            "revenue": 12410
        },
        "2011-06": {
            "month": "2011-06",
            "price": "7.99",
            "revenue": 13636
        },
        "2011-07": {
            "month": "2011-07",
            "price": "7.11",
            "revenue": 10339
        },
        "2011-08": {
            "month": "2011-08",
            "price": "5.63",
            "revenue": 21434
        },
        "2011-09": {
            "month": "2011-09",
            "price": "5.24",
            "revenue": 27686
        },
        "2011-10": {
            "month": "2011-10",
            "price": "5.08",
            "revenue": 30520
        },
        "2011-11": {
            "month": "2011-11",
            "price": "5.47",
            "revenue": 15241
        },
        "2011-12": {
            "month": "2011-12",
            "price": "4.58",
            "revenue": 158863
        },
        "2012-01": {
            "month": "2012-01",
            "price": "5.06",
            "revenue": 20371
        },
        "2012-02": {
            "month": "2012-02",
            "price": "6.16",
            "revenue": 12113
        },
        "2012-03": {
            "month": "2012-03",
            "price": "5.94",
            "revenue": 21911
        },
        "2012-04": {
            "month": "2012-04",
            "price": "5.47",
            "revenue": 15621
        },
        "2012-05": {
            "month": "2012-05",
            "price": "5.40",
            "revenue": 14563
        },
        "2012-06": {
            "month": "2012-06",
            "price": "5.12",
            "revenue": 97648
        },
        "2012-07": {
            "month": "2012-07",
            "price": "5.24",
            "revenue": 43417
        },
        "2012-08": {
            "month": "2012-08",
            "price": "5.65",
            "revenue": 59065
        },
        "2012-09": {
            "month": "2012-09",
            "price": "6.37",
            "revenue": 17135
        },
        "2012-10": {
            "month": "2012-10",
            "price": "5.79",
            "revenue": 12160
        },
        "2012-11": {
            "month": "2012-11",
            "price": "5.08",
            "revenue": 11027
        },
        "2012-12": {
            "month": "2012-12",
            "price": "5.28",
            "revenue": 32022
        },
        "2013-01": {
            "month": "2013-01",
            "price": "5.37",
            "revenue": 291877
        },
        "2013-02": {
            "month": "2013-02",
            "price": "5.33",
            "revenue": 270220
        },
        "2013-03": {
            "month": "2013-03",
            "price": "5.47",
            "revenue": 312611
        },
        "2013-04": {
            "month": "2013-04",
            "price": "6.00",
            "revenue": 561541
        },
        "2013-05": {
            "month": "2013-05",
            "price": "6.28",
            "revenue": 338936
        },
        "2013-06": {
            "month": "2013-06",
            "price": "6.28",
            "revenue": 370085
        },
        "2013-07": {
            "month": "2013-07",
            "price": "6.09",
            "revenue": 450999
        },
        "2013-08": {
            "month": "2013-08",
            "price": "6.35",
            "revenue": 345747
        },
        "2013-09": {
            "month": "2013-09",
            "price": "6.81",
            "revenue": 499440
        },
        "2013-10": {
            "month": "2013-10",
            "price": "6.83",
            "revenue": 619292
        },
        "2013-11": {
            "month": "2013-11",
            "price": "6.53",
            "revenue": 603034
        },
        "2013-12": {
            "month": "2013-12",
            "price": "6.66",
            "revenue": 834303
        },
        "2014-01": {
            "month": "2014-01",
            "price": "7.33",
            "revenue": 238449
        },
        "2014-02": {
            "month": "2014-02",
            "price": "8.35",
            "revenue": 296300
        },
        "2014-03": {
            "month": "2014-03",
            "price": "8.67",
            "revenue": 544792
        },
        "2014-04": {
            "month": "2014-04",
            "price": "10.19",
            "revenue": 422472
        },
        "2014-05": {
            "month": "2014-05",
            "price": "9.70",
            "revenue": 570075
        },
        "2014-06": {
            "month": "2014-06",
            "price": "10.01",
            "revenue": 485814
        },
        "2014-07": {
            "month": "2014-07",
            "price": "11.35",
            "revenue": 368806
        },
        "2014-08": {
            "month": "2014-08",
            "price": "10.46",
            "revenue": 341142
        },
        "2014-09": {
            "month": "2014-09",
            "price": "9.44",
            "revenue": 398581
        },
        "2014-10": {
            "month": "2014-10",
            "price": "8.39",
            "revenue": 531360
        },
        "2014-11": {
            "month": "2014-11",
            "price": "8.18",
            "revenue": 408946
        },
        "2014-12": {
            "month": "2014-12",
            "price": "8.89",
            "revenue": 713136
        },
        "2015-01": {
            "month": "2015-01",
            "price": "9.11",
            "revenue": 348011
        },
        "2015-02": {
            "month": "2015-02",
            "price": "8.98",
            "revenue": 355524
        },
        "2015-03": {
            "month": "2015-03",
            "price": "9.26",
            "revenue": 366589
        },
        "2015-04": {
            "month": "2015-04",
            "price": "9.37",
            "revenue": 313443
        },
        "2015-05": {
            "month": "2015-05",
            "price": "8.79",
            "revenue": 271014
        },
        "2015-06": {
            "month": "2015-06",
            "price": "8.01",
            "revenue": 438564
        },
        "2015-07": {
            "month": "2015-07",
            "price": "7.88",
            "revenue": 531182
        },
        "2015-08": {
            "month": "2015-08",
            "price": "7.29",
            "revenue": 416031
        },
        "2015-09": {
            "month": "2015-09",
            "price": "6.96",
            "revenue": 604293
        },
        "2015-10": {
            "month": "2015-10",
            "price": "7.56",
            "revenue": 497220
        },
        "2015-11": {
            "month": "2015-11",
            "price": "7.76",
            "revenue": 493188
        },
        "2015-12": {
            "month": "2015-12",
            "price": "8.05",
            "revenue": 745090
        },
        "2016-01": {
            "month": "2016-01",
            "price": "7.30",
            "revenue": 747683
        },
        "2016-02": {
            "month": "2016-02",
            "price": "7.81",
            "revenue": 452683
        },
        "2016-03": {
            "month": "2016-03",
            "price": "8.12",
            "revenue": 676191
        },
        "2016-04": {
            "month": "2016-04",
            "price": "7.55",
            "revenue": 490565
        },
        "2016-05": {
            "month": "2016-05",
            "price": "7.38",
            "revenue": 374941
        },
        "2016-06": {
            "month": "2016-06",
            "price": "7.14",
            "revenue": 493218
        },
        "2016-07": {
            "month": "2016-07",
            "price": "7.03",
            "revenue": 381577
        },
        "2016-08": {
            "month": "2016-08",
            "price": "6.95",
            "revenue": 395335
        },
        "2016-09": {
            "month": "2016-09",
            "price": "6.85",
            "revenue": 376114
        },
        "2016-10": {
            "month": "2016-10",
            "price": "6.45",
            "revenue": 302823
        },
        "2016-11": {
            "month": "2016-11",
            "price": "5.56",
            "revenue": 384897
        },
        "2016-12": {
            "month": "2016-12",
            "price": "5.01",
            "revenue": 672415
        },
        "2017-01": {
            "month": "2017-01",
            "price": "5.18",
            "revenue": 517661
        },
        "2017-02": {
            "month": "2017-02",
            "price": "5.52",
            "revenue": 512502
        },
        "2017-03": {
            "month": "2017-03",
            "price": "5.83",
            "revenue": 467387
        },
        "2017-04": {
            "month": "2017-04",
            "price": "5.49",
            "revenue": 391469
        },
        "2017-05": {
            "month": "2017-05",
            "price": "4.88",
            "revenue": 375051
        },
        "2017-06": {
            "month": "2017-06",
            "price": "4.81",
            "revenue": 533390
        },
        "2017-07": {
            "month": "2017-07",
            "price": "4.94",
            "revenue": 510767
        },
        "2017-08": {
            "month": "2017-08",
            "price": "4.95",
            "revenue": 247975
        },
        "2017-09": {
            "month": "2017-09",
            "price": "5.26",
            "revenue": 361441
        },
        "2017-10": {
            "month": "2017-10",
            "price": "5.12",
            "revenue": 29030
        },
        "2017-11": {
            "month": "2017-11",
            "price": "4.84",
            "revenue": 18267
        },
        "2017-12": {
            "month": "2017-12",
            "price": "4.79",
            "revenue": 29029
        },
        "2018-01": {
            "month": "2018-01",
            "price": "5.05",
            "revenue": 42372
        },
        "2018-02": {
            "month": "2018-02",
            "price": "5.28",
            "revenue": 33491
        },
        "2018-03": {
            "month": "2018-03",
            "price": "6.26",
            "revenue": 237032
        },
        "2018-04": {
            "month": "2018-04",
            "price": "6.89",
            "revenue": 14928
        },
        "2018-05": {
            "month": "2018-05",
            "price": "6.80",
            "revenue": 12504
        },
        "2018-06": {
            "month": "2018-06",
            "price": "6.73",
            "revenue": 24080
        },
        "2018-07": {
            "month": "2018-07",
            "price": "6.63",
            "revenue": 26763
        },
        "2018-08": {
            "month": "2018-08",
            "price": "6.51",
            "revenue": 37819
        },
        "2018-09": {
            "month": "2018-09",
            "price": "6.53",
            "revenue": 67589
        },
        "2018-10": {
            "month": "2018-10",
            "price": "8.24",
            "revenue": 53898
        },
        "2018-11": {
            "month": "2018-11",
            "price": "8.75",
            "revenue": 17699
        },
        "2018-12": {
            "month": "2018-12",
            "price": "9.76",
            "revenue": 134547
        },
        "2019-01": {
            "month": "2019-01",
            "price": "9.75",
            "revenue": 15011
        },
        "2019-02": {
            "month": "2019-02",
            "price": "10.06",
            "revenue": 23915
        },
        "2019-03": {
            "month": "2019-03",
            "price": "11.68",
            "revenue": 14537
        },
        "2019-04": {
            "month": "2019-04",
            "price": "11.19",
            "revenue": 27696
        },
        "2019-05": {
            "month": "2019-05",
            "price": "11.15",
            "revenue": 280381
        },
        "2019-06": {
            "month": "2019-06",
            "price": "12.37",
            "revenue": 86515
        },
        "2019-07": {
            "month": "2019-07",
            "price": "11.98",
            "revenue": 18995
        },
        "2019-08": {
            "month": "2019-08",
            "price": "11.41",
            "revenue": 66453
        },
        "2019-09": {
            "month": "2019-09",
            "price": "11.39",
            "revenue": 49130
        },
        "2019-10": {
            "month": "2019-10",
            "price": "11.58",
            "revenue": 20092
        },
        "2019-11": {
            "month": "2019-11",
            "price": "10.85",
            "revenue": 44217
        },
        "2019-12": {
            "month": "2019-12",
            "price": "10.19",
            "revenue": 60183
        },
        "2020-01": {
            "month": "2020-01",
            "price": "9.92",
            "revenue": 16364
        },
        "2020-02": {
            "month": "2020-02",
            "price": "9.29",
            "revenue": 122835
        },
        "2020-03": {
            "month": "2020-03",
            "price": "8.26",
            "revenue": 20170
        },
        "2020-04": {
            "month": "2020-04",
            "price": "8.99",
            "revenue": 67606
        },
        "2020-05": {
            "month": "2020-05",
            "price": "10.17",
            "revenue": 41062
        },
        "2020-06": {
            "month": "2020-06",
            "price": "10.11",
            "revenue": 68845
        },
        "2020-07": {
            "month": "2020-07",
            "price": "10.24",
            "revenue": 37250
        },
        "2020-08": {
            "month": "2020-08",
            "price": "10.72",
            "revenue": 100049
        },
        "2020-09": {
            "month": "2020-09",
            "price": "14.42",
            "revenue": 150005
        },
        "2020-10": {
            "month": "2020-10",
            "price": "17.44",
            "revenue": 17227
        },
        "2020-11": {
            "month": "2020-11",
            "price": "16.58",
            "revenue": 49121
        },
        "2020-12": {
            "month": "2020-12",
            "price": "15.56",
            "revenue": 47494
        },
        "2021-01": {
            "month": "2021-01",
            "price": "14.28",
            "revenue": 68273
        },
        "2021-02": {
            "month": "2021-02",
            "price": "14.49",
            "revenue": 53464
        },
        "2021-03": {
            "month": "2021-03",
            "price": "16.13",
            "revenue": 50541
        },
        "2021-04": {
            "month": "2021-04",
            "price": "17.43",
            "revenue": 25368
        },
        "2021-05": {
            "month": "2021-05",
            "price": "14.08",
            "revenue": 13473
        },
        "2021-06": {
            "month": "2021-06",
            "price": "13.35",
            "revenue": 20923
        },
        "2021-07": {
            "month": "2021-07",
            "price": "13.17",
            "revenue": 42111
        },
        "2021-08": {
            "month": "2021-08",
            "price": "13.29",
            "revenue": 75330
        },
        "2021-09": {
            "month": "2021-09",
            "price": "13.55",
            "revenue": 39422
        },
        "2021-10": {
            "month": "2021-10",
            "price": "13.72",
            "revenue": 44708
        },
        "2021-11": {
            "month": "2021-11",
            "price": "13.92",
            "revenue": 79573
        },
        "2021-12": {
            "month": "2021-12",
            "price": "14.81",
            "revenue": 118436
        },
        "2022-01": {
            "month": "2022-01",
            "price": "15.08",
            "revenue": 46201
        },
        "2022-02": {
            "month": "2022-02",
            "price": "14.29",
            "revenue": 18930
        },
        "2022-03": {
            "month": "2022-03",
            "price": "14.62",
            "revenue": 35253
        },
        "2022-04": {
            "month": "2022-04",
            "price": "14.01",
            "revenue": 39952
        },
        "2022-05": {
            "month": "2022-05",
            "price": "13.12",
            "revenue": 15924
        },
        "2022-06": {
            "month": "2022-06",
            "price": "12.98",
            "revenue": 43188
        },
        "2022-07": {
            "month": "2022-07",
            "price": "12.02",
            "revenue": 23418
        },
        "2022-08": {
            "month": "2022-08",
            "price": "13.09",
            "revenue": 31647
        },
        "2022-09": {
            "month": "2022-09",
            "price": "12.74",
            "revenue": 50056
        },
        "2022-10": {
            "month": "2022-10",
            "price": "11.54",
            "revenue": 33665
        },
        "2022-11": {
            "month": "2022-11",
            "price": "12.92",
            "revenue": 28533
        },
        "2022-12": {
            "month": "2022-12",
            "price": "12.71",
            "revenue": 137725
        },
        "2023-01": {
            "month": "2023-01",
            "price": "12.81",
            "revenue": 53217
        },
        "2023-02": {
            "month": "2023-02",
            "price": "14.27",
            "revenue": 42448
        },
        "2023-03": {
            "month": "2023-03",
            "price": "17.62",
            "revenue": 64332
        },
        "2023-04": {
            "month": "2023-04",
            "price": "27.27",
            "revenue": 71502
        },
        "2023-05": {
            "month": "2023-05",
            "price": "38.96",
            "revenue": 207891
        },
        "2023-06": {
            "month": "2023-06",
            "price": "43.03",
            "revenue": 48119
        },
        "2023-07": {
            "month": "2023-07",
            "price": "41.23",
            "revenue": 24290
        },
        "2023-08": {
            "month": "2023-08",
            "price": "35.99",
            "revenue": 25052
        },
        "2023-09": {
            "month": "2023-09",
            "price": "31.93",
            "revenue": 122696
        }
    }
}
