{
    "summary": {
        "stock_name": "撼訊",
        "stock_id": "6150",
        "category": "電腦及週邊設備",
        "main_business": "顯示卡<br>其他",
        "website_url": "http://www.tul.com.tw",
        "ceo": "陳劍威",
        "pe_ratio": -18,
        "report_year_from": 2001,
        "report_year_to": 2023,
        "age": 22,
        "eps_negative_percentage": 43,
        "eps_growth_avg": {
            "last_all": -35.85,
            "last_2y": 0,
            "last_4y": -35,
            "last_8y": -8,
            "last_12y": -28.65,
            "last_16y": -18.51,
            "last_20y": -35.85,
            "at_2006_last_3y": -90.47,
            "at_2007_last_3y": -90.47,
            "at_2008_last_3y": -77.94,
            "at_2009_last_3y": 22.06,
            "at_2010_last_3y": 14.71,
            "at_2011_last_3y": -11.27,
            "at_2012_last_3y": -22.3,
            "at_2013_last_3y": -63.07,
            "at_2014_last_3y": -94.6,
            "at_2015_last_3y": -100,
            "at_2016_last_3y": null,
            "at_2017_last_3y": 100,
            "at_2018_last_3y": 30,
            "at_2019_last_3y": -13.33,
            "at_2020_last_3y": -13.33,
            "at_2021_last_3y": -13.33,
            "at_2022_last_3y": -33.33,
            "at_2023_last_3y": -33.33,
            "at_2006_last_all": -93.64,
            "at_2007_last_all": -93.64,
            "at_2008_last_all": -84.2,
            "at_2009_last_all": -47.36,
            "at_2010_last_all": -39.47,
            "at_2011_last_all": -46.57,
            "at_2012_last_all": -53.25,
            "at_2013_last_all": -53.25,
            "at_2014_last_all": -53.25,
            "at_2015_last_all": -53.25,
            "at_2016_last_all": -53.25,
            "at_2017_last_all": -36.22,
            "at_2018_last_all": -36.6,
            "at_2019_last_all": -42.37,
            "at_2020_last_all": -42.37,
            "at_2021_last_all": -30.5,
            "at_2022_last_all": -35.85,
            "at_2023_last_all": -35.85
        },
        "latest_eps": -5,
        "latest_price": 90.4,
        "latest_roe": -13.11,
        "latest_gross_margin": 1.66,
        "latest_equity": 1731040,
        "latest_revenue": 1046167,
        "latest_gross_profit": 17324,
        "latest_net_income": -42489,
        "latest_debt_ratio": 48.21,
        "latest_current_ratio": 164.26,
        "latest_account_receivable_turnover_ratio": 1.48,
        "latest_inventory_turnover_ratio": 1.03,
        "latest_reinvestment_rate": 84.37,
        "latest_research_to_sale_ratio": 1.17
    },
    "eps_dividends": {
        "2001": {
            "cash": 0,
            "stock": 2.32,
            "eps": 2.48
        },
        "2002": {
            "cash": 0,
            "stock": 2,
            "eps": -2.67
        },
        "2003": {
            "cash": 0,
            "stock": 0,
            "eps": 5.35
        },
        "2004": {
            "cash": 1,
            "stock": 1.5,
            "eps": 1.02
        },
        "2005": {
            "cash": 0,
            "stock": 0.6,
            "eps": -2.86
        },
        "2006": {
            "cash": 0,
            "stock": 0,
            "eps": -3.68
        },
        "2007": {
            "cash": 0,
            "stock": 0,
            "eps": 2.38
        },
        "2008": {
            "cash": 0,
            "stock": 0,
            "eps": 1.05
        },
        "2009": {
            "cash": 0.4,
            "stock": 0.1,
            "eps": 3.15
        },
        "2010": {
            "cash": 2.5,
            "stock": 0,
            "eps": 3.15
        },
        "2011": {
            "cash": 2,
            "stock": 0.7,
            "eps": 0.34
        },
        "2012": {
            "cash": 0.5,
            "stock": 0,
            "eps": -1.41
        },
        "2013": {
            "cash": 0,
            "stock": 0,
            "eps": -1.88
        },
        "2014": {
            "cash": 0,
            "stock": 0,
            "eps": -1.65
        },
        "2015": {
            "cash": 0,
            "stock": 0,
            "eps": -4.46
        },
        "2016": {
            "cash": 0,
            "stock": 0,
            "eps": 0.27
        },
        "2017": {
            "cash": 0,
            "stock": 0,
            "eps": 8.35
        },
        "2018": {
            "cash": 5,
            "stock": 1,
            "eps": 5.01
        },
        "2019": {
            "cash": 2,
            "stock": 0,
            "eps": -2.44
        },
        "2020": {
            "cash": 0,
            "stock": 0,
            "eps": 0.5
        },
        "2021": {
            "cash": 0.5,
            "stock": 0,
            "eps": 23.44
        },
        "2022": {
            "cash": 11,
            "stock": 0,
            "eps": -1.78
        },
        "2023": {
            "cash": 0,
            "stock": 0,
            "eps": -0.93
        }
    },
    "dividends": {
        "2001-05-16": {
            "cash": 0,
            "stock": 2.32
        },
        "2002-05-20": {
            "cash": 0,
            "stock": 2
        },
        "2004-03-01": {
            "cash": 1,
            "stock": 1.5
        },
        "2005-04-27": {
            "cash": 0,
            "stock": 0.6
        },
        "2009-04-27": {
            "cash": 0.4,
            "stock": 0.1
        },
        "2010-04-28": {
            "cash": 2.5,
            "stock": 0
        },
        "2011-03-18": {
            "cash": 2,
            "stock": 0.7
        },
        "2012-06-19": {
            "cash": 0.5,
            "stock": 0
        },
        "2018-09-28": {
            "cash": 5,
            "stock": 1
        },
        "2019-09-06": {
            "cash": 2,
            "stock": 0
        },
        "2021-09-06": {
            "cash": 0.5,
            "stock": 0
        },
        "2022-08-19": {
            "cash": 11,
            "stock": 0
        }
    },
    "prices": {
        "200101": "無",
        "200102": "無",
        "200103": "無",
        "200104": "無",
        "200105": "無",
        "200106": "無",
        "200107": "無",
        "200108": "無",
        "200109": "無",
        "200110": "無",
        "200111": "無",
        "200112": "無",
        "200201": "無",
        "200202": "無",
        "200203": "42.49",
        "200204": "47.45",
        "200205": "35.22",
        "200206": "31.33",
        "200207": "24.15",
        "200208": "21.80",
        "200209": "15.88",
        "200210": "12.95",
        "200211": "11.42",
        "200212": "10.08",
        "200301": "9.60",
        "200302": "10.91",
        "200303": "15.14",
        "200304": "22.92",
        "200305": "26.15",
        "200306": "35.50",
        "200307": "38.35",
        "200308": "40.35",
        "200309": "39.10",
        "200310": "35.70",
        "200311": "38.48",
        "200312": "39.58",
        "200401": "44.76",
        "200402": "49.92",
        "200403": "48.35",
        "200404": "48.16",
        "200405": "40.91",
        "200406": "34.52",
        "200407": "26.53",
        "200408": "23.41",
        "200409": "17.27",
        "200410": "16.50",
        "200411": "15.10",
        "200412": "14.41",
        "200501": "14.37",
        "200502": "16.43",
        "200503": "19.83",
        "200504": "17.12",
        "200505": "15.46",
        "200506": "19.97",
        "200507": "21.98",
        "200508": "19.35",
        "200509": "15.63",
        "200510": "16.30",
        "200511": "15.85",
        "200512": "17.44",
        "200601": "18.00",
        "200602": "16.14",
        "200603": "15.51",
        "200604": "15.06",
        "200605": "13.90",
        "200606": "10.50",
        "200607": "10.13",
        "200608": "9.22",
        "200609": "7.27",
        "200610": "7.80",
        "200611": "9.16",
        "200612": "17.01",
        "200701": "24.17",
        "200702": "19.48",
        "200703": "24.71",
        "200704": "35.85",
        "200705": "33.87",
        "200706": "35.16",
        "200707": "37.32",
        "200708": "31.66",
        "200709": "30.23",
        "200710": "26.90",
        "200711": "20.78",
        "200712": "19.41",
        "200801": "16.12",
        "200802": "16.01",
        "200803": "17.13",
        "200804": "19.24",
        "200805": "21.50",
        "200806": "23.22",
        "200807": "19.14",
        "200808": "19.39",
        "200809": "14.86",
        "200810": "10.03",
        "200811": "8.86",
        "200812": "8.96",
        "200901": "8.93",
        "200902": "8.95",
        "200903": "13.62",
        "200904": "14.61",
        "200905": "14.98",
        "200906": "13.97",
        "200907": "14.81",
        "200908": "16.89",
        "200909": "18.74",
        "200910": "25.05",
        "200911": "31.47",
        "200912": "37.09",
        "201001": "61.19",
        "201002": "56.56",
        "201003": "59.80",
        "201004": "67.55",
        "201005": "55.50",
        "201006": "51.83",
        "201007": "50.55",
        "201008": "47.93",
        "201009": "42.54",
        "201010": "39.69",
        "201011": "39.38",
        "201012": "43.45",
        "201101": "42.74",
        "201102": "37.25",
        "201103": "32.40",
        "201104": "33.54",
        "201105": "30.95",
        "201106": "30.29",
        "201107": "30.07",
        "201108": "21.57",
        "201109": "17.14",
        "201110": "17.16",
        "201111": "16.42",
        "201112": "13.60",
        "201201": "14.39",
        "201202": "20.92",
        "201203": "21.52",
        "201204": "17.77",
        "201205": "16.53",
        "201206": "17.47",
        "201207": "17.05",
        "201208": "16.81",
        "201209": "16.71",
        "201210": "14.29",
        "201211": "11.82",
        "201212": "13.39",
        "201301": "13.13",
        "201302": "12.08",
        "201303": "13.14",
        "201304": "14.66",
        "201305": "14.99",
        "201306": "15.58",
        "201307": "15.01",
        "201308": "13.13",
        "201309": "13.04",
        "201310": "12.88",
        "201311": "10.76",
        "201312": "11.08",
        "201401": "12.51",
        "201402": "12.38",
        "201403": "12.91",
        "201404": "13.93",
        "201405": "15.72",
        "201406": "15.56",
        "201407": "14.47",
        "201408": "12.89",
        "201409": "11.82",
        "201410": "10.89",
        "201411": "10.63",
        "201412": "11.04",
        "201501": "11.34",
        "201502": "11.37",
        "201503": "11.12",
        "201504": "10.18",
        "201505": "7.60",
        "201506": "7.33",
        "201507": "6.21",
        "201508": "4.89",
        "201509": "4.82",
        "201510": "7.49",
        "201511": "7.37",
        "201512": "6.75",
        "201601": "6.81",
        "201602": "7.11",
        "201603": "9.03",
        "201604": "8.59",
        "201605": "7.08",
        "201606": "7.70",
        "201607": "8.64",
        "201608": "9.09",
        "201609": "9.74",
        "201610": "12.55",
        "201611": "17.10",
        "201612": "16.39",
        "201701": "16.61",
        "201702": "20.53",
        "201703": "20.35",
        "201704": "16.89",
        "201705": "16.90",
        "201706": "20.52",
        "201707": "35.30",
        "201708": "35.24",
        "201709": "31.46",
        "201710": "57.75",
        "201711": "72.82",
        "201712": "71.21",
        "201801": "124.69",
        "201802": "207.69",
        "201803": "315.87",
        "201804": "270.06",
        "201805": "156.89",
        "201806": "144.30",
        "201807": "130.05",
        "201808": "105.04",
        "201809": "73.21",
        "201810": "51.98",
        "201811": "48.87",
        "201812": "51.11",
        "201901": "55.52",
        "201902": "64.95",
        "201903": "66.76",
        "201904": "72.04",
        "201905": "69.83",
        "201906": "73.82",
        "201907": "78.85",
        "201908": "71.76",
        "201909": "67.50",
        "201910": "66.68",
        "201911": "65.77",
        "201912": "63.71",
        "202001": "63.48",
        "202002": "60.03",
        "202003": "41.79",
        "202004": "40.36",
        "202005": "49.90",
        "202006": "50.48",
        "202007": "48.78",
        "202008": "48.33",
        "202009": "52.45",
        "202010": "52.20",
        "202011": "81.48",
        "202012": "122.53",
        "202101": "108.96",
        "202102": "102.32",
        "202103": "127.23",
        "202104": "207.95",
        "202105": "170.00",
        "202106": "161.88",
        "202107": "144.23",
        "202108": "146.43",
        "202109": "134.42",
        "202110": "148.20",
        "202111": "159.14",
        "202112": "184.16",
        "202201": "163.61",
        "202202": "156.13",
        "202203": "152.57",
        "202204": "123.26",
        "202205": "103.09",
        "202206": "86.52",
        "202207": "68.00",
        "202208": "63.46",
        "202209": "57.07",
        "202210": "53.10",
        "202211": "63.72",
        "202212": "70.79",
        "202301": "75.04",
        "202302": "79.64",
        "202303": "76.57",
        "202304": "74.99",
        "202305": "71.92",
        "202306": "79.84",
        "202307": "91.14",
        "202308": "76.22",
        "202309": "79.56",
        "202310": "86.41"
    },
    "quarters": {
        "20011": {
            "year_quarter": 20011,
            "year": 2001,
            "quarter": 1,
            "eps": 0.62,
            "eps_growth_year": null,
            "eps_4q": null,
            "eps_4q_growth_year": null,
            "roe": 4.05,
            "roe_4q": 4.05,
            "gross_profit": 54266,
            "gross_margin": 6.16,
            "gross_margin_4q_avg": 6.16,
            "net_income": 12114,
            "net_income_4q": null,
            "revenue": 881469,
            "revenue_4q": null,
            "common_shares": 196506,
            "book_valuer_per_share": 15.54,
            "book_valuer_per_share_4q_avg": 15.54,
            "equity": 305355,
            "current_ratio": 151.17,
            "debt_ratio": 63.94,
            "inventory_turnover_ratio": 2.74,
            "account_receivable_turnover_ratio": null,
            "reinvestment_rate": null,
            "research_to_sale_ratio": null,
            "price_fair": 0,
            "eps_avg_yearly": 0,
            "eps_latest_yearly": 0,
            "eps_growth_yearly": 0
        },
        "20012": {
            "year_quarter": 20012,
            "year": 2001,
            "quarter": 2,
            "eps": 0.32,
            "eps_growth_year": null,
            "eps_4q": null,
            "eps_4q_growth_year": null,
            "roe": 2.05,
            "roe_4q": 6.1,
            "gross_profit": 31484,
            "gross_margin": 5.4,
            "gross_margin_4q_avg": 5.78,
            "net_income": 6313,
            "net_income_4q": null,
            "revenue": 582547,
            "revenue_4q": null,
            "common_shares": 196506,
            "book_valuer_per_share": 15.82,
            "book_valuer_per_share_4q_avg": 15.68,
            "equity": 310793,
            "current_ratio": 183.11,
            "debt_ratio": 52.75,
            "inventory_turnover_ratio": 1.75,
            "account_receivable_turnover_ratio": null,
            "reinvestment_rate": null,
            "research_to_sale_ratio": null,
            "price_fair": 0,
            "eps_avg_yearly": 0,
            "eps_latest_yearly": 0,
            "eps_growth_yearly": 0
        },
        "20013": {
            "year_quarter": 20013,
            "year": 2001,
            "quarter": 3,
            "eps": 0.86,
            "eps_growth_year": null,
            "eps_4q": null,
            "eps_4q_growth_year": null,
            "roe": 6.56,
            "roe_4q": 12.66,
            "gross_profit": 55637,
            "gross_margin": 6.79,
            "gross_margin_4q_avg": 6.12,
            "net_income": 21084,
            "net_income_4q": null,
            "revenue": 819844,
            "revenue_4q": null,
            "common_shares": 244455,
            "book_valuer_per_share": 13.58,
            "book_valuer_per_share_4q_avg": 14.98,
            "equity": 331877,
            "current_ratio": 152.52,
            "debt_ratio": 62.41,
            "inventory_turnover_ratio": 2.38,
            "account_receivable_turnover_ratio": null,
            "reinvestment_rate": null,
            "research_to_sale_ratio": null,
            "price_fair": 0,
            "eps_avg_yearly": 0,
            "eps_latest_yearly": 0,
            "eps_growth_yearly": 0
        },
        "20014": {
            "year_quarter": 20014,
            "year": 2001,
            "quarter": 4,
            "eps": 0.68,
            "eps_growth_year": null,
            "eps_4q": 2.31,
            "eps_4q_growth_year": null,
            "roe": 4.85,
            "roe_4q": 17.51,
            "gross_profit": 54016,
            "gross_margin": 5.63,
            "gross_margin_4q_avg": 6,
            "net_income": 16509,
            "net_income_4q": null,
            "revenue": 959629,
            "revenue_4q": null,
            "common_shares": 244455,
            "book_valuer_per_share": 14.25,
            "book_valuer_per_share_4q_avg": 14.8,
            "equity": 348386,
            "current_ratio": 151.36,
            "debt_ratio": 63.24,
            "inventory_turnover_ratio": 2.35,
            "account_receivable_turnover_ratio": null,
            "reinvestment_rate": null,
            "research_to_sale_ratio": null,
            "price_fair": 0,
            "eps_avg_yearly": 0,
            "eps_latest_yearly": 0,
            "eps_growth_yearly": 0
        },
        "20021": {
            "year_quarter": 20021,
            "year": 2002,
            "quarter": 1,
            "eps": 1.31,
            "eps_growth_year": 111.29,
            "eps_4q": 3.11,
            "eps_4q_growth_year": null,
            "roe": 8.77,
            "roe_4q": 22.23,
            "gross_profit": 82826,
            "gross_margin": 8.17,
            "gross_margin_4q_avg": 6.5,
            "net_income": 31950,
            "net_income_4q": null,
            "revenue": 1014240,
            "revenue_4q": null,
            "common_shares": 244455,
            "book_valuer_per_share": 15.56,
            "book_valuer_per_share_4q_avg": 14.8,
            "equity": 380336,
            "current_ratio": 131.21,
            "debt_ratio": 74.25,
            "inventory_turnover_ratio": 1.65,
            "account_receivable_turnover_ratio": null,
            "reinvestment_rate": null,
            "research_to_sale_ratio": null,
            "price_fair": 183.4,
            "eps_avg_yearly": 5.24,
            "eps_latest_yearly": 5.24,
            "eps_growth_yearly": 370.59
        },
        "20022": {
            "year_quarter": 20022,
            "year": 2002,
            "quarter": 2,
            "eps": -1.45,
            "eps_growth_year": -553.12,
            "eps_4q": 1.07,
            "eps_4q_growth_year": null,
            "roe": -12.13,
            "roe_4q": 8.049999999999997,
            "gross_profit": -8468,
            "gross_margin": -1.64,
            "gross_margin_4q_avg": 4.74,
            "net_income": -43394,
            "net_income_4q": null,
            "revenue": 514766,
            "revenue_4q": null,
            "common_shares": 244455,
            "book_valuer_per_share": 13.72,
            "book_valuer_per_share_4q_avg": 14.28,
            "equity": 335430,
            "current_ratio": 309.8,
            "debt_ratio": 69.36,
            "inventory_turnover_ratio": 0.83,
            "account_receivable_turnover_ratio": null,
            "reinvestment_rate": null,
            "research_to_sale_ratio": null,
            "price_fair": 183.4,
            "eps_avg_yearly": 5.24,
            "eps_latest_yearly": 5.24,
            "eps_growth_yearly": 370.59
        },
        "20023": {
            "year_quarter": 20023,
            "year": 2002,
            "quarter": 3,
            "eps": -1.04,
            "eps_growth_year": -220.93,
            "eps_4q": -0.87,
            "eps_4q_growth_year": null,
            "roe": -9.96,
            "roe_4q": -8.470000000000004,
            "gross_profit": -17073,
            "gross_margin": -2.27,
            "gross_margin_4q_avg": 2.47,
            "net_income": -31244,
            "net_income_4q": null,
            "revenue": 753230,
            "revenue_4q": null,
            "common_shares": 300000,
            "book_valuer_per_share": 9.73,
            "book_valuer_per_share_4q_avg": 13.32,
            "equity": 291777,
            "current_ratio": 224.23,
            "debt_ratio": 76.18,
            "inventory_turnover_ratio": 1.5,
            "account_receivable_turnover_ratio": null,
            "reinvestment_rate": null,
            "research_to_sale_ratio": null,
            "price_fair": 183.4,
            "eps_avg_yearly": 5.24,
            "eps_latest_yearly": 5.24,
            "eps_growth_yearly": 370.59
        },
        "20024": {
            "year_quarter": 20024,
            "year": 2002,
            "quarter": 4,
            "eps": -1.49,
            "eps_growth_year": -319.12,
            "eps_4q": -2.93,
            "eps_4q_growth_year": -226.98,
            "roe": -16.5,
            "roe_4q": -29.820000000000004,
            "gross_profit": 6249,
            "gross_margin": 0.75,
            "gross_margin_4q_avg": 1.25,
            "net_income": -44463,
            "net_income_4q": null,
            "revenue": 835659,
            "revenue_4q": null,
            "common_shares": 300000,
            "book_valuer_per_share": 8.24,
            "book_valuer_per_share_4q_avg": 11.81,
            "equity": 247314,
            "current_ratio": 310.86,
            "debt_ratio": 74.42,
            "inventory_turnover_ratio": 2.08,
            "account_receivable_turnover_ratio": null,
            "reinvestment_rate": null,
            "research_to_sale_ratio": null,
            "price_fair": 183.4,
            "eps_avg_yearly": 5.24,
            "eps_latest_yearly": 5.24,
            "eps_growth_yearly": 370.59
        },
        "20031": {
            "year_quarter": 20031,
            "year": 2003,
            "quarter": 1,
            "eps": 1.58,
            "eps_growth_year": 20.61,
            "eps_4q": -2.47,
            "eps_4q_growth_year": -179.45,
            "roe": 17.17,
            "roe_4q": -21.42,
            "gross_profit": 85433,
            "gross_margin": 8.5,
            "gross_margin_4q_avg": 1.34,
            "net_income": 46452,
            "net_income_4q": null,
            "revenue": 1004998,
            "revenue_4q": null,
            "common_shares": 300000,
            "book_valuer_per_share": 9.79,
            "book_valuer_per_share_4q_avg": 10.37,
            "equity": 293766,
            "current_ratio": 195.96,
            "debt_ratio": 78.8,
            "inventory_turnover_ratio": 2.99,
            "account_receivable_turnover_ratio": null,
            "reinvestment_rate": null,
            "research_to_sale_ratio": null,
            "price_fair": 183.4,
            "eps_avg_yearly": 5.24,
            "eps_latest_yearly": 5.24,
            "eps_growth_yearly": 370.59
        },
        "20032": {
            "year_quarter": 20032,
            "year": 2003,
            "quarter": 2,
            "eps": 1.19,
            "eps_growth_year": null,
            "eps_4q": 0.23,
            "eps_4q_growth_year": -78.32,
            "roe": 8.16,
            "roe_4q": -1.129999999999999,
            "gross_profit": 94785,
            "gross_margin": 10.05,
            "gross_margin_4q_avg": 4.26,
            "net_income": 36335,
            "net_income_4q": null,
            "revenue": 943109,
            "revenue_4q": null,
            "common_shares": 433276,
            "book_valuer_per_share": 13.78,
            "book_valuer_per_share_4q_avg": 10.39,
            "equity": 597093,
            "current_ratio": 237.28,
            "debt_ratio": 56.74,
            "inventory_turnover_ratio": 2.19,
            "account_receivable_turnover_ratio": null,
            "reinvestment_rate": null,
            "research_to_sale_ratio": null,
            "price_fair": 175,
            "eps_avg_yearly": 5,
            "eps_latest_yearly": 4.76,
            "eps_growth_yearly": 135.93
        },
        "20033": {
            "year_quarter": 20033,
            "year": 2003,
            "quarter": 3,
            "eps": 1.22,
            "eps_growth_year": null,
            "eps_4q": 2.29,
            "eps_4q_growth_year": null,
            "roe": 6.11,
            "roe_4q": 14.940000000000001,
            "gross_profit": 112960,
            "gross_margin": 8.17,
            "gross_margin_4q_avg": 6.87,
            "net_income": 43717,
            "net_income_4q": null,
            "revenue": 1382578,
            "revenue_4q": null,
            "common_shares": 501044,
            "book_valuer_per_share": 16.63,
            "book_valuer_per_share_4q_avg": 12.11,
            "equity": 833173,
            "current_ratio": 186.92,
            "debt_ratio": 53.54,
            "inventory_turnover_ratio": 2.14,
            "account_receivable_turnover_ratio": null,
            "reinvestment_rate": null,
            "research_to_sale_ratio": null,
            "price_fair": 173.6,
            "eps_avg_yearly": 4.96,
            "eps_latest_yearly": 4.88,
            "eps_growth_yearly": 93.98
        },
        "20034": {
            "year_quarter": 20034,
            "year": 2003,
            "quarter": 4,
            "eps": 1.36,
            "eps_growth_year": null,
            "eps_4q": 4.57,
            "eps_4q_growth_year": null,
            "roe": 6.09,
            "roe_4q": 37.53,
            "gross_profit": 149925,
            "gross_margin": 6.98,
            "gross_margin_4q_avg": 8.43,
            "net_income": 53556,
            "net_income_4q": null,
            "revenue": 2147871,
            "revenue_4q": null,
            "common_shares": 514698,
            "book_valuer_per_share": 17.96,
            "book_valuer_per_share_4q_avg": 14.54,
            "equity": 924364,
            "current_ratio": 180.19,
            "debt_ratio": 54.05,
            "inventory_turnover_ratio": 3.16,
            "account_receivable_turnover_ratio": null,
            "reinvestment_rate": null,
            "research_to_sale_ratio": null,
            "price_fair": 177.8,
            "eps_avg_yearly": 5.08,
            "eps_latest_yearly": 5.44,
            "eps_growth_yearly": 81.96
        },
        "20041": {
            "year_quarter": 20041,
            "year": 2004,
            "quarter": 1,
            "eps": 1.28,
            "eps_growth_year": -18.99,
            "eps_4q": 3.88,
            "eps_4q_growth_year": null,
            "roe": 6.83,
            "roe_4q": 27.19,
            "gross_profit": 157762,
            "gross_margin": 7.6,
            "gross_margin_4q_avg": 8.2,
            "net_income": 65709,
            "net_income_4q": null,
            "revenue": 2075722,
            "revenue_4q": null,
            "common_shares": 517929,
            "book_valuer_per_share": 19.29,
            "book_valuer_per_share_4q_avg": 16.92,
            "equity": 999078,
            "current_ratio": 200.2,
            "debt_ratio": 59.65,
            "inventory_turnover_ratio": 2.75,
            "account_receivable_turnover_ratio": null,
            "reinvestment_rate": null,
            "research_to_sale_ratio": null,
            "price_fair": 178.08,
            "eps_avg_yearly": 5.09,
            "eps_latest_yearly": 5.12,
            "eps_growth_yearly": 60.86
        },
        "20042": {
            "year_quarter": 20042,
            "year": 2004,
            "quarter": 2,
            "eps": -0.72,
            "eps_growth_year": -160.5,
            "eps_4q": 2.31,
            "eps_4q_growth_year": 898.12,
            "roe": -4.59,
            "roe_4q": 14.440000000000001,
            "gross_profit": 60196,
            "gross_margin": 3.64,
            "gross_margin_4q_avg": 6.6,
            "net_income": -43112,
            "net_income_4q": null,
            "revenue": 1655448,
            "revenue_4q": null,
            "common_shares": 517929,
            "book_valuer_per_share": 17,
            "book_valuer_per_share_4q_avg": 17.72,
            "equity": 880382,
            "current_ratio": 174.95,
            "debt_ratio": 66.06,
            "inventory_turnover_ratio": 1.76,
            "account_receivable_turnover_ratio": null,
            "reinvestment_rate": null,
            "research_to_sale_ratio": null,
            "price_fair": 178.08,
            "eps_avg_yearly": 5.09,
            "eps_latest_yearly": 5.12,
            "eps_growth_yearly": 60.86
        },
        "20043": {
            "year_quarter": 20043,
            "year": 2004,
            "quarter": 3,
            "eps": 0.45,
            "eps_growth_year": -63.11,
            "eps_4q": 1.7,
            "eps_4q_growth_year": -25.72,
            "roe": 3.07,
            "roe_4q": 11.4,
            "gross_profit": 135397,
            "gross_margin": 5.93,
            "gross_margin_4q_avg": 6.04,
            "net_income": 27403,
            "net_income_4q": null,
            "revenue": 2283693,
            "revenue_4q": null,
            "common_shares": 606365,
            "book_valuer_per_share": 14.97,
            "book_valuer_per_share_4q_avg": 17.31,
            "equity": 907595,
            "current_ratio": 161.42,
            "debt_ratio": 68.8,
            "inventory_turnover_ratio": 2.09,
            "account_receivable_turnover_ratio": null,
            "reinvestment_rate": null,
            "research_to_sale_ratio": null,
            "price_fair": 178.08,
            "eps_avg_yearly": 5.09,
            "eps_latest_yearly": 5.12,
            "eps_growth_yearly": 60.86
        },
        "20044": {
            "year_quarter": 20044,
            "year": 2004,
            "quarter": 4,
            "eps": 0.01,
            "eps_growth_year": -99.26,
            "eps_4q": 0.84,
            "eps_4q_growth_year": -81.63,
            "roe": 0.09,
            "roe_4q": 5.4,
            "gross_profit": 116588,
            "gross_margin": 4.74,
            "gross_margin_4q_avg": 5.48,
            "net_income": 822,
            "net_income_4q": null,
            "revenue": 2459831,
            "revenue_4q": null,
            "common_shares": 606365,
            "book_valuer_per_share": 15,
            "book_valuer_per_share_4q_avg": 16.57,
            "equity": 909534,
            "current_ratio": 165.3,
            "debt_ratio": 67.74,
            "inventory_turnover_ratio": 2.1,
            "account_receivable_turnover_ratio": null,
            "reinvestment_rate": 4.65,
            "research_to_sale_ratio": null,
            "price_fair": 12.74,
            "eps_avg_yearly": 4.25,
            "eps_latest_yearly": 0.04,
            "eps_growth_yearly": -14.47
        },
        "20051": {
            "year_quarter": 20051,
            "year": 2005,
            "quarter": 1,
            "eps": -0.26,
            "eps_growth_year": -120.31,
            "eps_4q": -0.51,
            "eps_4q_growth_year": -113.09,
            "roe": -1.73,
            "roe_4q": -3.16,
            "gross_profit": 89450,
            "gross_margin": 5.01,
            "gross_margin_4q_avg": 4.83,
            "net_income": -15589,
            "net_income_4q": null,
            "revenue": 1786395,
            "revenue_4q": null,
            "common_shares": 609505,
            "book_valuer_per_share": 14.69,
            "book_valuer_per_share_4q_avg": 15.42,
            "equity": 895225,
            "current_ratio": 168.33,
            "debt_ratio": 67.03,
            "inventory_turnover_ratio": 1.41,
            "account_receivable_turnover_ratio": null,
            "reinvestment_rate": 0.78,
            "research_to_sale_ratio": null,
            "price_fair": 12.74,
            "eps_avg_yearly": 4.25,
            "eps_latest_yearly": 0.04,
            "eps_growth_yearly": -14.47
        },
        "20052": {
            "year_quarter": 20052,
            "year": 2005,
            "quarter": 2,
            "eps": -2.34,
            "eps_growth_year": null,
            "eps_4q": -2.1,
            "eps_4q_growth_year": -190.8,
            "roe": -17.07,
            "roe_4q": -15.64,
            "gross_profit": 1477,
            "gross_margin": 0.12,
            "gross_margin_4q_avg": 3.95,
            "net_income": -140721,
            "net_income_4q": null,
            "revenue": 1235435,
            "revenue_4q": null,
            "common_shares": 609515,
            "book_valuer_per_share": 12.36,
            "book_valuer_per_share_4q_avg": 14.26,
            "equity": 753168,
            "current_ratio": 168.26,
            "debt_ratio": 68.77,
            "inventory_turnover_ratio": 1.06,
            "account_receivable_turnover_ratio": null,
            "reinvestment_rate": 11.05,
            "research_to_sale_ratio": null,
            "price_fair": 12.74,
            "eps_avg_yearly": 4.25,
            "eps_latest_yearly": 0.04,
            "eps_growth_yearly": -14.47
        },
        "20053": {
            "year_quarter": 20053,
            "year": 2005,
            "quarter": 3,
            "eps": -1.08,
            "eps_growth_year": -340,
            "eps_4q": -3.46,
            "eps_4q_growth_year": -303.19,
            "roe": -9.71,
            "roe_4q": -28.42,
            "gross_profit": 28500,
            "gross_margin": 1.91,
            "gross_margin_4q_avg": 2.95,
            "net_income": -69641,
            "net_income_4q": null,
            "revenue": 1491872,
            "revenue_4q": null,
            "common_shares": 651545,
            "book_valuer_per_share": 10.46,
            "book_valuer_per_share_4q_avg": 13.13,
            "equity": 681510,
            "current_ratio": 153.69,
            "debt_ratio": 74.16,
            "inventory_turnover_ratio": 1.34,
            "account_receivable_turnover_ratio": null,
            "reinvestment_rate": null,
            "research_to_sale_ratio": null,
            "price_fair": 12.74,
            "eps_avg_yearly": 4.25,
            "eps_latest_yearly": 0.04,
            "eps_growth_yearly": -14.47
        },
        "20054": {
            "year_quarter": 20054,
            "year": 2005,
            "quarter": 4,
            "eps": 0.82,
            "eps_growth_year": 8100,
            "eps_4q": -2.69,
            "eps_4q_growth_year": -420.62,
            "roe": 7.44,
            "roe_4q": -21.07,
            "gross_profit": 148314,
            "gross_margin": 6.9,
            "gross_margin_4q_avg": 3.49,
            "net_income": 52738,
            "net_income_4q": null,
            "revenue": 2149840,
            "revenue_4q": null,
            "common_shares": 648900,
            "book_valuer_per_share": 11.34,
            "book_valuer_per_share_4q_avg": 12.21,
            "equity": 735600,
            "current_ratio": 151.75,
            "debt_ratio": 72.62,
            "inventory_turnover_ratio": 1.79,
            "account_receivable_turnover_ratio": null,
            "reinvestment_rate": null,
            "research_to_sale_ratio": null,
            "price_fair": 12.74,
            "eps_avg_yearly": 4.25,
            "eps_latest_yearly": 0.04,
            "eps_growth_yearly": -14.47
        },
        "20061": {
            "year_quarter": 20061,
            "year": 2006,
            "quarter": 1,
            "eps": 0.07,
            "eps_growth_year": null,
            "eps_4q": -2.51,
            "eps_4q_growth_year": null,
            "roe": 0.58,
            "roe_4q": -18.76,
            "gross_profit": 82138,
            "gross_margin": 6.9,
            "gross_margin_4q_avg": 3.96,
            "net_income": 4277,
            "net_income_4q": null,
            "revenue": 1189963,
            "revenue_4q": null,
            "common_shares": 648900,
            "book_valuer_per_share": 11.42,
            "book_valuer_per_share_4q_avg": 11.4,
            "equity": 741311,
            "current_ratio": 160.02,
            "debt_ratio": 62.91,
            "inventory_turnover_ratio": 1.17,
            "account_receivable_turnover_ratio": null,
            "reinvestment_rate": null,
            "research_to_sale_ratio": null,
            "price_fair": 10.26,
            "eps_avg_yearly": 3.42,
            "eps_latest_yearly": 0.28,
            "eps_growth_yearly": -137.21
        },
        "20062": {
            "year_quarter": 20062,
            "year": 2006,
            "quarter": 2,
            "eps": -2.41,
            "eps_growth_year": null,
            "eps_4q": -2.59,
            "eps_4q_growth_year": null,
            "roe": -23.5,
            "roe_4q": -25.19,
            "gross_profit": -29066,
            "gross_margin": -5.13,
            "gross_margin_4q_avg": 2.65,
            "net_income": -155932,
            "net_income_4q": null,
            "revenue": 567052,
            "revenue_4q": null,
            "common_shares": 650595,
            "book_valuer_per_share": 9,
            "book_valuer_per_share_4q_avg": 10.56,
            "equity": 585613,
            "current_ratio": 171.92,
            "debt_ratio": 59.98,
            "inventory_turnover_ratio": 0.91,
            "account_receivable_turnover_ratio": null,
            "reinvestment_rate": null,
            "research_to_sale_ratio": null,
            "price_fair": 10.26,
            "eps_avg_yearly": 3.42,
            "eps_latest_yearly": 0.28,
            "eps_growth_yearly": -137.21
        },
        "20063": {
            "year_quarter": 20063,
            "year": 2006,
            "quarter": 3,
            "eps": -1.19,
            "eps_growth_year": null,
            "eps_4q": -2.71,
            "eps_4q_growth_year": null,
            "roe": -14.12,
            "roe_4q": -29.599999999999998,
            "gross_profit": -41985,
            "gross_margin": -4,
            "gross_margin_4q_avg": 1.17,
            "net_income": -77143,
            "net_income_4q": null,
            "revenue": 1050606,
            "revenue_4q": null,
            "common_shares": 650595,
            "book_valuer_per_share": 7.79,
            "book_valuer_per_share_4q_avg": 9.89,
            "equity": 506999,
            "current_ratio": 137.52,
            "debt_ratio": 73.64,
            "inventory_turnover_ratio": 1.81,
            "account_receivable_turnover_ratio": null,
            "reinvestment_rate": null,
            "research_to_sale_ratio": null,
            "price_fair": 10.26,
            "eps_avg_yearly": 3.42,
            "eps_latest_yearly": 0.28,
            "eps_growth_yearly": -137.21
        },
        "20064": {
            "year_quarter": 20064,
            "year": 2006,
            "quarter": 4,
            "eps": -0.15,
            "eps_growth_year": -118.29,
            "eps_4q": -3.69,
            "eps_4q_growth_year": null,
            "roe": -1.89,
            "roe_4q": -38.93,
            "gross_profit": 59422,
            "gross_margin": 5.41,
            "gross_margin_4q_avg": 0.8,
            "net_income": -9525,
            "net_income_4q": null,
            "revenue": 1098641,
            "revenue_4q": null,
            "common_shares": 650595,
            "book_valuer_per_share": 7.68,
            "book_valuer_per_share_4q_avg": 8.97,
            "equity": 499832,
            "current_ratio": 147.38,
            "debt_ratio": 64.76,
            "inventory_turnover_ratio": 1.97,
            "account_receivable_turnover_ratio": null,
            "reinvestment_rate": null,
            "research_to_sale_ratio": null,
            "price_fair": 10.26,
            "eps_avg_yearly": 3.42,
            "eps_latest_yearly": 0.28,
            "eps_growth_yearly": -137.21
        },
        "20071": {
            "year_quarter": 20071,
            "year": 2007,
            "quarter": 1,
            "eps": 1.13,
            "eps_growth_year": 1514.29,
            "eps_4q": -2.61,
            "eps_4q_growth_year": null,
            "roe": 13.66,
            "roe_4q": -25.85,
            "gross_profit": 92859,
            "gross_margin": 11.32,
            "gross_margin_4q_avg": 1.9,
            "net_income": 73377,
            "net_income_4q": null,
            "revenue": 820576,
            "revenue_4q": null,
            "common_shares": 652795,
            "book_valuer_per_share": 8.8,
            "book_valuer_per_share_4q_avg": 8.32,
            "equity": 574296,
            "current_ratio": 191.31,
            "debt_ratio": 54.95,
            "inventory_turnover_ratio": 2.33,
            "account_receivable_turnover_ratio": null,
            "reinvestment_rate": null,
            "research_to_sale_ratio": null,
            "price_fair": 10.26,
            "eps_avg_yearly": 3.42,
            "eps_latest_yearly": 0.28,
            "eps_growth_yearly": -137.21
        },
        "20072": {
            "year_quarter": 20072,
            "year": 2007,
            "quarter": 2,
            "eps": 0.21,
            "eps_growth_year": null,
            "eps_4q": 0,
            "eps_4q_growth_year": null,
            "roe": 2.33,
            "roe_4q": -0.019999999999999574,
            "gross_profit": 45739,
            "gross_margin": 7.94,
            "gross_margin_4q_avg": 5.17,
            "net_income": 13543,
            "net_income_4q": null,
            "revenue": 576389,
            "revenue_4q": null,
            "common_shares": 652795,
            "book_valuer_per_share": 9.02,
            "book_valuer_per_share_4q_avg": 8.32,
            "equity": 589003,
            "current_ratio": 180.19,
            "debt_ratio": 57.14,
            "inventory_turnover_ratio": 1.87,
            "account_receivable_turnover_ratio": null,
            "reinvestment_rate": null,
            "research_to_sale_ratio": null,
            "price_fair": 8.3,
            "eps_avg_yearly": 2.77,
            "eps_latest_yearly": 0.84,
            "eps_growth_yearly": -175.03
        },
        "20073": {
            "year_quarter": 20073,
            "year": 2007,
            "quarter": 3,
            "eps": 0.21,
            "eps_growth_year": null,
            "eps_4q": 1.4,
            "eps_4q_growth_year": null,
            "roe": 2.28,
            "roe_4q": 16.38,
            "gross_profit": 83003,
            "gross_margin": 7.84,
            "gross_margin_4q_avg": 8.13,
            "net_income": 13671,
            "net_income_4q": null,
            "revenue": 1058250,
            "revenue_4q": null,
            "common_shares": 650063,
            "book_valuer_per_share": 9.37,
            "book_valuer_per_share_4q_avg": 8.72,
            "equity": 609044,
            "current_ratio": 172.92,
            "debt_ratio": 58.82,
            "inventory_turnover_ratio": 3.01,
            "account_receivable_turnover_ratio": null,
            "reinvestment_rate": null,
            "research_to_sale_ratio": null,
            "price_fair": 6.28,
            "eps_avg_yearly": 2.09,
            "eps_latest_yearly": 0.84,
            "eps_growth_yearly": -176.71
        },
        "20074": {
            "year_quarter": 20074,
            "year": 2007,
            "quarter": 4,
            "eps": 0.83,
            "eps_growth_year": null,
            "eps_4q": 2.38,
            "eps_4q_growth_year": null,
            "roe": 8.53,
            "roe_4q": 26.799999999999997,
            "gross_profit": 93817,
            "gross_margin": 8.37,
            "gross_margin_4q_avg": 8.87,
            "net_income": 54004,
            "net_income_4q": null,
            "revenue": 1121011,
            "revenue_4q": null,
            "common_shares": 651553,
            "book_valuer_per_share": 10.08,
            "book_valuer_per_share_4q_avg": 9.32,
            "equity": 656581,
            "current_ratio": 194.62,
            "debt_ratio": 48.79,
            "inventory_turnover_ratio": 3.78,
            "account_receivable_turnover_ratio": null,
            "reinvestment_rate": null,
            "research_to_sale_ratio": null,
            "price_fair": 39.09,
            "eps_avg_yearly": 1.74,
            "eps_latest_yearly": 3.32,
            "eps_growth_yearly": 12.47
        },
        "20081": {
            "year_quarter": 20081,
            "year": 2008,
            "quarter": 1,
            "eps": 0.5,
            "eps_growth_year": -55.75,
            "eps_4q": 1.74,
            "eps_4q_growth_year": null,
            "roe": 4.9,
            "roe_4q": 18.04,
            "gross_profit": 98916,
            "gross_margin": 11.02,
            "gross_margin_4q_avg": 8.79,
            "net_income": 32846,
            "net_income_4q": null,
            "revenue": 897700,
            "revenue_4q": null,
            "common_shares": 651553,
            "book_valuer_per_share": 10.51,
            "book_valuer_per_share_4q_avg": 9.75,
            "equity": 684472,
            "current_ratio": 172.14,
            "debt_ratio": 55.55,
            "inventory_turnover_ratio": 2.34,
            "account_receivable_turnover_ratio": null,
            "reinvestment_rate": null,
            "research_to_sale_ratio": null,
            "price_fair": 3.66,
            "eps_avg_yearly": 1.22,
            "eps_latest_yearly": 2,
            "eps_growth_yearly": -10.12
        },
        "20082": {
            "year_quarter": 20082,
            "year": 2008,
            "quarter": 2,
            "eps": -0.19,
            "eps_growth_year": -190.48,
            "eps_4q": 1.36,
            "eps_4q_growth_year": 34593.91,
            "roe": -1.8,
            "roe_4q": 13.909999999999998,
            "gross_profit": 57589,
            "gross_margin": 6.97,
            "gross_margin_4q_avg": 8.55,
            "net_income": -12181,
            "net_income_4q": null,
            "revenue": 826058,
            "revenue_4q": null,
            "common_shares": 651553,
            "book_valuer_per_share": 10.27,
            "book_valuer_per_share_4q_avg": 10.06,
            "equity": 669129,
            "current_ratio": 163.43,
            "debt_ratio": 55.12,
            "inventory_turnover_ratio": 1.82,
            "account_receivable_turnover_ratio": null,
            "reinvestment_rate": null,
            "research_to_sale_ratio": null,
            "price_fair": 3.66,
            "eps_avg_yearly": 1.22,
            "eps_latest_yearly": 2,
            "eps_growth_yearly": -10.12
        },
        "20083": {
            "year_quarter": 20083,
            "year": 2008,
            "quarter": 3,
            "eps": 0.7,
            "eps_growth_year": 233.33,
            "eps_4q": 1.85,
            "eps_4q_growth_year": 32.12,
            "roe": 6.62,
            "roe_4q": 18.25,
            "gross_profit": 118421,
            "gross_margin": 9.8,
            "gross_margin_4q_avg": 9.04,
            "net_income": 45523,
            "net_income_4q": null,
            "revenue": 1208288,
            "revenue_4q": null,
            "common_shares": 651553,
            "book_valuer_per_share": 10.84,
            "book_valuer_per_share_4q_avg": 10.43,
            "equity": 706409,
            "current_ratio": 157.94,
            "debt_ratio": 57.6,
            "inventory_turnover_ratio": 2.43,
            "account_receivable_turnover_ratio": null,
            "reinvestment_rate": null,
            "research_to_sale_ratio": null,
            "price_fair": 3.66,
            "eps_avg_yearly": 1.22,
            "eps_latest_yearly": 2,
            "eps_growth_yearly": -10.12
        },
        "20084": {
            "year_quarter": 20084,
            "year": 2008,
            "quarter": 4,
            "eps": 0.04,
            "eps_growth_year": -95.18,
            "eps_4q": 1.15,
            "eps_4q_growth_year": -51.42,
            "roe": 0.34,
            "roe_4q": 10.06,
            "gross_profit": 60325,
            "gross_margin": 6.05,
            "gross_margin_4q_avg": 8.46,
            "net_income": 2376,
            "net_income_4q": null,
            "revenue": 996785,
            "revenue_4q": null,
            "common_shares": 636413,
            "book_valuer_per_share": 10.83,
            "book_valuer_per_share_4q_avg": 10.61,
            "equity": 689399,
            "current_ratio": 180.09,
            "debt_ratio": 49.62,
            "inventory_turnover_ratio": 2.16,
            "account_receivable_turnover_ratio": 4.92,
            "reinvestment_rate": null,
            "research_to_sale_ratio": null,
            "price_fair": 3.72,
            "eps_avg_yearly": 1.24,
            "eps_latest_yearly": 0.16,
            "eps_growth_yearly": -7.79
        },
        "20091": {
            "year_quarter": 20091,
            "year": 2009,
            "quarter": 1,
            "eps": 0.39,
            "eps_growth_year": -22,
            "eps_4q": 0.95,
            "eps_4q_growth_year": -45.45,
            "roe": 3.56,
            "roe_4q": 8.719999999999999,
            "gross_profit": 62614,
            "gross_margin": 6.81,
            "gross_margin_4q_avg": 7.41,
            "net_income": 25001,
            "net_income_4q": null,
            "revenue": 919639,
            "revenue_4q": null,
            "common_shares": 636413,
            "book_valuer_per_share": 11.24,
            "book_valuer_per_share_4q_avg": 10.8,
            "equity": 715107,
            "current_ratio": 186.42,
            "debt_ratio": 48.09,
            "inventory_turnover_ratio": 3.1,
            "account_receivable_turnover_ratio": 2.12,
            "reinvestment_rate": null,
            "research_to_sale_ratio": null,
            "price_fair": 45,
            "eps_avg_yearly": 1.29,
            "eps_latest_yearly": 1.56,
            "eps_growth_yearly": 493.32
        },
        "20092": {
            "year_quarter": 20092,
            "year": 2009,
            "quarter": 2,
            "eps": 0.07,
            "eps_growth_year": null,
            "eps_4q": 1.26,
            "eps_4q_growth_year": -7.27,
            "roe": 0.61,
            "roe_4q": 11.129999999999999,
            "gross_profit": 61737,
            "gross_margin": 7.55,
            "gross_margin_4q_avg": 7.55,
            "net_income": 4298,
            "net_income_4q": null,
            "revenue": 817712,
            "revenue_4q": null,
            "common_shares": 636413,
            "book_valuer_per_share": 11.02,
            "book_valuer_per_share_4q_avg": 10.98,
            "equity": 701051,
            "current_ratio": 182.26,
            "debt_ratio": 48.25,
            "inventory_turnover_ratio": 3.53,
            "account_receivable_turnover_ratio": 1.87,
            "reinvestment_rate": null,
            "research_to_sale_ratio": null,
            "price_fair": 40.6,
            "eps_avg_yearly": 1.16,
            "eps_latest_yearly": 0.28,
            "eps_growth_yearly": 390.63
        },
        "20093": {
            "year_quarter": 20093,
            "year": 2009,
            "quarter": 3,
            "eps": 1.35,
            "eps_growth_year": 92.86,
            "eps_4q": 1.84,
            "eps_4q_growth_year": -0.19,
            "roe": 11.56,
            "roe_4q": 16.07,
            "gross_profit": 142330,
            "gross_margin": 11.48,
            "gross_margin_4q_avg": 7.97,
            "net_income": 86459,
            "net_income_4q": null,
            "revenue": 1240121,
            "revenue_4q": null,
            "common_shares": 642777,
            "book_valuer_per_share": 12.36,
            "book_valuer_per_share_4q_avg": 11.36,
            "equity": 794769,
            "current_ratio": 156.36,
            "debt_ratio": 58.53,
            "inventory_turnover_ratio": 3.53,
            "account_receivable_turnover_ratio": 2.41,
            "reinvestment_rate": 33.98,
            "research_to_sale_ratio": null,
            "price_fair": 57.09,
            "eps_avg_yearly": 1.63,
            "eps_latest_yearly": 5.4,
            "eps_growth_yearly": 1159.93
        },
        "20094": {
            "year_quarter": 20094,
            "year": 2009,
            "quarter": 4,
            "eps": 1.34,
            "eps_growth_year": 3250,
            "eps_4q": 3.14,
            "eps_4q_growth_year": 172.45,
            "roe": 10.28,
            "roe_4q": 26.009999999999998,
            "gross_profit": 160262,
            "gross_margin": 11.31,
            "gross_margin_4q_avg": 9.29,
            "net_income": 86387,
            "net_income_4q": null,
            "revenue": 1416442,
            "revenue_4q": null,
            "common_shares": 642777,
            "book_valuer_per_share": 13.78,
            "book_valuer_per_share_4q_avg": 12.1,
            "equity": 885739,
            "current_ratio": 168.41,
            "debt_ratio": 54.77,
            "inventory_turnover_ratio": 3.1,
            "account_receivable_turnover_ratio": 3.48,
            "reinvestment_rate": 55.02,
            "research_to_sale_ratio": null,
            "price_fair": 70.14,
            "eps_avg_yearly": 2,
            "eps_latest_yearly": 5.36,
            "eps_growth_yearly": 1043.64
        },
        "20101": {
            "year_quarter": 20101,
            "year": 2010,
            "quarter": 1,
            "eps": 1.34,
            "eps_growth_year": 243.59,
            "eps_4q": 4.1,
            "eps_4q_growth_year": 332.4,
            "roe": 9.28,
            "roe_4q": 31.729999999999997,
            "gross_profit": 164893,
            "gross_margin": 11.01,
            "gross_margin_4q_avg": 10.34,
            "net_income": 86109,
            "net_income_4q": null,
            "revenue": 1497508,
            "revenue_4q": null,
            "common_shares": 642777,
            "book_valuer_per_share": 15.1,
            "book_valuer_per_share_4q_avg": 13.07,
            "equity": 970700,
            "current_ratio": 162.11,
            "debt_ratio": 56.77,
            "inventory_turnover_ratio": 2.95,
            "account_receivable_turnover_ratio": 1.58,
            "reinvestment_rate": 55.52,
            "research_to_sale_ratio": 0.45,
            "price_fair": 87.92,
            "eps_avg_yearly": 2.51,
            "eps_latest_yearly": 5.36,
            "eps_growth_yearly": 1080.22
        },
        "20102": {
            "year_quarter": 20102,
            "year": 2010,
            "quarter": 2,
            "eps": 0.58,
            "eps_growth_year": 731.86,
            "eps_4q": 4.61,
            "eps_4q_growth_year": 266.74,
            "roe": 4.03,
            "roe_4q": 35.15,
            "gross_profit": 119490,
            "gross_margin": 10.11,
            "gross_margin_4q_avg": 10.98,
            "net_income": 37429,
            "net_income_4q": null,
            "revenue": 1182405,
            "revenue_4q": null,
            "common_shares": 642777,
            "book_valuer_per_share": 13.8,
            "book_valuer_per_share_4q_avg": 13.76,
            "equity": 886730,
            "current_ratio": 179.07,
            "debt_ratio": 64.31,
            "inventory_turnover_ratio": 2.02,
            "account_receivable_turnover_ratio": 1.33,
            "reinvestment_rate": 59.49,
            "research_to_sale_ratio": 0.62,
            "price_fair": 87.31,
            "eps_avg_yearly": 2.49,
            "eps_latest_yearly": 2.32,
            "eps_growth_yearly": 961.4
        },
        "20103": {
            "year_quarter": 20103,
            "year": 2010,
            "quarter": 3,
            "eps": 0.54,
            "eps_growth_year": -59.79,
            "eps_4q": 3.81,
            "eps_4q_growth_year": 106.48,
            "roe": 3.84,
            "roe_4q": 27.43,
            "gross_profit": 108081,
            "gross_margin": 8.14,
            "gross_margin_4q_avg": 10.14,
            "net_income": 34893,
            "net_income_4q": null,
            "revenue": 1327554,
            "revenue_4q": null,
            "common_shares": 642777,
            "book_valuer_per_share": 14.48,
            "book_valuer_per_share_4q_avg": 14.29,
            "equity": 930900,
            "current_ratio": 194.03,
            "debt_ratio": 60.59,
            "inventory_turnover_ratio": 2.26,
            "account_receivable_turnover_ratio": 2.02,
            "reinvestment_rate": 35.7,
            "research_to_sale_ratio": 0.5,
            "price_fair": 86.33,
            "eps_avg_yearly": 2.47,
            "eps_latest_yearly": 2.16,
            "eps_growth_yearly": 878.98
        },
        "20104": {
            "year_quarter": 20104,
            "year": 2010,
            "quarter": 4,
            "eps": 0.69,
            "eps_growth_year": -48.37,
            "eps_4q": 3.13,
            "eps_4q_growth_year": -0.54,
            "roe": 4.69,
            "roe_4q": 21.840000000000003,
            "gross_profit": 111563,
            "gross_margin": 8.09,
            "gross_margin_4q_avg": 9.34,
            "net_income": 44995,
            "net_income_4q": null,
            "revenue": 1378236,
            "revenue_4q": null,
            "common_shares": 642777,
            "book_valuer_per_share": 15.35,
            "book_valuer_per_share_4q_avg": 14.68,
            "equity": 986949,
            "current_ratio": 177.96,
            "debt_ratio": 63.66,
            "inventory_turnover_ratio": 2.38,
            "account_receivable_turnover_ratio": 1.84,
            "reinvestment_rate": 26.43,
            "research_to_sale_ratio": 0.52,
            "price_fair": 87.12,
            "eps_avg_yearly": 2.49,
            "eps_latest_yearly": 2.76,
            "eps_growth_yearly": 819.91
        },
        "20111": {
            "year_quarter": 20111,
            "year": 2011,
            "quarter": 1,
            "eps": 0.06,
            "eps_growth_year": -95.52,
            "eps_4q": 1.86,
            "eps_4q_growth_year": -54.47,
            "roe": 0.41,
            "roe_4q": 12.970000000000002,
            "gross_profit": 76053,
            "gross_margin": 7.8,
            "gross_margin_4q_avg": 8.54,
            "net_income": 4057,
            "net_income_4q": null,
            "revenue": 974445,
            "revenue_4q": null,
            "common_shares": 642777,
            "book_valuer_per_share": 15.37,
            "book_valuer_per_share_4q_avg": 14.75,
            "equity": 987715,
            "current_ratio": 228.19,
            "debt_ratio": 54.98,
            "inventory_turnover_ratio": 1.89,
            "account_receivable_turnover_ratio": 1.21,
            "reinvestment_rate": 29.32,
            "research_to_sale_ratio": 0.6,
            "price_fair": 81.5,
            "eps_avg_yearly": 2.33,
            "eps_latest_yearly": 0.24,
            "eps_growth_yearly": 735.26
        },
        "20112": {
            "year_quarter": 20112,
            "year": 2011,
            "quarter": 2,
            "eps": -0.37,
            "eps_growth_year": -163.23,
            "eps_4q": 0.84,
            "eps_4q_growth_year": -81.88,
            "roe": -2.82,
            "roe_4q": 6.120000000000001,
            "gross_profit": 69576,
            "gross_margin": 6.3,
            "gross_margin_4q_avg": 7.58,
            "net_income": -25677,
            "net_income_4q": null,
            "revenue": 1104007,
            "revenue_4q": null,
            "common_shares": 651767,
            "book_valuer_per_share": 12.8,
            "book_valuer_per_share_4q_avg": 14.5,
            "equity": 833967,
            "current_ratio": 138.95,
            "debt_ratio": 64.6,
            "inventory_turnover_ratio": 2.44,
            "account_receivable_turnover_ratio": 1.67,
            "reinvestment_rate": 27.01,
            "research_to_sale_ratio": 0.54,
            "price_fair": 85.51,
            "eps_avg_yearly": 2.44,
            "eps_latest_yearly": 0.24,
            "eps_growth_yearly": 816.87
        },
        "20113": {
            "year_quarter": 20113,
            "year": 2011,
            "quarter": 3,
            "eps": 0.53,
            "eps_growth_year": -2.95,
            "eps_4q": 0.86,
            "eps_4q_growth_year": -77.37,
            "roe": 4.33,
            "roe_4q": 6.61,
            "gross_profit": 100696,
            "gross_margin": 7.67,
            "gross_margin_4q_avg": 7.47,
            "net_income": 36741,
            "net_income_4q": null,
            "revenue": 1313428,
            "revenue_4q": null,
            "common_shares": 697391,
            "book_valuer_per_share": 12.38,
            "book_valuer_per_share_4q_avg": 13.98,
            "equity": 863294,
            "current_ratio": 136.79,
            "debt_ratio": 66.3,
            "inventory_turnover_ratio": 2.45,
            "account_receivable_turnover_ratio": 1.85,
            "reinvestment_rate": 25.71,
            "research_to_sale_ratio": 0.41,
            "price_fair": 90.18,
            "eps_avg_yearly": 2.58,
            "eps_latest_yearly": 0.24,
            "eps_growth_yearly": 884.94
        },
        "20114": {
            "year_quarter": 20114,
            "year": 2011,
            "quarter": 4,
            "eps": 0.12,
            "eps_growth_year": -83.27,
            "eps_4q": 0.33,
            "eps_4q_growth_year": -89.39,
            "roe": 0.93,
            "roe_4q": 2.85,
            "gross_profit": 66457,
            "gross_margin": 5.67,
            "gross_margin_4q_avg": 6.86,
            "net_income": 8103,
            "net_income_4q": null,
            "revenue": 1171315,
            "revenue_4q": null,
            "common_shares": 697391,
            "book_valuer_per_share": 12.5,
            "book_valuer_per_share_4q_avg": 13.26,
            "equity": 871438,
            "current_ratio": 147.63,
            "debt_ratio": 60.79,
            "inventory_turnover_ratio": 1.93,
            "account_receivable_turnover_ratio": 1.39,
            "reinvestment_rate": 26.24,
            "research_to_sale_ratio": 0.56,
            "price_fair": 81.9,
            "eps_avg_yearly": 2.34,
            "eps_latest_yearly": 0.48,
            "eps_growth_yearly": 760.75
        },
        "20121": {
            "year_quarter": 20121,
            "year": 2012,
            "quarter": 1,
            "eps": 0.08,
            "eps_growth_year": 33.33,
            "eps_4q": 0.36,
            "eps_4q_growth_year": -80.79,
            "roe": 0.68,
            "roe_4q": 3.1200000000000006,
            "gross_profit": 70349,
            "gross_margin": 6.78,
            "gross_margin_4q_avg": 6.61,
            "net_income": 5924,
            "net_income_4q": null,
            "revenue": 1037851,
            "revenue_4q": null,
            "common_shares": 697391,
            "book_valuer_per_share": 12.6,
            "book_valuer_per_share_4q_avg": 12.57,
            "equity": 883490,
            "current_ratio": 151.06,
            "debt_ratio": 59.6,
            "inventory_turnover_ratio": 1.79,
            "account_receivable_turnover_ratio": 1.42,
            "reinvestment_rate": 23.71,
            "research_to_sale_ratio": 0.68,
            "price_fair": 77,
            "eps_avg_yearly": 2.2,
            "eps_latest_yearly": 0.32,
            "eps_growth_yearly": 762.89
        },
        "20122": {
            "year_quarter": 20122,
            "year": 2012,
            "quarter": 2,
            "eps": -0.47,
            "eps_growth_year": null,
            "eps_4q": 0.26,
            "eps_4q_growth_year": -69.33,
            "roe": -3.87,
            "roe_4q": 2.0700000000000003,
            "gross_profit": 45033,
            "gross_margin": 5.14,
            "gross_margin_4q_avg": 6.32,
            "net_income": -32799,
            "net_income_4q": null,
            "revenue": 875479,
            "revenue_4q": null,
            "common_shares": 701506,
            "book_valuer_per_share": 11.59,
            "book_valuer_per_share_4q_avg": 12.27,
            "equity": 812519,
            "current_ratio": 158.51,
            "debt_ratio": 55.85,
            "inventory_turnover_ratio": 1.78,
            "account_receivable_turnover_ratio": 1.53,
            "reinvestment_rate": 6.59,
            "research_to_sale_ratio": 0.63,
            "price_fair": 77,
            "eps_avg_yearly": 2.2,
            "eps_latest_yearly": 0.32,
            "eps_growth_yearly": 762.89
        },
        "20123": {
            "year_quarter": 20123,
            "year": 2012,
            "quarter": 3,
            "eps": -0.3,
            "eps_growth_year": -157.77,
            "eps_4q": -0.57,
            "eps_4q_growth_year": -166.36,
            "roe": -2.66,
            "roe_4q": -4.920000000000001,
            "gross_profit": 35905,
            "gross_margin": 2.88,
            "gross_margin_4q_avg": 5.12,
            "net_income": -21343,
            "net_income_4q": null,
            "revenue": 1246311,
            "revenue_4q": null,
            "common_shares": 701506,
            "book_valuer_per_share": 11.31,
            "book_valuer_per_share_4q_avg": 12,
            "equity": 793232,
            "current_ratio": 151.3,
            "debt_ratio": 59.41,
            "inventory_turnover_ratio": 2.43,
            "account_receivable_turnover_ratio": 1.94,
            "reinvestment_rate": 7.64,
            "research_to_sale_ratio": 0.62,
            "price_fair": 77,
            "eps_avg_yearly": 2.2,
            "eps_latest_yearly": 0.32,
            "eps_growth_yearly": 762.89
        },
        "20124": {
            "year_quarter": 20124,
            "year": 2012,
            "quarter": 4,
            "eps": -0.72,
            "eps_growth_year": -718.8,
            "eps_4q": -1.4,
            "eps_4q_growth_year": -523.01,
            "roe": -6.5,
            "roe_4q": -12.350000000000001,
            "gross_profit": 37063,
            "gross_margin": 4.4,
            "gross_margin_4q_avg": 4.8,
            "net_income": -50266,
            "net_income_4q": null,
            "revenue": 842115,
            "revenue_4q": null,
            "common_shares": 701593,
            "book_valuer_per_share": 10.72,
            "book_valuer_per_share_4q_avg": 11.56,
            "equity": 752528,
            "current_ratio": 160.15,
            "debt_ratio": 56.37,
            "inventory_turnover_ratio": 1.5,
            "account_receivable_turnover_ratio": 1.3,
            "reinvestment_rate": 6.44,
            "research_to_sale_ratio": 0.78,
            "price_fair": 83.49,
            "eps_avg_yearly": 2.39,
            "eps_latest_yearly": 0.32,
            "eps_growth_yearly": 866.53
        },
        "20131": {
            "year_quarter": 20131,
            "year": 2013,
            "quarter": 1,
            "eps": 0.04,
            "eps_growth_year": -50,
            "eps_4q": -1.44,
            "eps_4q_growth_year": -502.32,
            "roe": 0.38,
            "roe_4q": -12.650000000000002,
            "gross_profit": 49950,
            "gross_margin": 4.74,
            "gross_margin_4q_avg": 4.29,
            "net_income": 2894,
            "net_income_4q": null,
            "revenue": 1054574,
            "revenue_4q": null,
            "common_shares": 701593,
            "book_valuer_per_share": 10.65,
            "book_valuer_per_share_4q_avg": 11.07,
            "equity": 750718,
            "current_ratio": 141.83,
            "debt_ratio": 64.35,
            "inventory_turnover_ratio": 1.67,
            "account_receivable_turnover_ratio": 1.59,
            "reinvestment_rate": 7.3,
            "research_to_sale_ratio": 0.32,
            "price_fair": 86.38,
            "eps_avg_yearly": 2.47,
            "eps_latest_yearly": 0.32,
            "eps_growth_yearly": 603.18
        },
        "20132": {
            "year_quarter": 20132,
            "year": 2013,
            "quarter": 2,
            "eps": -0.38,
            "eps_growth_year": null,
            "eps_4q": -1.35,
            "eps_4q_growth_year": -627.28,
            "roe": -3.6,
            "roe_4q": -12.38,
            "gross_profit": 55052,
            "gross_margin": 5.93,
            "gross_margin_4q_avg": 4.49,
            "net_income": -26554,
            "net_income_4q": null,
            "revenue": 928375,
            "revenue_4q": null,
            "common_shares": 705283,
            "book_valuer_per_share": 10.26,
            "book_valuer_per_share_4q_avg": 10.74,
            "equity": 723384,
            "current_ratio": 146,
            "debt_ratio": 62.04,
            "inventory_turnover_ratio": 1.47,
            "account_receivable_turnover_ratio": 1.24,
            "reinvestment_rate": 20.3,
            "research_to_sale_ratio": 1.06,
            "price_fair": 94.89,
            "eps_avg_yearly": 2.71,
            "eps_latest_yearly": 0.32,
            "eps_growth_yearly": 706.67
        },
        "20133": {
            "year_quarter": 20133,
            "year": 2013,
            "quarter": 3,
            "eps": -1.2,
            "eps_growth_year": null,
            "eps_4q": -2.25,
            "eps_4q_growth_year": null,
            "roe": -12.43,
            "roe_4q": -22.15,
            "gross_profit": -12613,
            "gross_margin": -1.57,
            "gross_margin_4q_avg": 3.38,
            "net_income": -84773,
            "net_income_4q": null,
            "revenue": 804808,
            "revenue_4q": null,
            "common_shares": 705283,
            "book_valuer_per_share": 9.08,
            "book_valuer_per_share_4q_avg": 10.18,
            "equity": 640813,
            "current_ratio": 141.73,
            "debt_ratio": 63.29,
            "inventory_turnover_ratio": 1.54,
            "account_receivable_turnover_ratio": 1.19,
            "reinvestment_rate": 53.41,
            "research_to_sale_ratio": 1.25,
            "price_fair": 7.13,
            "eps_avg_yearly": 2.38,
            "eps_latest_yearly": 0.32,
            "eps_growth_yearly": -119.29
        },
        "20134": {
            "year_quarter": 20134,
            "year": 2013,
            "quarter": 4,
            "eps": -0.34,
            "eps_growth_year": null,
            "eps_4q": -1.88,
            "eps_4q_growth_year": null,
            "roe": -3.84,
            "roe_4q": -19.490000000000002,
            "gross_profit": 60922,
            "gross_margin": 5.16,
            "gross_margin_4q_avg": 3.57,
            "net_income": -24192,
            "net_income_4q": null,
            "revenue": 1180977,
            "revenue_4q": null,
            "common_shares": 705696,
            "book_valuer_per_share": 8.79,
            "book_valuer_per_share_4q_avg": 9.7,
            "equity": 620068,
            "current_ratio": 134.6,
            "debt_ratio": 67.77,
            "inventory_turnover_ratio": 2.11,
            "account_receivable_turnover_ratio": 1.63,
            "reinvestment_rate": null,
            "research_to_sale_ratio": 0.93,
            "price_fair": 5.85,
            "eps_avg_yearly": 1.95,
            "eps_latest_yearly": 0.32,
            "eps_growth_yearly": -135.9
        },
        "20141": {
            "year_quarter": 20141,
            "year": 2014,
            "quarter": 1,
            "eps": 0.35,
            "eps_growth_year": 775,
            "eps_4q": -1.57,
            "eps_4q_growth_year": null,
            "roe": 3.87,
            "roe_4q": -15.999999999999998,
            "gross_profit": 80954,
            "gross_margin": 5.93,
            "gross_margin_4q_avg": 3.86,
            "net_income": 24457,
            "net_income_4q": null,
            "revenue": 1365446,
            "revenue_4q": null,
            "common_shares": 705696,
            "book_valuer_per_share": 9.13,
            "book_valuer_per_share_4q_avg": 9.32,
            "equity": 643874,
            "current_ratio": 130.03,
            "debt_ratio": 70.84,
            "inventory_turnover_ratio": 2.32,
            "account_receivable_turnover_ratio": 1.55,
            "reinvestment_rate": null,
            "research_to_sale_ratio": 0.68,
            "price_fair": 4.14,
            "eps_avg_yearly": 1.38,
            "eps_latest_yearly": 0.32,
            "eps_growth_yearly": -158.55
        },
        "20142": {
            "year_quarter": 20142,
            "year": 2014,
            "quarter": 2,
            "eps": -0.79,
            "eps_growth_year": null,
            "eps_4q": -1.99,
            "eps_4q_growth_year": null,
            "roe": -9.04,
            "roe_4q": -21.439999999999998,
            "gross_profit": 30111,
            "gross_margin": 3.17,
            "gross_margin_4q_avg": 3.17,
            "net_income": -55696,
            "net_income_4q": null,
            "revenue": 948422,
            "revenue_4q": null,
            "common_shares": 705796,
            "book_valuer_per_share": 8.35,
            "book_valuer_per_share_4q_avg": 8.84,
            "equity": 588827,
            "current_ratio": 127.65,
            "debt_ratio": 72.06,
            "inventory_turnover_ratio": 1.34,
            "account_receivable_turnover_ratio": 1.15,
            "reinvestment_rate": null,
            "research_to_sale_ratio": 1.03,
            "price_fair": 3.58,
            "eps_avg_yearly": 1.19,
            "eps_latest_yearly": 0.32,
            "eps_growth_yearly": -144.89
        },
        "20143": {
            "year_quarter": 20143,
            "year": 2014,
            "quarter": 3,
            "eps": -0.68,
            "eps_growth_year": null,
            "eps_4q": -1.46,
            "eps_4q_growth_year": null,
            "roe": -8.46,
            "roe_4q": -17.47,
            "gross_profit": -3056,
            "gross_margin": -0.4,
            "gross_margin_4q_avg": 3.47,
            "net_income": -47747,
            "net_income_4q": null,
            "revenue": 765076,
            "revenue_4q": null,
            "common_shares": 705796,
            "book_valuer_per_share": 7.66,
            "book_valuer_per_share_4q_avg": 8.48,
            "equity": 540343,
            "current_ratio": 129.3,
            "debt_ratio": 70.3,
            "inventory_turnover_ratio": 1.17,
            "account_receivable_turnover_ratio": 1.06,
            "reinvestment_rate": null,
            "research_to_sale_ratio": 1.03,
            "price_fair": 2.85,
            "eps_avg_yearly": 0.95,
            "eps_latest_yearly": 0.32,
            "eps_growth_yearly": -174.22
        },
        "20144": {
            "year_quarter": 20144,
            "year": 2014,
            "quarter": 4,
            "eps": -0.53,
            "eps_growth_year": null,
            "eps_4q": -1.65,
            "eps_4q_growth_year": null,
            "roe": -7.19,
            "roe_4q": -20.82,
            "gross_profit": 7059,
            "gross_margin": 1.05,
            "gross_margin_4q_avg": 2.44,
            "net_income": -37476,
            "net_income_4q": null,
            "revenue": 669564,
            "revenue_4q": null,
            "common_shares": 705796,
            "book_valuer_per_share": 7.11,
            "book_valuer_per_share_4q_avg": 8.06,
            "equity": 501853,
            "current_ratio": 132.31,
            "debt_ratio": 67.84,
            "inventory_turnover_ratio": 1.39,
            "account_receivable_turnover_ratio": 1.06,
            "reinvestment_rate": null,
            "research_to_sale_ratio": 1.44,
            "price_fair": 1.04,
            "eps_avg_yearly": 0.35,
            "eps_latest_yearly": 0.32,
            "eps_growth_yearly": -269.33
        },
        "20151": {
            "year_quarter": 20151,
            "year": 2015,
            "quarter": 1,
            "eps": -0.22,
            "eps_growth_year": -162.86,
            "eps_4q": -2.21,
            "eps_4q_growth_year": null,
            "roe": -3.09,
            "roe_4q": -27.78,
            "gross_profit": 38314,
            "gross_margin": 5.11,
            "gross_margin_4q_avg": 2.23,
            "net_income": -15296,
            "net_income_4q": null,
            "revenue": 749914,
            "revenue_4q": null,
            "common_shares": 705796,
            "book_valuer_per_share": 6.91,
            "book_valuer_per_share_4q_avg": 7.51,
            "equity": 487333,
            "current_ratio": 129.69,
            "debt_ratio": 69.31,
            "inventory_turnover_ratio": 1.73,
            "account_receivable_turnover_ratio": 1.36,
            "reinvestment_rate": null,
            "research_to_sale_ratio": 0.59,
            "price_fair": 1.2,
            "eps_avg_yearly": 0.4,
            "eps_latest_yearly": 0.32,
            "eps_growth_yearly": -221.38
        },
        "20152": {
            "year_quarter": 20152,
            "year": 2015,
            "quarter": 2,
            "eps": -2.27,
            "eps_growth_year": null,
            "eps_4q": -3.05,
            "eps_4q_growth_year": null,
            "roe": -26.66,
            "roe_4q": -45.4,
            "gross_profit": 10155,
            "gross_margin": 1.49,
            "gross_margin_4q_avg": 1.81,
            "net_income": -114710,
            "net_income_4q": null,
            "revenue": 680002,
            "revenue_4q": null,
            "common_shares": 705796,
            "book_valuer_per_share": 5.29,
            "book_valuer_per_share_4q_avg": 6.74,
            "equity": 373082,
            "current_ratio": 121.83,
            "debt_ratio": 72.01,
            "inventory_turnover_ratio": 1.92,
            "account_receivable_turnover_ratio": 1.36,
            "reinvestment_rate": null,
            "research_to_sale_ratio": 1.17,
            "price_fair": 1.2,
            "eps_avg_yearly": 0.4,
            "eps_latest_yearly": 0.32,
            "eps_growth_yearly": -221.38
        },
        "20153": {
            "year_quarter": 20153,
            "year": 2015,
            "quarter": 3,
            "eps": -0.48,
            "eps_growth_year": null,
            "eps_4q": -3.8,
            "eps_4q_growth_year": null,
            "roe": -6.71,
            "roe_4q": -43.64999999999999,
            "gross_profit": 10210,
            "gross_margin": 1.85,
            "gross_margin_4q_avg": 2.38,
            "net_income": -24156,
            "net_income_4q": null,
            "revenue": 550633,
            "revenue_4q": null,
            "common_shares": 504401,
            "book_valuer_per_share": 6.87,
            "book_valuer_per_share_4q_avg": 6.55,
            "equity": 346758,
            "current_ratio": 117.07,
            "debt_ratio": 75.32,
            "inventory_turnover_ratio": 1.89,
            "account_receivable_turnover_ratio": 1.28,
            "reinvestment_rate": null,
            "research_to_sale_ratio": 1.68,
            "price_fair": 1.2,
            "eps_avg_yearly": 0.4,
            "eps_latest_yearly": 0.32,
            "eps_growth_yearly": -221.38
        },
        "20154": {
            "year_quarter": 20154,
            "year": 2015,
            "quarter": 4,
            "eps": -1.49,
            "eps_growth_year": null,
            "eps_4q": -4.55,
            "eps_4q_growth_year": null,
            "roe": -24.39,
            "roe_4q": -60.85000000000001,
            "gross_profit": 16049,
            "gross_margin": 3.17,
            "gross_margin_4q_avg": 2.91,
            "net_income": -75332,
            "net_income_4q": null,
            "revenue": 505753,
            "revenue_4q": null,
            "common_shares": 504401,
            "book_valuer_per_share": 5.37,
            "book_valuer_per_share_4q_avg": 6.11,
            "equity": 270910,
            "current_ratio": 107.07,
            "debt_ratio": 77.8,
            "inventory_turnover_ratio": 1.89,
            "account_receivable_turnover_ratio": 1.33,
            "reinvestment_rate": null,
            "research_to_sale_ratio": 2.47,
            "price_fair": 0.96,
            "eps_avg_yearly": 0.32,
            "eps_latest_yearly": 0.32,
            "eps_growth_yearly": -133.33
        },
        "20161": {
            "year_quarter": 20161,
            "year": 2016,
            "quarter": 1,
            "eps": 0.12,
            "eps_growth_year": null,
            "eps_4q": -4.13,
            "eps_4q_growth_year": null,
            "roe": 2.15,
            "roe_4q": -55.61,
            "gross_profit": 38755,
            "gross_margin": 7.63,
            "gross_margin_4q_avg": 3.54,
            "net_income": 5893,
            "net_income_4q": null,
            "revenue": 508252,
            "revenue_4q": null,
            "common_shares": 504401,
            "book_valuer_per_share": 5.49,
            "book_valuer_per_share_4q_avg": 5.76,
            "equity": 277168,
            "current_ratio": 107.34,
            "debt_ratio": 78.61,
            "inventory_turnover_ratio": 1.78,
            "account_receivable_turnover_ratio": 1.48,
            "reinvestment_rate": null,
            "research_to_sale_ratio": 1.45,
            "price_fair": 0,
            "eps_avg_yearly": 0,
            "eps_latest_yearly": 0,
            "eps_growth_yearly": 0
        },
        "20162": {
            "year_quarter": 20162,
            "year": 2016,
            "quarter": 2,
            "eps": 0.12,
            "eps_growth_year": null,
            "eps_4q": -1.73,
            "eps_4q_growth_year": null,
            "roe": 2.24,
            "roe_4q": -26.71,
            "gross_profit": 51204,
            "gross_margin": 8.29,
            "gross_margin_4q_avg": 5.24,
            "net_income": 6292,
            "net_income_4q": null,
            "revenue": 617403,
            "revenue_4q": null,
            "common_shares": 504401,
            "book_valuer_per_share": 5.62,
            "book_valuer_per_share_4q_avg": 5.84,
            "equity": 283645,
            "current_ratio": 107.87,
            "debt_ratio": 78.7,
            "inventory_turnover_ratio": 1.88,
            "account_receivable_turnover_ratio": 1.99,
            "reinvestment_rate": null,
            "research_to_sale_ratio": 1.8,
            "price_fair": 4.8,
            "eps_avg_yearly": 0.48,
            "eps_latest_yearly": 0.48,
            "eps_growth_yearly": 0
        },
        "20163": {
            "year_quarter": 20163,
            "year": 2016,
            "quarter": 3,
            "eps": 0.13,
            "eps_growth_year": null,
            "eps_4q": -1.95,
            "eps_4q_growth_year": null,
            "roe": 1.4,
            "roe_4q": -18.6,
            "gross_profit": 45294,
            "gross_margin": 6.61,
            "gross_margin_4q_avg": 6.43,
            "net_income": 4014,
            "net_income_4q": null,
            "revenue": 684758,
            "revenue_4q": null,
            "common_shares": 302641,
            "book_valuer_per_share": 9.54,
            "book_valuer_per_share_4q_avg": 6.51,
            "equity": 288859,
            "current_ratio": 107.67,
            "debt_ratio": 79.62,
            "inventory_turnover_ratio": 1.64,
            "account_receivable_turnover_ratio": 2.21,
            "reinvestment_rate": null,
            "research_to_sale_ratio": 2.1,
            "price_fair": 13.33,
            "eps_avg_yearly": 0.5,
            "eps_latest_yearly": 0.52,
            "eps_growth_yearly": 16.67
        },
        "20164": {
            "year_quarter": 20164,
            "year": 2016,
            "quarter": 4,
            "eps": -0.1,
            "eps_growth_year": null,
            "eps_4q": 0.43,
            "eps_4q_growth_year": null,
            "roe": -1.1,
            "roe_4q": 4.6899999999999995,
            "gross_profit": 46961,
            "gross_margin": 6.72,
            "gross_margin_4q_avg": 7.31,
            "net_income": -3143,
            "net_income_4q": null,
            "revenue": 698467,
            "revenue_4q": null,
            "common_shares": 302641,
            "book_valuer_per_share": 9.39,
            "book_valuer_per_share_4q_avg": 7.51,
            "equity": 284324,
            "current_ratio": 108.57,
            "debt_ratio": 80.11,
            "inventory_turnover_ratio": 1.46,
            "account_receivable_turnover_ratio": 1.86,
            "reinvestment_rate": null,
            "research_to_sale_ratio": 1.88,
            "price_fair": 13.33,
            "eps_avg_yearly": 0.5,
            "eps_latest_yearly": 0.52,
            "eps_growth_yearly": 16.67
        },
        "20171": {
            "year_quarter": 20171,
            "year": 2017,
            "quarter": 1,
            "eps": -1.28,
            "eps_growth_year": -1166.67,
            "eps_4q": -1.04,
            "eps_4q_growth_year": null,
            "roe": -14.58,
            "roe_4q": -12.04,
            "gross_profit": 7599,
            "gross_margin": 1.59,
            "gross_margin_4q_avg": 5.8,
            "net_income": -38750,
            "net_income_4q": null,
            "revenue": 477340,
            "revenue_4q": null,
            "common_shares": 302641,
            "book_valuer_per_share": 8.08,
            "book_valuer_per_share_4q_avg": 8.16,
            "equity": 247123,
            "current_ratio": 106.28,
            "debt_ratio": 77.26,
            "inventory_turnover_ratio": 1.29,
            "account_receivable_turnover_ratio": 1.42,
            "reinvestment_rate": null,
            "research_to_sale_ratio": 1.8,
            "price_fair": 13.33,
            "eps_avg_yearly": 0.5,
            "eps_latest_yearly": 0.52,
            "eps_growth_yearly": 16.67
        },
        "20172": {
            "year_quarter": 20172,
            "year": 2017,
            "quarter": 2,
            "eps": 0.98,
            "eps_growth_year": 716.67,
            "eps_4q": -0.27,
            "eps_4q_growth_year": null,
            "roe": 11.34,
            "roe_4q": -2.94,
            "gross_profit": 75472,
            "gross_margin": 7.83,
            "gross_margin_4q_avg": 5.69,
            "net_income": 29699,
            "net_income_4q": null,
            "revenue": 964120,
            "revenue_4q": null,
            "common_shares": 302641,
            "book_valuer_per_share": 9.14,
            "book_valuer_per_share_4q_avg": 9.04,
            "equity": 276743,
            "current_ratio": 107.57,
            "debt_ratio": 79.46,
            "inventory_turnover_ratio": 2.85,
            "account_receivable_turnover_ratio": 2.81,
            "reinvestment_rate": null,
            "research_to_sale_ratio": 0.81,
            "price_fair": 13.33,
            "eps_avg_yearly": 0.5,
            "eps_latest_yearly": 0.52,
            "eps_growth_yearly": 16.67
        },
        "20173": {
            "year_quarter": 20173,
            "year": 2017,
            "quarter": 3,
            "eps": 5.57,
            "eps_growth_year": 4184.62,
            "eps_4q": 5.17,
            "eps_4q_growth_year": null,
            "roe": 46.71,
            "roe_4q": 42.37,
            "gross_profit": 222063,
            "gross_margin": 15.61,
            "gross_margin_4q_avg": 7.94,
            "net_income": 168700,
            "net_income_4q": null,
            "revenue": 1422611,
            "revenue_4q": null,
            "common_shares": 302641,
            "book_valuer_per_share": 14.72,
            "book_valuer_per_share_4q_avg": 10.33,
            "equity": 445554,
            "current_ratio": 124.86,
            "debt_ratio": 69.77,
            "inventory_turnover_ratio": 3.61,
            "account_receivable_turnover_ratio": 3.14,
            "reinvestment_rate": null,
            "research_to_sale_ratio": 0.6,
            "price_fair": 271.6,
            "eps_avg_yearly": 7.76,
            "eps_latest_yearly": 22.28,
            "eps_growth_yearly": 635.6
        },
        "20174": {
            "year_quarter": 20174,
            "year": 2017,
            "quarter": 4,
            "eps": 3.08,
            "eps_growth_year": null,
            "eps_4q": 8.36,
            "eps_4q_growth_year": 1837.13,
            "roe": 18.94,
            "roe_4q": 62.41000000000001,
            "gross_profit": 154243,
            "gross_margin": 9.19,
            "gross_margin_4q_avg": 8.56,
            "net_income": 93262,
            "net_income_4q": null,
            "revenue": 1678576,
            "revenue_4q": null,
            "common_shares": 302641,
            "book_valuer_per_share": 17.83,
            "book_valuer_per_share_4q_avg": 12.44,
            "equity": 539522,
            "current_ratio": 127.8,
            "debt_ratio": 70.12,
            "inventory_turnover_ratio": 3.41,
            "account_receivable_turnover_ratio": 3.06,
            "reinvestment_rate": null,
            "research_to_sale_ratio": 0.59,
            "price_fair": 311.5,
            "eps_avg_yearly": 8.9,
            "eps_latest_yearly": 12.32,
            "eps_growth_yearly": 432
        },
        "20181": {
            "year_quarter": 20181,
            "year": 2018,
            "quarter": 1,
            "eps": 10.19,
            "eps_growth_year": null,
            "eps_4q": 19.82,
            "eps_4q_growth_year": null,
            "roe": 44.46,
            "roe_4q": 121.45000000000002,
            "gross_profit": 522373,
            "gross_margin": 17.46,
            "gross_margin_4q_avg": 12.52,
            "net_income": 308306,
            "net_income_4q": null,
            "revenue": 2992353,
            "revenue_4q": null,
            "common_shares": 302641,
            "book_valuer_per_share": 28,
            "book_valuer_per_share_4q_avg": 17.42,
            "equity": 847503,
            "current_ratio": 136.39,
            "debt_ratio": 68.64,
            "inventory_turnover_ratio": 3.17,
            "account_receivable_turnover_ratio": 4.19,
            "reinvestment_rate": -9.74,
            "research_to_sale_ratio": 0.83,
            "price_fair": 534.52,
            "eps_avg_yearly": 15.27,
            "eps_latest_yearly": 40.76,
            "eps_growth_yearly": 530.27
        },
        "20182": {
            "year_quarter": 20182,
            "year": 2018,
            "quarter": 2,
            "eps": 0.37,
            "eps_growth_year": -62.24,
            "eps_4q": 17.46,
            "eps_4q_growth_year": null,
            "roe": 1.42,
            "roe_4q": 111.53,
            "gross_profit": 58445,
            "gross_margin": 4.7,
            "gross_margin_4q_avg": 11.74,
            "net_income": 11078,
            "net_income_4q": null,
            "revenue": 1242900,
            "revenue_4q": null,
            "common_shares": 302641,
            "book_valuer_per_share": 23.44,
            "book_valuer_per_share_4q_avg": 21,
            "equity": 709484,
            "current_ratio": 137.42,
            "debt_ratio": 66.68,
            "inventory_turnover_ratio": 1.19,
            "account_receivable_turnover_ratio": 1.88,
            "reinvestment_rate": -6.07,
            "research_to_sale_ratio": 0.81,
            "price_fair": 454.07,
            "eps_avg_yearly": 12.97,
            "eps_latest_yearly": 1.48,
            "eps_growth_yearly": 377.65
        },
        "20183": {
            "year_quarter": 20183,
            "year": 2018,
            "quarter": 3,
            "eps": -1.34,
            "eps_growth_year": -124.06,
            "eps_4q": 11.05,
            "eps_4q_growth_year": 113.72,
            "roe": -6.51,
            "roe_4q": 58.31,
            "gross_profit": 6667,
            "gross_margin": 1.43,
            "gross_margin_4q_avg": 8.2,
            "net_income": -44705,
            "net_income_4q": null,
            "revenue": 465838,
            "revenue_4q": null,
            "common_shares": 332905,
            "book_valuer_per_share": 19.97,
            "book_valuer_per_share_4q_avg": 22.31,
            "equity": 664952,
            "current_ratio": 142.74,
            "debt_ratio": 62.05,
            "inventory_turnover_ratio": 0.49,
            "account_receivable_turnover_ratio": 1.1,
            "reinvestment_rate": -3.2,
            "research_to_sale_ratio": 1.73,
            "price_fair": 454.07,
            "eps_avg_yearly": 12.97,
            "eps_latest_yearly": 1.48,
            "eps_growth_yearly": 377.65
        },
        "20184": {
            "year_quarter": 20184,
            "year": 2018,
            "quarter": 4,
            "eps": -4.21,
            "eps_growth_year": -236.51,
            "eps_4q": 4.04,
            "eps_4q_growth_year": -51.6,
            "roe": -23.49,
            "roe_4q": 15.880000000000003,
            "gross_profit": -143095,
            "gross_margin": -38.68,
            "gross_margin_4q_avg": -3.77,
            "net_income": -140040,
            "net_income_4q": null,
            "revenue": 369950,
            "revenue_4q": null,
            "common_shares": 332905,
            "book_valuer_per_share": 15.83,
            "book_valuer_per_share_4q_avg": 21.81,
            "equity": 527137,
            "current_ratio": 128.55,
            "debt_ratio": 65.98,
            "inventory_turnover_ratio": 0.61,
            "account_receivable_turnover_ratio": 1.25,
            "reinvestment_rate": -4.44,
            "research_to_sale_ratio": 1.24,
            "price_fair": 454.07,
            "eps_avg_yearly": 12.97,
            "eps_latest_yearly": 1.48,
            "eps_growth_yearly": 377.65
        },
        "20191": {
            "year_quarter": 20191,
            "year": 2019,
            "quarter": 1,
            "eps": -0.46,
            "eps_growth_year": -104.51,
            "eps_4q": -5.68,
            "eps_4q_growth_year": -128.66,
            "roe": -2.97,
            "roe_4q": -31.549999999999997,
            "gross_profit": 18272,
            "gross_margin": 3.28,
            "gross_margin_4q_avg": -7.32,
            "net_income": -15449,
            "net_income_4q": null,
            "revenue": 557870,
            "revenue_4q": null,
            "common_shares": 332905,
            "book_valuer_per_share": 15.4,
            "book_valuer_per_share_4q_avg": 18.66,
            "equity": 512699,
            "current_ratio": 127.97,
            "debt_ratio": 65.14,
            "inventory_turnover_ratio": 0.79,
            "account_receivable_turnover_ratio": 1.87,
            "reinvestment_rate": -3.78,
            "research_to_sale_ratio": 1.84,
            "price_fair": 454.07,
            "eps_avg_yearly": 12.97,
            "eps_latest_yearly": 1.48,
            "eps_growth_yearly": 377.65
        },
        "20192": {
            "year_quarter": 20192,
            "year": 2019,
            "quarter": 2,
            "eps": -1.14,
            "eps_growth_year": -408.11,
            "eps_4q": -7.15,
            "eps_4q_growth_year": -140.94,
            "roe": -8.21,
            "roe_4q": -41.18,
            "gross_profit": 21291,
            "gross_margin": 2.71,
            "gross_margin_4q_avg": -7.82,
            "net_income": -37787,
            "net_income_4q": null,
            "revenue": 784400,
            "revenue_4q": null,
            "common_shares": 332905,
            "book_valuer_per_share": 12.26,
            "book_valuer_per_share_4q_avg": 15.87,
            "equity": 408267,
            "current_ratio": 112.26,
            "debt_ratio": 76.06,
            "inventory_turnover_ratio": 1.31,
            "account_receivable_turnover_ratio": 1.84,
            "reinvestment_rate": -1.76,
            "research_to_sale_ratio": 1.61,
            "price_fair": 454.07,
            "eps_avg_yearly": 12.97,
            "eps_latest_yearly": 1.48,
            "eps_growth_yearly": 377.65
        },
        "20193": {
            "year_quarter": 20193,
            "year": 2019,
            "quarter": 3,
            "eps": -0.18,
            "eps_growth_year": null,
            "eps_4q": -5.98,
            "eps_4q_growth_year": -154.14,
            "roe": -1.46,
            "roe_4q": -36.13,
            "gross_profit": 58983,
            "gross_margin": 7.04,
            "gross_margin_4q_avg": -6.41,
            "net_income": -5927,
            "net_income_4q": null,
            "revenue": 837610,
            "revenue_4q": null,
            "common_shares": 332905,
            "book_valuer_per_share": 12.11,
            "book_valuer_per_share_4q_avg": 13.9,
            "equity": 403265,
            "current_ratio": 110.5,
            "debt_ratio": 77.44,
            "inventory_turnover_ratio": 1.36,
            "account_receivable_turnover_ratio": 1.66,
            "reinvestment_rate": -1.82,
            "research_to_sale_ratio": 1.48,
            "price_fair": 454.07,
            "eps_avg_yearly": 12.97,
            "eps_latest_yearly": 1.48,
            "eps_growth_yearly": 377.65
        },
        "20194": {
            "year_quarter": 20194,
            "year": 2019,
            "quarter": 4,
            "eps": -0.66,
            "eps_growth_year": null,
            "eps_4q": -2.43,
            "eps_4q_growth_year": -160.21,
            "roe": -5.57,
            "roe_4q": -18.21,
            "gross_profit": -16580,
            "gross_margin": -2.07,
            "gross_margin_4q_avg": 2.74,
            "net_income": -21898,
            "net_income_4q": null,
            "revenue": 802187,
            "revenue_4q": null,
            "common_shares": 332905,
            "book_valuer_per_share": 11.52,
            "book_valuer_per_share_4q_avg": 12.82,
            "equity": 383672,
            "current_ratio": 108.73,
            "debt_ratio": 75.27,
            "inventory_turnover_ratio": 1.77,
            "account_receivable_turnover_ratio": 1.54,
            "reinvestment_rate": 4.94,
            "research_to_sale_ratio": 1.31,
            "price_fair": 454.07,
            "eps_avg_yearly": 12.97,
            "eps_latest_yearly": 1.48,
            "eps_growth_yearly": 377.65
        },
        "20201": {
            "year_quarter": 20201,
            "year": 2020,
            "quarter": 1,
            "eps": -0.69,
            "eps_growth_year": null,
            "eps_4q": -2.66,
            "eps_4q_growth_year": null,
            "roe": -6.16,
            "roe_4q": -21.400000000000002,
            "gross_profit": 35659,
            "gross_margin": 6.16,
            "gross_margin_4q_avg": 3.46,
            "net_income": -22863,
            "net_income_4q": null,
            "revenue": 579202,
            "revenue_4q": null,
            "common_shares": 332905,
            "book_valuer_per_share": 10.76,
            "book_valuer_per_share_4q_avg": 11.66,
            "equity": 358411,
            "current_ratio": 108.95,
            "debt_ratio": 72.94,
            "inventory_turnover_ratio": 1.42,
            "account_receivable_turnover_ratio": 1.53,
            "reinvestment_rate": -2.18,
            "research_to_sale_ratio": 2.2,
            "price_fair": 454.07,
            "eps_avg_yearly": 12.97,
            "eps_latest_yearly": 1.48,
            "eps_growth_yearly": 377.65
        },
        "20202": {
            "year_quarter": 20202,
            "year": 2020,
            "quarter": 2,
            "eps": -0.09,
            "eps_growth_year": null,
            "eps_4q": -1.61,
            "eps_4q_growth_year": null,
            "roe": -0.8,
            "roe_4q": -13.990000000000002,
            "gross_profit": 41895,
            "gross_margin": 5.45,
            "gross_margin_4q_avg": 4.15,
            "net_income": -3041,
            "net_income_4q": null,
            "revenue": 769086,
            "revenue_4q": null,
            "common_shares": 332905,
            "book_valuer_per_share": 12.17,
            "book_valuer_per_share_4q_avg": 11.64,
            "equity": 405515,
            "current_ratio": 158.54,
            "debt_ratio": 75.61,
            "inventory_turnover_ratio": 1.56,
            "account_receivable_turnover_ratio": 2.54,
            "reinvestment_rate": -0.29,
            "research_to_sale_ratio": 1.42,
            "price_fair": 541.52,
            "eps_avg_yearly": 15.47,
            "eps_latest_yearly": 1.48,
            "eps_growth_yearly": 453.18
        },
        "20203": {
            "year_quarter": 20203,
            "year": 2020,
            "quarter": 3,
            "eps": 0.61,
            "eps_growth_year": null,
            "eps_4q": -0.51,
            "eps_4q_growth_year": null,
            "roe": 4.1,
            "roe_4q": -8.43,
            "gross_profit": 88172,
            "gross_margin": 7.83,
            "gross_margin_4q_avg": 4.34,
            "net_income": 24822,
            "net_income_4q": null,
            "revenue": 1125658,
            "revenue_4q": null,
            "common_shares": 332905,
            "book_valuer_per_share": 17.94,
            "book_valuer_per_share_4q_avg": 13.1,
            "equity": 805262,
            "current_ratio": 150.03,
            "debt_ratio": 57.78,
            "inventory_turnover_ratio": 1.77,
            "account_receivable_turnover_ratio": 2.77,
            "reinvestment_rate": -0.75,
            "research_to_sale_ratio": 0.94,
            "price_fair": 672.35,
            "eps_avg_yearly": 19.21,
            "eps_latest_yearly": 1.48,
            "eps_growth_yearly": 558.14
        },
        "20204": {
            "year_quarter": 20204,
            "year": 2020,
            "quarter": 4,
            "eps": 0.67,
            "eps_growth_year": null,
            "eps_4q": 0.65,
            "eps_4q_growth_year": null,
            "roe": 3.69,
            "roe_4q": 0.8299999999999992,
            "gross_profit": 105126,
            "gross_margin": 8.07,
            "gross_margin_4q_avg": 6.88,
            "net_income": 30274,
            "net_income_4q": null,
            "revenue": 1302482,
            "revenue_4q": null,
            "common_shares": 448816,
            "book_valuer_per_share": 18.61,
            "book_valuer_per_share_4q_avg": 14.87,
            "equity": 835863,
            "current_ratio": 156.27,
            "debt_ratio": 55.98,
            "inventory_turnover_ratio": 2.01,
            "account_receivable_turnover_ratio": 2.66,
            "reinvestment_rate": -1.26,
            "research_to_sale_ratio": 1.04,
            "price_fair": 556.64,
            "eps_avg_yearly": 15.9,
            "eps_latest_yearly": 2.68,
            "eps_growth_yearly": 454.38
        },
        "20211": {
            "year_quarter": 20211,
            "year": 2021,
            "quarter": 1,
            "eps": 3.04,
            "eps_growth_year": null,
            "eps_4q": 4.2,
            "eps_4q_growth_year": null,
            "roe": 15.05,
            "roe_4q": 22.040000000000003,
            "gross_profit": 277396,
            "gross_margin": 20.12,
            "gross_margin_4q_avg": 10.37,
            "net_income": 136251,
            "net_income_4q": null,
            "revenue": 1378658,
            "revenue_4q": null,
            "common_shares": 448816,
            "book_valuer_per_share": 21.7,
            "book_valuer_per_share_4q_avg": 17.61,
            "equity": 974363,
            "current_ratio": 162.4,
            "debt_ratio": 56.14,
            "inventory_turnover_ratio": 1.67,
            "account_receivable_turnover_ratio": 2.34,
            "reinvestment_rate": 3.38,
            "research_to_sale_ratio": 1.11,
            "price_fair": 534.8,
            "eps_avg_yearly": 15.28,
            "eps_latest_yearly": 12.16,
            "eps_growth_yearly": 614.47
        },
        "20212": {
            "year_quarter": 20212,
            "year": 2021,
            "quarter": 2,
            "eps": 7.19,
            "eps_growth_year": null,
            "eps_4q": 11.46,
            "eps_4q_growth_year": null,
            "roe": 28.27,
            "roe_4q": 51.11,
            "gross_profit": 527822,
            "gross_margin": 26.13,
            "gross_margin_4q_avg": 15.54,
            "net_income": 322745,
            "net_income_4q": null,
            "revenue": 2020076,
            "revenue_4q": null,
            "common_shares": 448816,
            "book_valuer_per_share": 28.98,
            "book_valuer_per_share_4q_avg": 21.81,
            "equity": 1309106,
            "current_ratio": 169.06,
            "debt_ratio": 53.64,
            "inventory_turnover_ratio": 2.12,
            "account_receivable_turnover_ratio": 2.8,
            "reinvestment_rate": 13.2,
            "research_to_sale_ratio": 0.83,
            "price_fair": 602.2,
            "eps_avg_yearly": 17.21,
            "eps_latest_yearly": 28.76,
            "eps_growth_yearly": 604.7
        },
        "20213": {
            "year_quarter": 20213,
            "year": 2021,
            "quarter": 3,
            "eps": 3.93,
            "eps_growth_year": 544.26,
            "eps_4q": 14.83,
            "eps_4q_growth_year": null,
            "roe": 12.45,
            "roe_4q": 59.459999999999994,
            "gross_profit": 317465,
            "gross_margin": 16.26,
            "gross_margin_4q_avg": 17.65,
            "net_income": 176035,
            "net_income_4q": null,
            "revenue": 1952190,
            "revenue_4q": null,
            "common_shares": 448816,
            "book_valuer_per_share": 33.64,
            "book_valuer_per_share_4q_avg": 25.73,
            "equity": 1518291,
            "current_ratio": 167.99,
            "debt_ratio": 64.63,
            "inventory_turnover_ratio": 2.05,
            "account_receivable_turnover_ratio": 2.24,
            "reinvestment_rate": 72.32,
            "research_to_sale_ratio": 0.66,
            "price_fair": 569.4,
            "eps_avg_yearly": 16.27,
            "eps_latest_yearly": 15.72,
            "eps_growth_yearly": 311.15
        },
        "20214": {
            "year_quarter": 20214,
            "year": 2021,
            "quarter": 4,
            "eps": 9.28,
            "eps_growth_year": 1276.1,
            "eps_4q": 22.42,
            "eps_4q_growth_year": 3347.55,
            "roe": 22.69,
            "roe_4q": 78.46,
            "gross_profit": 743596,
            "gross_margin": 21.62,
            "gross_margin_4q_avg": 21.03,
            "net_income": 448500,
            "net_income_4q": null,
            "revenue": 3439725,
            "revenue_4q": null,
            "common_shares": 448816,
            "book_valuer_per_share": 50.17,
            "book_valuer_per_share_4q_avg": 33.62,
            "equity": 2434264,
            "current_ratio": 166.01,
            "debt_ratio": 55.99,
            "inventory_turnover_ratio": 2.29,
            "account_receivable_turnover_ratio": 2.89,
            "reinvestment_rate": 51.98,
            "research_to_sale_ratio": 0.7,
            "price_fair": 693.4,
            "eps_avg_yearly": 19.81,
            "eps_latest_yearly": 37.12,
            "eps_growth_yearly": 414.48
        },
        "20221": {
            "year_quarter": 20221,
            "year": 2022,
            "quarter": 1,
            "eps": 3.38,
            "eps_growth_year": 11.18,
            "eps_4q": 22.97,
            "eps_4q_growth_year": 447.57,
            "roe": 6.47,
            "roe_4q": 69.88,
            "gross_profit": 304202,
            "gross_margin": 13.82,
            "gross_margin_4q_avg": 19.46,
            "net_income": 162686,
            "net_income_4q": null,
            "revenue": 2201792,
            "revenue_4q": null,
            "common_shares": 482393,
            "book_valuer_per_share": 53.54,
            "book_valuer_per_share_4q_avg": 41.58,
            "equity": 2597108,
            "current_ratio": 173.97,
            "debt_ratio": 52.26,
            "inventory_turnover_ratio": 1.15,
            "account_receivable_turnover_ratio": 1.73,
            "reinvestment_rate": 68.06,
            "research_to_sale_ratio": 0.69,
            "price_fair": 557.2,
            "eps_avg_yearly": 15.92,
            "eps_latest_yearly": 13.52,
            "eps_growth_yearly": 246.24
        },
        "20222": {
            "year_quarter": 20222,
            "year": 2022,
            "quarter": 2,
            "eps": -1.08,
            "eps_growth_year": -115.02,
            "eps_4q": 15.22,
            "eps_4q_growth_year": 32.84,
            "roe": -2.27,
            "roe_4q": 39.34,
            "gross_profit": 14208,
            "gross_margin": 1.51,
            "gross_margin_4q_avg": 13.3,
            "net_income": -52359,
            "net_income_4q": null,
            "revenue": 938664,
            "revenue_4q": null,
            "common_shares": 483460,
            "book_valuer_per_share": 41.38,
            "book_valuer_per_share_4q_avg": 44.68,
            "equity": 2009192,
            "current_ratio": 172.47,
            "debt_ratio": 50,
            "inventory_turnover_ratio": 0.6,
            "account_receivable_turnover_ratio": 1.17,
            "reinvestment_rate": 76.87,
            "research_to_sale_ratio": 1.15,
            "price_fair": 641.43,
            "eps_avg_yearly": 18.33,
            "eps_latest_yearly": 13.52,
            "eps_growth_yearly": 351.53
        },
        "20223": {
            "year_quarter": 20223,
            "year": 2022,
            "quarter": 3,
            "eps": -2.8,
            "eps_growth_year": -171.25,
            "eps_4q": 8.78,
            "eps_4q_growth_year": -40.83,
            "roe": -7.04,
            "roe_4q": 19.85,
            "gross_profit": -131409,
            "gross_margin": -22.62,
            "gross_margin_4q_avg": 3.58,
            "net_income": -135418,
            "net_income_4q": null,
            "revenue": 580974,
            "revenue_4q": null,
            "common_shares": 483460,
            "book_valuer_per_share": 37.83,
            "book_valuer_per_share_4q_avg": 45.73,
            "equity": 1837275,
            "current_ratio": 215.16,
            "debt_ratio": 39.46,
            "inventory_turnover_ratio": 0.74,
            "account_receivable_turnover_ratio": 1.2,
            "reinvestment_rate": 88.69,
            "research_to_sale_ratio": 1.92,
            "price_fair": 641.43,
            "eps_avg_yearly": 18.33,
            "eps_latest_yearly": 13.52,
            "eps_growth_yearly": 351.53
        },
        "20224": {
            "year_quarter": 20224,
            "year": 2022,
            "quarter": 4,
            "eps": -1.28,
            "eps_growth_year": -113.77,
            "eps_4q": -1.78,
            "eps_4q_growth_year": -107.96,
            "roe": -3.53,
            "roe_4q": -6.37,
            "gross_profit": 17751,
            "gross_margin": 1.47,
            "gross_margin_4q_avg": -1.46,
            "net_income": -63879,
            "net_income_4q": null,
            "revenue": 1206038,
            "revenue_4q": null,
            "common_shares": 483460,
            "book_valuer_per_share": 36.66,
            "book_valuer_per_share_4q_avg": 42.35,
            "equity": 1779478,
            "current_ratio": 158.17,
            "debt_ratio": 51.61,
            "inventory_turnover_ratio": 1.25,
            "account_receivable_turnover_ratio": 1.91,
            "reinvestment_rate": 85.04,
            "research_to_sale_ratio": 1,
            "price_fair": 641.43,
            "eps_avg_yearly": 18.33,
            "eps_latest_yearly": 13.52,
            "eps_growth_yearly": 351.53
        },
        "20231": {
            "year_quarter": 20231,
            "year": 2023,
            "quarter": 1,
            "eps": -0.06,
            "eps_growth_year": -101.78,
            "eps_4q": -5.21,
            "eps_4q_growth_year": -122.69,
            "roe": -0.19,
            "roe_4q": -13.03,
            "gross_profit": 81729,
            "gross_margin": 6.21,
            "gross_margin_4q_avg": -3.36,
            "net_income": -3423,
            "net_income_4q": null,
            "revenue": 1315189,
            "revenue_4q": null,
            "common_shares": 483460,
            "book_valuer_per_share": 36.58,
            "book_valuer_per_share_4q_avg": 38.11,
            "equity": 1774416,
            "current_ratio": 157.96,
            "debt_ratio": 51.45,
            "inventory_turnover_ratio": 1.12,
            "account_receivable_turnover_ratio": 1.75,
            "reinvestment_rate": 83.6,
            "research_to_sale_ratio": 0.8,
            "price_fair": 641.43,
            "eps_avg_yearly": 18.33,
            "eps_latest_yearly": 13.52,
            "eps_growth_yearly": 351.53
        },
        "20232": {
            "year_quarter": 20232,
            "year": 2023,
            "quarter": 2,
            "eps": -0.87,
            "eps_growth_year": null,
            "eps_4q": -5,
            "eps_4q_growth_year": -132.86,
            "roe": -2.42,
            "roe_4q": -13.18,
            "gross_profit": 17324,
            "gross_margin": 1.66,
            "gross_margin_4q_avg": -3.32,
            "net_income": -42489,
            "net_income_4q": null,
            "revenue": 1046167,
            "revenue_4q": null,
            "common_shares": 483460,
            "book_valuer_per_share": 35.69,
            "book_valuer_per_share_4q_avg": 36.69,
            "equity": 1731040,
            "current_ratio": 164.26,
            "debt_ratio": 48.21,
            "inventory_turnover_ratio": 1.03,
            "account_receivable_turnover_ratio": 1.48,
            "reinvestment_rate": 84.37,
            "research_to_sale_ratio": 1.17,
            "price_fair": 641.43,
            "eps_avg_yearly": 18.33,
            "eps_latest_yearly": 13.52,
            "eps_growth_yearly": 351.53
        }
    },
    "months": {
        "2002-03": {
            "month": "2002-03",
            "price": "42.49",
            "revenue": 319874
        },
        "2002-04": {
            "month": "2002-04",
            "price": "47.45",
            "revenue": 158911
        },
        "2002-05": {
            "month": "2002-05",
            "price": "35.22",
            "revenue": 176987
        },
        "2002-06": {
            "month": "2002-06",
            "price": "31.33",
            "revenue": 178868
        },
        "2002-07": {
            "month": "2002-07",
            "price": "24.15",
            "revenue": 214674
        },
        "2002-08": {
            "month": "2002-08",
            "price": "21.80",
            "revenue": 254956
        },
        "2002-09": {
            "month": "2002-09",
            "price": "15.88",
            "revenue": 307003
        },
        "2002-10": {
            "month": "2002-10",
            "price": "12.95",
            "revenue": 306624
        },
        "2002-11": {
            "month": "2002-11",
            "price": "11.42",
            "revenue": 273434
        },
        "2002-12": {
            "month": "2002-12",
            "price": "10.08",
            "revenue": 234910
        },
        "2003-01": {
            "month": "2003-01",
            "price": "9.60",
            "revenue": 289290
        },
        "2003-02": {
            "month": "2003-02",
            "price": "10.91",
            "revenue": 289902
        },
        "2003-03": {
            "month": "2003-03",
            "price": "15.14",
            "revenue": 423093
        },
        "2003-04": {
            "month": "2003-04",
            "price": "22.92",
            "revenue": 288808
        },
        "2003-05": {
            "month": "2003-05",
            "price": "26.15",
            "revenue": 323681
        },
        "2003-06": {
            "month": "2003-06",
            "price": "35.50",
            "revenue": 330619
        },
        "2003-07": {
            "month": "2003-07",
            "price": "38.35",
            "revenue": 430253
        },
        "2003-08": {
            "month": "2003-08",
            "price": "40.35",
            "revenue": 439524
        },
        "2003-09": {
            "month": "2003-09",
            "price": "39.10",
            "revenue": 526163
        },
        "2003-10": {
            "month": "2003-10",
            "price": "35.70",
            "revenue": 643223
        },
        "2003-11": {
            "month": "2003-11",
            "price": "38.48",
            "revenue": 741624
        },
        "2003-12": {
            "month": "2003-12",
            "price": "39.58",
            "revenue": 766023
        },
        "2004-01": {
            "month": "2004-01",
            "price": "44.76",
            "revenue": 770859
        },
        "2004-02": {
            "month": "2004-02",
            "price": "49.92",
            "revenue": 669411
        },
        "2004-03": {
            "month": "2004-03",
            "price": "48.35",
            "revenue": 649835
        },
        "2004-04": {
            "month": "2004-04",
            "price": "48.16",
            "revenue": 611917
        },
        "2004-05": {
            "month": "2004-05",
            "price": "40.91",
            "revenue": 488740
        },
        "2004-06": {
            "month": "2004-06",
            "price": "34.52",
            "revenue": 550129
        },
        "2004-07": {
            "month": "2004-07",
            "price": "26.53",
            "revenue": 663224
        },
        "2004-08": {
            "month": "2004-08",
            "price": "23.41",
            "revenue": 780715
        },
        "2004-09": {
            "month": "2004-09",
            "price": "17.27",
            "revenue": 853096
        },
        "2004-10": {
            "month": "2004-10",
            "price": "16.50",
            "revenue": 807682
        },
        "2004-11": {
            "month": "2004-11",
            "price": "15.10",
            "revenue": 726556
        },
        "2004-12": {
            "month": "2004-12",
            "price": "14.41",
            "revenue": 904578
        },
        "2005-01": {
            "month": "2005-01",
            "price": "14.37",
            "revenue": 718531
        },
        "2005-02": {
            "month": "2005-02",
            "price": "16.43",
            "revenue": 538597
        },
        "2005-03": {
            "month": "2005-03",
            "price": "19.83",
            "revenue": 529267
        },
        "2005-04": {
            "month": "2005-04",
            "price": "17.12",
            "revenue": 467969
        },
        "2005-05": {
            "month": "2005-05",
            "price": "15.46",
            "revenue": 375930
        },
        "2005-06": {
            "month": "2005-06",
            "price": "19.97",
            "revenue": 403099
        },
        "2005-07": {
            "month": "2005-07",
            "price": "21.98",
            "revenue": 354217
        },
        "2005-08": {
            "month": "2005-08",
            "price": "19.35",
            "revenue": 531506
        },
        "2005-09": {
            "month": "2005-09",
            "price": "15.63",
            "revenue": 594586
        },
        "2005-10": {
            "month": "2005-10",
            "price": "16.30",
            "revenue": 719349
        },
        "2005-11": {
            "month": "2005-11",
            "price": "15.85",
            "revenue": 705621
        },
        "2005-12": {
            "month": "2005-12",
            "price": "17.44",
            "revenue": 728391
        },
        "2006-01": {
            "month": "2006-01",
            "price": "18.00",
            "revenue": 445292
        },
        "2006-02": {
            "month": "2006-02",
            "price": "16.14",
            "revenue": 389723
        },
        "2006-03": {
            "month": "2006-03",
            "price": "15.51",
            "revenue": 354948
        },
        "2006-04": {
            "month": "2006-04",
            "price": "15.06",
            "revenue": 228207
        },
        "2006-05": {
            "month": "2006-05",
            "price": "13.90",
            "revenue": 173940
        },
        "2006-06": {
            "month": "2006-06",
            "price": "10.50",
            "revenue": 180685
        },
        "2006-07": {
            "month": "2006-07",
            "price": "10.13",
            "revenue": 257089
        },
        "2006-08": {
            "month": "2006-08",
            "price": "9.22",
            "revenue": 403075
        },
        "2006-09": {
            "month": "2006-09",
            "price": "7.27",
            "revenue": 374663
        },
        "2006-10": {
            "month": "2006-10",
            "price": "7.80",
            "revenue": 378339
        },
        "2006-11": {
            "month": "2006-11",
            "price": "9.16",
            "revenue": 404170
        },
        "2006-12": {
            "month": "2006-12",
            "price": "17.01",
            "revenue": 316132
        },
        "2007-01": {
            "month": "2007-01",
            "price": "24.17",
            "revenue": 286628
        },
        "2007-02": {
            "month": "2007-02",
            "price": "19.48",
            "revenue": 252871
        },
        "2007-03": {
            "month": "2007-03",
            "price": "24.71",
            "revenue": 281077
        },
        "2007-04": {
            "month": "2007-04",
            "price": "35.85",
            "revenue": 154198
        },
        "2007-05": {
            "month": "2007-05",
            "price": "33.87",
            "revenue": 205441
        },
        "2007-06": {
            "month": "2007-06",
            "price": "35.16",
            "revenue": 215342
        },
        "2007-07": {
            "month": "2007-07",
            "price": "37.32",
            "revenue": 262247
        },
        "2007-08": {
            "month": "2007-08",
            "price": "31.66",
            "revenue": 371449
        },
        "2007-09": {
            "month": "2007-09",
            "price": "30.23",
            "revenue": 425961
        },
        "2007-10": {
            "month": "2007-10",
            "price": "26.90",
            "revenue": 394972
        },
        "2007-11": {
            "month": "2007-11",
            "price": "20.78",
            "revenue": 366002
        },
        "2007-12": {
            "month": "2007-12",
            "price": "19.41",
            "revenue": 377451
        },
        "2008-01": {
            "month": "2008-01",
            "price": "16.12",
            "revenue": 264962
        },
        "2008-02": {
            "month": "2008-02",
            "price": "16.01",
            "revenue": 252535
        },
        "2008-03": {
            "month": "2008-03",
            "price": "17.13",
            "revenue": 383608
        },
        "2008-04": {
            "month": "2008-04",
            "price": "19.24",
            "revenue": 165463
        },
        "2008-05": {
            "month": "2008-05",
            "price": "21.50",
            "revenue": 268138
        },
        "2008-06": {
            "month": "2008-06",
            "price": "23.22",
            "revenue": 369048
        },
        "2008-07": {
            "month": "2008-07",
            "price": "19.14",
            "revenue": 353756
        },
        "2008-08": {
            "month": "2008-08",
            "price": "19.39",
            "revenue": 396259
        },
        "2008-09": {
            "month": "2008-09",
            "price": "14.86",
            "revenue": 492042
        },
        "2008-10": {
            "month": "2008-10",
            "price": "10.03",
            "revenue": 436616
        },
        "2008-11": {
            "month": "2008-11",
            "price": "8.86",
            "revenue": 228233
        },
        "2008-12": {
            "month": "2008-12",
            "price": "8.96",
            "revenue": 275630
        },
        "2009-01": {
            "month": "2009-01",
            "price": "8.93",
            "revenue": 210896
        },
        "2009-02": {
            "month": "2009-02",
            "price": "8.95",
            "revenue": 358352
        },
        "2009-03": {
            "month": "2009-03",
            "price": "13.62",
            "revenue": 317497
        },
        "2009-04": {
            "month": "2009-04",
            "price": "14.61",
            "revenue": 226655
        },
        "2009-05": {
            "month": "2009-05",
            "price": "14.98",
            "revenue": 253725
        },
        "2009-06": {
            "month": "2009-06",
            "price": "13.97",
            "revenue": 300826
        },
        "2009-07": {
            "month": "2009-07",
            "price": "14.81",
            "revenue": 311015
        },
        "2009-08": {
            "month": "2009-08",
            "price": "16.89",
            "revenue": 416394
        },
        "2009-09": {
            "month": "2009-09",
            "price": "18.74",
            "revenue": 498536
        },
        "2009-10": {
            "month": "2009-10",
            "price": "25.05",
            "revenue": 377559
        },
        "2009-11": {
            "month": "2009-11",
            "price": "31.47",
            "revenue": 436719
        },
        "2009-12": {
            "month": "2009-12",
            "price": "37.09",
            "revenue": 573675
        },
        "2010-01": {
            "month": "2010-01",
            "price": "61.19",
            "revenue": 328080
        },
        "2010-02": {
            "month": "2010-02",
            "price": "56.56",
            "revenue": 455063
        },
        "2010-03": {
            "month": "2010-03",
            "price": "59.80",
            "revenue": 672855
        },
        "2010-04": {
            "month": "2010-04",
            "price": "67.55",
            "revenue": 371126
        },
        "2010-05": {
            "month": "2010-05",
            "price": "55.50",
            "revenue": 393057
        },
        "2010-06": {
            "month": "2010-06",
            "price": "51.83",
            "revenue": 396286
        },
        "2010-07": {
            "month": "2010-07",
            "price": "50.55",
            "revenue": 413396
        },
        "2010-08": {
            "month": "2010-08",
            "price": "47.93",
            "revenue": 418823
        },
        "2010-09": {
            "month": "2010-09",
            "price": "42.54",
            "revenue": 487164
        },
        "2010-10": {
            "month": "2010-10",
            "price": "39.69",
            "revenue": 359918
        },
        "2010-11": {
            "month": "2010-11",
            "price": "39.38",
            "revenue": 449853
        },
        "2010-12": {
            "month": "2010-12",
            "price": "43.45",
            "revenue": 600527
        },
        "2011-01": {
            "month": "2011-01",
            "price": "42.74",
            "revenue": 242999
        },
        "2011-02": {
            "month": "2011-02",
            "price": "37.25",
            "revenue": 229054
        },
        "2011-03": {
            "month": "2011-03",
            "price": "32.40",
            "revenue": 460389
        },
        "2011-04": {
            "month": "2011-04",
            "price": "33.54",
            "revenue": 325146
        },
        "2011-05": {
            "month": "2011-05",
            "price": "30.95",
            "revenue": 342892
        },
        "2011-06": {
            "month": "2011-06",
            "price": "30.29",
            "revenue": 481932
        },
        "2011-07": {
            "month": "2011-07",
            "price": "30.07",
            "revenue": 297058
        },
        "2011-08": {
            "month": "2011-08",
            "price": "21.57",
            "revenue": 384326
        },
        "2011-09": {
            "month": "2011-09",
            "price": "17.14",
            "revenue": 613773
        },
        "2011-10": {
            "month": "2011-10",
            "price": "17.16",
            "revenue": 364369
        },
        "2011-11": {
            "month": "2011-11",
            "price": "16.42",
            "revenue": 344997
        },
        "2011-12": {
            "month": "2011-12",
            "price": "13.60",
            "revenue": 404484
        },
        "2012-01": {
            "month": "2012-01",
            "price": "14.39",
            "revenue": 203406
        },
        "2012-02": {
            "month": "2012-02",
            "price": "20.92",
            "revenue": 303402
        },
        "2012-03": {
            "month": "2012-03",
            "price": "21.52",
            "revenue": 479843
        },
        "2012-04": {
            "month": "2012-04",
            "price": "17.77",
            "revenue": 215385
        },
        "2012-05": {
            "month": "2012-05",
            "price": "16.53",
            "revenue": 276729
        },
        "2012-06": {
            "month": "2012-06",
            "price": "17.47",
            "revenue": 364359
        },
        "2012-07": {
            "month": "2012-07",
            "price": "17.05",
            "revenue": 296052
        },
        "2012-08": {
            "month": "2012-08",
            "price": "16.81",
            "revenue": 397141
        },
        "2012-09": {
            "month": "2012-09",
            "price": "16.71",
            "revenue": 552376
        },
        "2012-10": {
            "month": "2012-10",
            "price": "14.29",
            "revenue": 214329
        },
        "2012-11": {
            "month": "2012-11",
            "price": "11.82",
            "revenue": 256460
        },
        "2012-12": {
            "month": "2012-12",
            "price": "13.39",
            "revenue": 344603
        },
        "2013-01": {
            "month": "2013-01",
            "price": "13.13",
            "revenue": 298446
        },
        "2013-02": {
            "month": "2013-02",
            "price": "12.08",
            "revenue": 234036
        },
        "2013-03": {
            "month": "2013-03",
            "price": "13.14",
            "revenue": 521152
        },
        "2013-04": {
            "month": "2013-04",
            "price": "14.66",
            "revenue": 294358
        },
        "2013-05": {
            "month": "2013-05",
            "price": "14.99",
            "revenue": 256474
        },
        "2013-06": {
            "month": "2013-06",
            "price": "15.58",
            "revenue": 378530
        },
        "2013-07": {
            "month": "2013-07",
            "price": "15.01",
            "revenue": 183112
        },
        "2013-08": {
            "month": "2013-08",
            "price": "13.13",
            "revenue": 283650
        },
        "2013-09": {
            "month": "2013-09",
            "price": "13.04",
            "revenue": 338045
        },
        "2013-10": {
            "month": "2013-10",
            "price": "12.88",
            "revenue": 214353
        },
        "2013-11": {
            "month": "2013-11",
            "price": "10.76",
            "revenue": 373552
        },
        "2013-12": {
            "month": "2013-12",
            "price": "11.08",
            "revenue": 595153
        },
        "2014-01": {
            "month": "2014-01",
            "price": "12.51",
            "revenue": 364124
        },
        "2014-02": {
            "month": "2014-02",
            "price": "12.38",
            "revenue": 301834
        },
        "2014-03": {
            "month": "2014-03",
            "price": "12.91",
            "revenue": 699488
        },
        "2014-04": {
            "month": "2014-04",
            "price": "13.93",
            "revenue": 264741
        },
        "2014-05": {
            "month": "2014-05",
            "price": "15.72",
            "revenue": 317533
        },
        "2014-06": {
            "month": "2014-06",
            "price": "15.56",
            "revenue": 366148
        },
        "2014-07": {
            "month": "2014-07",
            "price": "14.47",
            "revenue": 201974
        },
        "2014-08": {
            "month": "2014-08",
            "price": "12.89",
            "revenue": 197212
        },
        "2014-09": {
            "month": "2014-09",
            "price": "11.82",
            "revenue": 365889
        },
        "2014-10": {
            "month": "2014-10",
            "price": "10.89",
            "revenue": 179749
        },
        "2014-11": {
            "month": "2014-11",
            "price": "10.63",
            "revenue": 278313
        },
        "2014-12": {
            "month": "2014-12",
            "price": "11.04",
            "revenue": 224048
        },
        "2015-01": {
            "month": "2015-01",
            "price": "11.34",
            "revenue": 172515
        },
        "2015-02": {
            "month": "2015-02",
            "price": "11.37",
            "revenue": 198779
        },
        "2015-03": {
            "month": "2015-03",
            "price": "11.12",
            "revenue": 378621
        },
        "2015-04": {
            "month": "2015-04",
            "price": "10.18",
            "revenue": 268339
        },
        "2015-05": {
            "month": "2015-05",
            "price": "7.60",
            "revenue": 240372
        },
        "2015-06": {
            "month": "2015-06",
            "price": "7.33",
            "revenue": 171292
        },
        "2015-07": {
            "month": "2015-07",
            "price": "6.21",
            "revenue": 140021
        },
        "2015-08": {
            "month": "2015-08",
            "price": "4.89",
            "revenue": 189553
        },
        "2015-09": {
            "month": "2015-09",
            "price": "4.82",
            "revenue": 221058
        },
        "2015-10": {
            "month": "2015-10",
            "price": "7.49",
            "revenue": 141955
        },
        "2015-11": {
            "month": "2015-11",
            "price": "7.37",
            "revenue": 149735
        },
        "2015-12": {
            "month": "2015-12",
            "price": "6.75",
            "revenue": 213803
        },
        "2016-01": {
            "month": "2016-01",
            "price": "6.81",
            "revenue": 152775
        },
        "2016-02": {
            "month": "2016-02",
            "price": "7.11",
            "revenue": 115021
        },
        "2016-03": {
            "month": "2016-03",
            "price": "9.03",
            "revenue": 240456
        },
        "2016-04": {
            "month": "2016-04",
            "price": "8.59",
            "revenue": 168105
        },
        "2016-05": {
            "month": "2016-05",
            "price": "7.08",
            "revenue": 254265
        },
        "2016-06": {
            "month": "2016-06",
            "price": "7.70",
            "revenue": 224157
        },
        "2016-07": {
            "month": "2016-07",
            "price": "8.64",
            "revenue": 147844
        },
        "2016-08": {
            "month": "2016-08",
            "price": "9.09",
            "revenue": 212857
        },
        "2016-09": {
            "month": "2016-09",
            "price": "9.74",
            "revenue": 326544
        },
        "2016-10": {
            "month": "2016-10",
            "price": "12.55",
            "revenue": 268543
        },
        "2016-11": {
            "month": "2016-11",
            "price": "17.10",
            "revenue": 201676
        },
        "2016-12": {
            "month": "2016-12",
            "price": "16.39",
            "revenue": 228248
        },
        "2017-01": {
            "month": "2017-01",
            "price": "16.61",
            "revenue": 114659
        },
        "2017-02": {
            "month": "2017-02",
            "price": "20.53",
            "revenue": 144154
        },
        "2017-03": {
            "month": "2017-03",
            "price": "20.35",
            "revenue": 218527
        },
        "2017-04": {
            "month": "2017-04",
            "price": "16.89",
            "revenue": 260187
        },
        "2017-05": {
            "month": "2017-05",
            "price": "16.90",
            "revenue": 269075
        },
        "2017-06": {
            "month": "2017-06",
            "price": "20.52",
            "revenue": 434858
        },
        "2017-07": {
            "month": "2017-07",
            "price": "35.30",
            "revenue": 407283
        },
        "2017-08": {
            "month": "2017-08",
            "price": "35.24",
            "revenue": 489451
        },
        "2017-09": {
            "month": "2017-09",
            "price": "31.46",
            "revenue": 525877
        },
        "2017-10": {
            "month": "2017-10",
            "price": "57.75",
            "revenue": 403255
        },
        "2017-11": {
            "month": "2017-11",
            "price": "72.82",
            "revenue": 355756
        },
        "2017-12": {
            "month": "2017-12",
            "price": "71.21",
            "revenue": 914380
        },
        "2018-01": {
            "month": "2018-01",
            "price": "124.69",
            "revenue": 1129929
        },
        "2018-02": {
            "month": "2018-02",
            "price": "207.69",
            "revenue": 547809
        },
        "2018-03": {
            "month": "2018-03",
            "price": "315.87",
            "revenue": 1318159
        },
        "2018-04": {
            "month": "2018-04",
            "price": "270.06",
            "revenue": 279794
        },
        "2018-05": {
            "month": "2018-05",
            "price": "156.89",
            "revenue": 558667
        },
        "2018-06": {
            "month": "2018-06",
            "price": "144.30",
            "revenue": 405589
        },
        "2018-07": {
            "month": "2018-07",
            "price": "130.05",
            "revenue": 114883
        },
        "2018-08": {
            "month": "2018-08",
            "price": "105.04",
            "revenue": 154471
        },
        "2018-09": {
            "month": "2018-09",
            "price": "73.21",
            "revenue": 196483
        },
        "2018-10": {
            "month": "2018-10",
            "price": "51.98",
            "revenue": 139681
        },
        "2018-11": {
            "month": "2018-11",
            "price": "48.87",
            "revenue": 156739
        },
        "2018-12": {
            "month": "2018-12",
            "price": "51.11",
            "revenue": 75066
        },
        "2019-01": {
            "month": "2019-01",
            "price": "55.52",
            "revenue": 161378
        },
        "2019-02": {
            "month": "2019-02",
            "price": "64.95",
            "revenue": 135518
        },
        "2019-03": {
            "month": "2019-03",
            "price": "66.76",
            "revenue": 260973
        },
        "2019-04": {
            "month": "2019-04",
            "price": "72.04",
            "revenue": 203738
        },
        "2019-05": {
            "month": "2019-05",
            "price": "69.83",
            "revenue": 233555
        },
        "2019-06": {
            "month": "2019-06",
            "price": "73.82",
            "revenue": 347107
        },
        "2019-07": {
            "month": "2019-07",
            "price": "78.85",
            "revenue": 241520
        },
        "2019-08": {
            "month": "2019-08",
            "price": "71.76",
            "revenue": 198148
        },
        "2019-09": {
            "month": "2019-09",
            "price": "67.50",
            "revenue": 397942
        },
        "2019-10": {
            "month": "2019-10",
            "price": "66.68",
            "revenue": 359870
        },
        "2019-11": {
            "month": "2019-11",
            "price": "65.77",
            "revenue": 244201
        },
        "2019-12": {
            "month": "2019-12",
            "price": "63.71",
            "revenue": 240563
        },
        "2020-01": {
            "month": "2020-01",
            "price": "63.48",
            "revenue": 259405
        },
        "2020-02": {
            "month": "2020-02",
            "price": "60.03",
            "revenue": 117129
        },
        "2020-03": {
            "month": "2020-03",
            "price": "41.79",
            "revenue": 202668
        },
        "2020-04": {
            "month": "2020-04",
            "price": "40.36",
            "revenue": 185465
        },
        "2020-05": {
            "month": "2020-05",
            "price": "49.90",
            "revenue": 233388
        },
        "2020-06": {
            "month": "2020-06",
            "price": "50.48",
            "revenue": 328037
        },
        "2020-07": {
            "month": "2020-07",
            "price": "48.78",
            "revenue": 249134
        },
        "2020-08": {
            "month": "2020-08",
            "price": "48.33",
            "revenue": 380575
        },
        "2020-09": {
            "month": "2020-09",
            "price": "52.45",
            "revenue": 495949
        },
        "2020-10": {
            "month": "2020-10",
            "price": "52.20",
            "revenue": 296565
        },
        "2020-11": {
            "month": "2020-11",
            "price": "81.48",
            "revenue": 497996
        },
        "2020-12": {
            "month": "2020-12",
            "price": "122.53",
            "revenue": 514093
        },
        "2021-01": {
            "month": "2021-01",
            "price": "108.96",
            "revenue": 415753
        },
        "2021-02": {
            "month": "2021-02",
            "price": "102.32",
            "revenue": 267226
        },
        "2021-03": {
            "month": "2021-03",
            "price": "127.23",
            "revenue": 695679
        },
        "2021-04": {
            "month": "2021-04",
            "price": "207.95",
            "revenue": 707244
        },
        "2021-05": {
            "month": "2021-05",
            "price": "170.00",
            "revenue": 691022
        },
        "2021-06": {
            "month": "2021-06",
            "price": "161.88",
            "revenue": 621810
        },
        "2021-07": {
            "month": "2021-07",
            "price": "144.23",
            "revenue": 448863
        },
        "2021-08": {
            "month": "2021-08",
            "price": "146.43",
            "revenue": 662695
        },
        "2021-09": {
            "month": "2021-09",
            "price": "134.42",
            "revenue": 840632
        },
        "2021-10": {
            "month": "2021-10",
            "price": "148.20",
            "revenue": 736554
        },
        "2021-11": {
            "month": "2021-11",
            "price": "159.14",
            "revenue": 1309617
        },
        "2021-12": {
            "month": "2021-12",
            "price": "184.16",
            "revenue": 1393553
        },
        "2022-01": {
            "month": "2022-01",
            "price": "163.61",
            "revenue": 854788
        },
        "2022-02": {
            "month": "2022-02",
            "price": "156.13",
            "revenue": 709437
        },
        "2022-03": {
            "month": "2022-03",
            "price": "152.57",
            "revenue": 637568
        },
        "2022-04": {
            "month": "2022-04",
            "price": "123.26",
            "revenue": 367641
        },
        "2022-05": {
            "month": "2022-05",
            "price": "103.09",
            "revenue": 296661
        },
        "2022-06": {
            "month": "2022-06",
            "price": "86.52",
            "revenue": 274361
        },
        "2022-07": {
            "month": "2022-07",
            "price": "68.00",
            "revenue": 187121
        },
        "2022-08": {
            "month": "2022-08",
            "price": "63.46",
            "revenue": 233056
        },
        "2022-09": {
            "month": "2022-09",
            "price": "57.07",
            "revenue": 160796
        },
        "2022-10": {
            "month": "2022-10",
            "price": "53.10",
            "revenue": 255835
        },
        "2022-11": {
            "month": "2022-11",
            "price": "63.72",
            "revenue": 335384
        },
        "2022-12": {
            "month": "2022-12",
            "price": "70.79",
            "revenue": 614820
        },
        "2023-01": {
            "month": "2023-01",
            "price": "75.04",
            "revenue": 465973
        },
        "2023-02": {
            "month": "2023-02",
            "price": "79.64",
            "revenue": 380097
        },
        "2023-03": {
            "month": "2023-03",
            "price": "76.57",
            "revenue": 469118
        },
        "2023-04": {
            "month": "2023-04",
            "price": "74.99",
            "revenue": 258227
        },
        "2023-05": {
            "month": "2023-05",
            "price": "71.92",
            "revenue": 428253
        },
        "2023-06": {
            "month": "2023-06",
            "price": "79.84",
            "revenue": 359687
        },
        "2023-07": {
            "month": "2023-07",
            "price": "91.14",
            "revenue": 206005
        },
        "2023-08": {
            "month": "2023-08",
            "price": "76.22",
            "revenue": 442456
        },
        "2023-09": {
            "month": "2023-09",
            "price": "79.56",
            "revenue": 619184
        }
    }
}
