{
    "summary": {
        "stock_name": "晉倫",
        "stock_id": "6151",
        "category": "其他電子",
        "main_business": "橡膠複合材料及塑膠複合材料之製造加工及買賣,電子零組件製造業<br>工業用塑膠製品製造業,其他電機及電子機械器材製造業(連接器)",
        "website_url": "http://www.ginar.com.tw",
        "ceo": "陳原振",
        "pe_ratio": 16,
        "report_year_from": 2001,
        "report_year_to": 2023,
        "age": 23,
        "eps_negative_percentage": 0,
        "eps_growth_avg": {
            "last_all": 7.75,
            "last_2y": 0.5,
            "last_4y": 10.25,
            "last_8y": 10.99,
            "last_12y": 4.86,
            "last_16y": 5.95,
            "last_20y": 11.66,
            "at_2006_last_3y": 35.95,
            "at_2007_last_3y": 2.7,
            "at_2008_last_3y": -26.39,
            "at_2009_last_3y": 1.07,
            "at_2010_last_3y": 9.49,
            "at_2011_last_3y": 8.96,
            "at_2012_last_3y": 10.54,
            "at_2013_last_3y": 0.89,
            "at_2014_last_3y": -8.93,
            "at_2015_last_3y": 24.29,
            "at_2016_last_3y": 34.93,
            "at_2017_last_3y": 14.77,
            "at_2018_last_3y": 11.91,
            "at_2019_last_3y": -14.75,
            "at_2020_last_3y": 0.01,
            "at_2021_last_3y": 27.68,
            "at_2022_last_3y": 21.81,
            "at_2023_last_3y": 15.03,
            "at_2024_last_3y": 15.03,
            "at_2006_last_all": 13.89,
            "at_2007_last_all": 6.07,
            "at_2008_last_all": -1.84,
            "at_2009_last_all": 10.89,
            "at_2010_last_all": 11.94,
            "at_2011_last_all": 7.23,
            "at_2012_last_all": 2.66,
            "at_2013_last_all": 7.56,
            "at_2014_last_all": 5.51,
            "at_2015_last_all": 12.1,
            "at_2016_last_all": 11.27,
            "at_2017_last_all": 9.36,
            "at_2018_last_all": 7.02,
            "at_2019_last_all": 6.13,
            "at_2020_last_all": 8.9,
            "at_2021_last_all": 13.03,
            "at_2022_last_all": 9.84,
            "at_2023_last_all": 7.75,
            "at_2024_last_all": 7.75
        },
        "latest_eps": 1.66,
        "latest_price": 27.25,
        "latest_roe": 9.05,
        "latest_gross_margin": 21.06,
        "latest_equity": 1004799,
        "latest_revenue": 399013,
        "latest_gross_profit": 84024,
        "latest_net_income": 19518,
        "latest_debt_ratio": 43.61,
        "latest_current_ratio": 150.38,
        "latest_account_receivable_turnover_ratio": 0.82,
        "latest_inventory_turnover_ratio": 0.99,
        "latest_reinvestment_rate": 22.72,
        "latest_research_to_sale_ratio": 5.43
    },
    "eps_dividends": {
        "2000": {
            "cash": 0,
            "stock": 1.5,
            "eps": 0
        },
        "2001": {
            "cash": 0,
            "stock": 1.5,
            "eps": 1.56
        },
        "2002": {
            "cash": 0,
            "stock": 1.3,
            "eps": 0.4
        },
        "2003": {
            "cash": 0,
            "stock": 1,
            "eps": 1.58
        },
        "2004": {
            "cash": 0,
            "stock": 1.7,
            "eps": 2.64
        },
        "2005": {
            "cash": 0.93,
            "stock": 0.93,
            "eps": 2.38
        },
        "2006": {
            "cash": 1.07,
            "stock": 1.07,
            "eps": 2.06
        },
        "2007": {
            "cash": 0.82,
            "stock": 0.83,
            "eps": 1.38
        },
        "2008": {
            "cash": 0.8,
            "stock": 0.3,
            "eps": 0.7
        },
        "2009": {
            "cash": 0.67,
            "stock": 0,
            "eps": 2.27
        },
        "2010": {
            "cash": 1.92,
            "stock": 0,
            "eps": 2.73
        },
        "2011": {
            "cash": 2,
            "stock": 0,
            "eps": 1.77
        },
        "2012": {
            "cash": 0.8,
            "stock": 0.8,
            "eps": 1.01
        },
        "2013": {
            "cash": 0.9,
            "stock": 0,
            "eps": 1.63
        },
        "2014": {
            "cash": 0.7,
            "stock": 0.7,
            "eps": 1.32
        },
        "2015": {
            "cash": 1.2,
            "stock": 0,
            "eps": 2.61
        },
        "2016": {
            "cash": 2.2,
            "stock": 0,
            "eps": 2.6
        },
        "2017": {
            "cash": 2.2,
            "stock": 0,
            "eps": 2.1
        },
        "2018": {
            "cash": 2,
            "stock": 0,
            "eps": 1.46
        },
        "2019": {
            "cash": 1.3,
            "stock": 0,
            "eps": 1.33
        },
        "2020": {
            "cash": 1,
            "stock": 0,
            "eps": 2.11
        },
        "2021": {
            "cash": 1.8,
            "stock": 0,
            "eps": 4.04
        },
        "2022": {
            "cash": 3,
            "stock": 0,
            "eps": 1.86
        },
        "2023": {
            "cash": 2,
            "stock": 0,
            "eps": 1.19
        }
    },
    "dividends": {
        "2000-05-13": {
            "cash": 0,
            "stock": 1.5
        },
        "2001-04-06": {
            "cash": 0,
            "stock": 1.5
        },
        "2002-04-30": {
            "cash": 0,
            "stock": 1.3
        },
        "2003-06-11": {
            "cash": 0,
            "stock": 1
        },
        "2004-03-18": {
            "cash": 0,
            "stock": 1.7
        },
        "2005-03-19": {
            "cash": 0.93,
            "stock": 0.93
        },
        "2006-02-25": {
            "cash": 1.07,
            "stock": 1.07
        },
        "2007-04-21": {
            "cash": 0.82,
            "stock": 0.83
        },
        "2008-03-24": {
            "cash": 0.8,
            "stock": 0.3
        },
        "2009-03-21": {
            "cash": 0.67,
            "stock": 0
        },
        "2010-03-13": {
            "cash": 1.92,
            "stock": 0
        },
        "2011-03-18": {
            "cash": 2,
            "stock": 0
        },
        "2012-06-29": {
            "cash": 0.8,
            "stock": 0.8
        },
        "2013-05-17": {
            "cash": 0.9,
            "stock": 0
        },
        "2014-05-16": {
            "cash": 0.7,
            "stock": 0.7
        },
        "2015-03-13": {
            "cash": 1.2,
            "stock": 0
        },
        "2016-03-11": {
            "cash": 2.2,
            "stock": 0
        },
        "2017-06-30": {
            "cash": 2.2,
            "stock": 0
        },
        "2018-07-03": {
            "cash": 2,
            "stock": 0
        },
        "2019-07-18": {
            "cash": 1.3,
            "stock": 0
        },
        "2020-07-22": {
            "cash": 1,
            "stock": 0
        },
        "2021-08-19": {
            "cash": 1.8,
            "stock": 0
        },
        "2022-07-13": {
            "cash": 3,
            "stock": 0
        },
        "2023-07-13": {
            "cash": 2,
            "stock": 0
        }
    },
    "prices": {
        "200101": "無",
        "200102": "無",
        "200103": "無",
        "200104": "無",
        "200105": "無",
        "200106": "無",
        "200107": "無",
        "200108": "無",
        "200109": "無",
        "200110": "無",
        "200111": "無",
        "200112": "無",
        "200201": "無",
        "200202": "20.53",
        "200203": "35.78",
        "200204": "35.52",
        "200205": "26.71",
        "200206": "27.20",
        "200207": "28.27",
        "200208": "21.99",
        "200209": "16.13",
        "200210": "13.21",
        "200211": "12.44",
        "200212": "11.58",
        "200301": "11.75",
        "200302": "11.44",
        "200303": "11.52",
        "200304": "12.15",
        "200305": "14.29",
        "200306": "15.56",
        "200307": "16.96",
        "200308": "23.78",
        "200309": "24.14",
        "200310": "23.48",
        "200311": "21.52",
        "200312": "21.84",
        "200401": "22.66",
        "200402": "22.78",
        "200403": "20.89",
        "200404": "20.68",
        "200405": "19.24",
        "200406": "18.69",
        "200407": "16.96",
        "200408": "16.70",
        "200409": "18.44",
        "200410": "18.40",
        "200411": "22.71",
        "200412": "18.50",
        "200501": "17.50",
        "200502": "19.06",
        "200503": "19.58",
        "200504": "18.33",
        "200505": "17.88",
        "200506": "17.50",
        "200507": "17.11",
        "200508": "16.80",
        "200509": "17.42",
        "200510": "16.88",
        "200511": "16.75",
        "200512": "18.74",
        "200601": "19.26",
        "200602": "18.66",
        "200603": "18.65",
        "200604": "20.21",
        "200605": "20.77",
        "200606": "20.11",
        "200607": "18.36",
        "200608": "18.48",
        "200609": "18.76",
        "200610": "19.86",
        "200611": "20.26",
        "200612": "20.47",
        "200701": "19.87",
        "200702": "19.22",
        "200703": "19.63",
        "200704": "19.96",
        "200705": "19.95",
        "200706": "20.98",
        "200707": "23.01",
        "200708": "19.31",
        "200709": "17.88",
        "200710": "17.66",
        "200711": "16.35",
        "200712": "15.48",
        "200801": "14.87",
        "200802": "14.81",
        "200803": "15.07",
        "200804": "15.95",
        "200805": "16.37",
        "200806": "15.17",
        "200807": "12.61",
        "200808": "13.56",
        "200809": "12.17",
        "200810": "11.42",
        "200811": "9.82",
        "200812": "8.50",
        "200901": "8.01",
        "200902": "8.06",
        "200903": "9.16",
        "200904": "11.14",
        "200905": "11.80",
        "200906": "12.16",
        "200907": "13.60",
        "200908": "14.40",
        "200909": "18.96",
        "200910": "22.80",
        "200911": "24.44",
        "200912": "27.16",
        "201001": "31.06",
        "201002": "29.99",
        "201003": "35.68",
        "201004": "38.38",
        "201005": "35.95",
        "201006": "34.93",
        "201007": "36.03",
        "201008": "40.60",
        "201009": "42.94",
        "201010": "47.07",
        "201011": "54.70",
        "201012": "78.18",
        "201101": "71.28",
        "201102": "67.34",
        "201103": "62.65",
        "201104": "59.15",
        "201105": "61.03",
        "201106": "52.45",
        "201107": "42.17",
        "201108": "31.14",
        "201109": "27.24",
        "201110": "25.02",
        "201111": "22.55",
        "201112": "19.48",
        "201201": "21.36",
        "201202": "24.64",
        "201203": "26.72",
        "201204": "26.57",
        "201205": "24.05",
        "201206": "20.52",
        "201207": "20.57",
        "201208": "19.73",
        "201209": "18.82",
        "201210": "16.53",
        "201211": "15.25",
        "201212": "16.22",
        "201301": "16.86",
        "201302": "17.17",
        "201303": "18.44",
        "201304": "18.98",
        "201305": "20.73",
        "201306": "22.91",
        "201307": "22.83",
        "201308": "22.44",
        "201309": "20.21",
        "201310": "21.82",
        "201311": "21.00",
        "201312": "20.69",
        "201401": "22.44",
        "201402": "22.40",
        "201403": "22.76",
        "201404": "22.97",
        "201405": "22.50",
        "201406": "22.57",
        "201407": "20.60",
        "201408": "19.32",
        "201409": "18.69",
        "201410": "17.39",
        "201411": "16.88",
        "201412": "17.43",
        "201501": "17.74",
        "201502": "17.75",
        "201503": "19.15",
        "201504": "20.15",
        "201505": "20.83",
        "201506": "22.46",
        "201507": "21.15",
        "201508": "19.20",
        "201509": "20.28",
        "201510": "22.52",
        "201511": "22.13",
        "201512": "22.59",
        "201601": "22.22",
        "201602": "24.75",
        "201603": "27.17",
        "201604": "26.35",
        "201605": "25.83",
        "201606": "25.29",
        "201607": "24.06",
        "201608": "23.95",
        "201609": "23.19",
        "201610": "22.98",
        "201611": "23.23",
        "201612": "24.92",
        "201701": "25.46",
        "201702": "25.15",
        "201703": "26.19",
        "201704": "26.37",
        "201705": "26.80",
        "201706": "26.85",
        "201707": "24.74",
        "201708": "24.30",
        "201709": "24.67",
        "201710": "24.41",
        "201711": "24.31",
        "201712": "23.91",
        "201801": "24.55",
        "201802": "23.98",
        "201803": "24.97",
        "201804": "25.78",
        "201805": "25.20",
        "201806": "24.07",
        "201807": "22.92",
        "201808": "21.99",
        "201809": "20.45",
        "201810": "19.75",
        "201811": "20.01",
        "201812": "20.52",
        "201901": "20.69",
        "201902": "20.95",
        "201903": "20.79",
        "201904": "20.02",
        "201905": "19.47",
        "201906": "19.15",
        "201907": "18.37",
        "201908": "18.14",
        "201909": "18.53",
        "201910": "19.36",
        "201911": "20.14",
        "201912": "20.20",
        "202001": "20.03",
        "202002": "18.99",
        "202003": "17.35",
        "202004": "18.46",
        "202005": "19.91",
        "202006": "21.18",
        "202007": "20.64",
        "202008": "20.50",
        "202009": "21.78",
        "202010": "22.28",
        "202011": "22.36",
        "202012": "23.32",
        "202101": "24.27",
        "202102": "27.27",
        "202103": "33.12",
        "202104": "43.86",
        "202105": "41.42",
        "202106": "43.15",
        "202107": "41.50",
        "202108": "36.48",
        "202109": "37.02",
        "202110": "34.98",
        "202111": "36.63",
        "202112": "37.69",
        "202201": "37.36",
        "202202": "36.77",
        "202203": "37.31",
        "202204": "34.35",
        "202205": "30.10",
        "202206": "28.29",
        "202207": "25.82",
        "202208": "26.76",
        "202209": "26.80",
        "202210": "24.72",
        "202211": "24.11",
        "202212": "25.85",
        "202301": "26.63",
        "202302": "26.98",
        "202303": "28.65",
        "202304": "28.68",
        "202305": "29.48",
        "202306": "28.72",
        "202307": "26.89",
        "202308": "26.36",
        "202309": "26.50",
        "202310": "26.19",
        "202311": "25.92",
        "202312": "26.84"
    },
    "quarters": {
        "20011": {
            "year_quarter": 20011,
            "year": 2001,
            "quarter": 1,
            "eps": 0.56,
            "eps_growth_year": null,
            "eps_4q": null,
            "eps_4q_growth_year": null,
            "roe": 4.38,
            "roe_4q": 4.38,
            "gross_profit": 22874,
            "gross_margin": 16.14,
            "gross_margin_4q_avg": 16.14,
            "net_income": 7840,
            "net_income_4q": null,
            "revenue": 141705,
            "revenue_4q": null,
            "common_shares": 140000,
            "book_valuer_per_share": 13.08,
            "book_valuer_per_share_4q_avg": 13.08,
            "equity": 183078,
            "current_ratio": 106.08,
            "debt_ratio": 60.92,
            "inventory_turnover_ratio": 1.34,
            "account_receivable_turnover_ratio": null,
            "reinvestment_rate": null,
            "research_to_sale_ratio": null,
            "price_fair": 0,
            "eps_avg_yearly": 0,
            "eps_latest_yearly": 0,
            "eps_growth_yearly": 0
        },
        "20012": {
            "year_quarter": 20012,
            "year": 2001,
            "quarter": 2,
            "eps": 0.33,
            "eps_growth_year": null,
            "eps_4q": null,
            "eps_4q_growth_year": null,
            "roe": 2.41,
            "roe_4q": 6.79,
            "gross_profit": 24058,
            "gross_margin": 18.92,
            "gross_margin_4q_avg": 17.53,
            "net_income": 4617,
            "net_income_4q": null,
            "revenue": 127179,
            "revenue_4q": null,
            "common_shares": 140000,
            "book_valuer_per_share": 14.32,
            "book_valuer_per_share_4q_avg": 13.7,
            "equity": 200417,
            "current_ratio": 119.4,
            "debt_ratio": 60.64,
            "inventory_turnover_ratio": 1.11,
            "account_receivable_turnover_ratio": null,
            "reinvestment_rate": null,
            "research_to_sale_ratio": null,
            "price_fair": 0,
            "eps_avg_yearly": 0,
            "eps_latest_yearly": 0,
            "eps_growth_yearly": 0
        },
        "20013": {
            "year_quarter": 20013,
            "year": 2001,
            "quarter": 3,
            "eps": 0.27,
            "eps_growth_year": null,
            "eps_4q": null,
            "eps_4q_growth_year": null,
            "roe": 2.31,
            "roe_4q": 9.100000000000001,
            "gross_profit": 20803,
            "gross_margin": 16.75,
            "gross_margin_4q_avg": 17.27,
            "net_income": 4810,
            "net_income_4q": null,
            "revenue": 124181,
            "revenue_4q": null,
            "common_shares": 181000,
            "book_valuer_per_share": 11.89,
            "book_valuer_per_share_4q_avg": 13.1,
            "equity": 215278,
            "current_ratio": 129.16,
            "debt_ratio": 54.47,
            "inventory_turnover_ratio": 1.08,
            "account_receivable_turnover_ratio": null,
            "reinvestment_rate": null,
            "research_to_sale_ratio": null,
            "price_fair": 0,
            "eps_avg_yearly": 0,
            "eps_latest_yearly": 0,
            "eps_growth_yearly": 0
        },
        "20014": {
            "year_quarter": 20014,
            "year": 2001,
            "quarter": 4,
            "eps": 0.4,
            "eps_growth_year": null,
            "eps_4q": 1.42,
            "eps_4q_growth_year": null,
            "roe": 3.1,
            "roe_4q": 12.2,
            "gross_profit": 27584,
            "gross_margin": 20.92,
            "gross_margin_4q_avg": 18.18,
            "net_income": 6776,
            "net_income_4q": null,
            "revenue": 131857,
            "revenue_4q": null,
            "common_shares": 181000,
            "book_valuer_per_share": 12.27,
            "book_valuer_per_share_4q_avg": 12.89,
            "equity": 222059,
            "current_ratio": 129.45,
            "debt_ratio": 56.69,
            "inventory_turnover_ratio": 1.16,
            "account_receivable_turnover_ratio": null,
            "reinvestment_rate": null,
            "research_to_sale_ratio": null,
            "price_fair": 0,
            "eps_avg_yearly": 0,
            "eps_latest_yearly": 0,
            "eps_growth_yearly": 0
        },
        "20021": {
            "year_quarter": 20021,
            "year": 2002,
            "quarter": 1,
            "eps": 0.08,
            "eps_growth_year": -85.71,
            "eps_4q": 1,
            "eps_4q_growth_year": null,
            "roe": 0.63,
            "roe_4q": 8.45,
            "gross_profit": 23210,
            "gross_margin": 17.92,
            "gross_margin_4q_avg": 18.63,
            "net_income": 1408,
            "net_income_4q": null,
            "revenue": 129490,
            "revenue_4q": null,
            "common_shares": 181000,
            "book_valuer_per_share": 12.35,
            "book_valuer_per_share_4q_avg": 12.71,
            "equity": 223468,
            "current_ratio": 132.26,
            "debt_ratio": 56.07,
            "inventory_turnover_ratio": 1.13,
            "account_receivable_turnover_ratio": null,
            "reinvestment_rate": null,
            "research_to_sale_ratio": null,
            "price_fair": 0.96,
            "eps_avg_yearly": 0.32,
            "eps_latest_yearly": 0.32,
            "eps_growth_yearly": -320
        },
        "20022": {
            "year_quarter": 20022,
            "year": 2002,
            "quarter": 2,
            "eps": 0.17,
            "eps_growth_year": -48.48,
            "eps_4q": 0.87,
            "eps_4q_growth_year": null,
            "roe": 1.41,
            "roe_4q": 7.450000000000001,
            "gross_profit": 25601,
            "gross_margin": 15.5,
            "gross_margin_4q_avg": 17.77,
            "net_income": 3167,
            "net_income_4q": null,
            "revenue": 165197,
            "revenue_4q": null,
            "common_shares": 181000,
            "book_valuer_per_share": 12.45,
            "book_valuer_per_share_4q_avg": 12.24,
            "equity": 225407,
            "current_ratio": 126.8,
            "debt_ratio": 59.41,
            "inventory_turnover_ratio": 1.49,
            "account_receivable_turnover_ratio": null,
            "reinvestment_rate": null,
            "research_to_sale_ratio": null,
            "price_fair": 17.5,
            "eps_avg_yearly": 0.5,
            "eps_latest_yearly": 0.68,
            "eps_growth_yearly": 65
        },
        "20023": {
            "year_quarter": 20023,
            "year": 2002,
            "quarter": 3,
            "eps": 0.11,
            "eps_growth_year": -59.26,
            "eps_4q": 0.65,
            "eps_4q_growth_year": null,
            "roe": 0.87,
            "roe_4q": 6.01,
            "gross_profit": 26711,
            "gross_margin": 13.84,
            "gross_margin_4q_avg": 17.05,
            "net_income": 2300,
            "net_income_4q": null,
            "revenue": 192957,
            "revenue_4q": null,
            "common_shares": 249820,
            "book_valuer_per_share": 12.05,
            "book_valuer_per_share_4q_avg": 12.28,
            "equity": 301113,
            "current_ratio": 148.34,
            "debt_ratio": 51.82,
            "inventory_turnover_ratio": 1.74,
            "account_receivable_turnover_ratio": null,
            "reinvestment_rate": null,
            "research_to_sale_ratio": null,
            "price_fair": 1.44,
            "eps_avg_yearly": 0.48,
            "eps_latest_yearly": 0.44,
            "eps_growth_yearly": -3.73
        },
        "20024": {
            "year_quarter": 20024,
            "year": 2002,
            "quarter": 4,
            "eps": 0.04,
            "eps_growth_year": -90,
            "eps_4q": 0.34,
            "eps_4q_growth_year": -76.1,
            "roe": 0.31,
            "roe_4q": 3.2199999999999998,
            "gross_profit": 30786,
            "gross_margin": 18.2,
            "gross_margin_4q_avg": 16.37,
            "net_income": 919,
            "net_income_4q": null,
            "revenue": 169172,
            "revenue_4q": null,
            "common_shares": 249820,
            "book_valuer_per_share": 12.06,
            "book_valuer_per_share_4q_avg": 12.23,
            "equity": 301262,
            "current_ratio": 133.84,
            "debt_ratio": 58.54,
            "inventory_turnover_ratio": 0.98,
            "account_receivable_turnover_ratio": null,
            "reinvestment_rate": null,
            "research_to_sale_ratio": null,
            "price_fair": 1.2,
            "eps_avg_yearly": 0.4,
            "eps_latest_yearly": 0.16,
            "eps_growth_yearly": -66.43
        },
        "20031": {
            "year_quarter": 20031,
            "year": 2003,
            "quarter": 1,
            "eps": 0.31,
            "eps_growth_year": 287.5,
            "eps_4q": 0.56,
            "eps_4q_growth_year": -43.6,
            "roe": 2.55,
            "roe_4q": 5.14,
            "gross_profit": 29215,
            "gross_margin": 17.84,
            "gross_margin_4q_avg": 16.35,
            "net_income": 7783,
            "net_income_4q": null,
            "revenue": 163739,
            "revenue_4q": null,
            "common_shares": 249820,
            "book_valuer_per_share": 12.38,
            "book_valuer_per_share_4q_avg": 12.24,
            "equity": 309268,
            "current_ratio": 145.37,
            "debt_ratio": 53.71,
            "inventory_turnover_ratio": 0.86,
            "account_receivable_turnover_ratio": null,
            "reinvestment_rate": null,
            "research_to_sale_ratio": null,
            "price_fair": 19.88,
            "eps_avg_yearly": 0.57,
            "eps_latest_yearly": 1.24,
            "eps_growth_yearly": 486.86
        },
        "20032": {
            "year_quarter": 20032,
            "year": 2003,
            "quarter": 2,
            "eps": 0.47,
            "eps_growth_year": 176.47,
            "eps_4q": 0.91,
            "eps_4q_growth_year": 4.47,
            "roe": 3.76,
            "roe_4q": 7.489999999999999,
            "gross_profit": 31792,
            "gross_margin": 18.52,
            "gross_margin_4q_avg": 17.1,
            "net_income": 11852,
            "net_income_4q": null,
            "revenue": 171694,
            "revenue_4q": null,
            "common_shares": 249820,
            "book_valuer_per_share": 12.84,
            "book_valuer_per_share_4q_avg": 12.33,
            "equity": 320704,
            "current_ratio": 154.4,
            "debt_ratio": 51.84,
            "inventory_turnover_ratio": 1.09,
            "account_receivable_turnover_ratio": null,
            "reinvestment_rate": null,
            "research_to_sale_ratio": null,
            "price_fair": 27.53,
            "eps_avg_yearly": 0.79,
            "eps_latest_yearly": 1.88,
            "eps_growth_yearly": 440.12
        },
        "20033": {
            "year_quarter": 20033,
            "year": 2003,
            "quarter": 3,
            "eps": 0.53,
            "eps_growth_year": 381.82,
            "eps_4q": 1.28,
            "eps_4q_growth_year": 96.28,
            "roe": 4.42,
            "roe_4q": 11.040000000000001,
            "gross_profit": 31666,
            "gross_margin": 15.8,
            "gross_margin_4q_avg": 17.59,
            "net_income": 14497,
            "net_income_4q": null,
            "revenue": 200462,
            "revenue_4q": null,
            "common_shares": 275190,
            "book_valuer_per_share": 12.17,
            "book_valuer_per_share_4q_avg": 12.36,
            "equity": 334870,
            "current_ratio": 157.66,
            "debt_ratio": 49.17,
            "inventory_turnover_ratio": 1.47,
            "account_receivable_turnover_ratio": null,
            "reinvestment_rate": null,
            "research_to_sale_ratio": null,
            "price_fair": 34.2,
            "eps_avg_yearly": 0.98,
            "eps_latest_yearly": 2.12,
            "eps_growth_yearly": 384.54
        },
        "20034": {
            "year_quarter": 20034,
            "year": 2003,
            "quarter": 4,
            "eps": 0.27,
            "eps_growth_year": 575,
            "eps_4q": 1.51,
            "eps_4q_growth_year": 343.99,
            "roe": 2.2,
            "roe_4q": 12.93,
            "gross_profit": 32078,
            "gross_margin": 15.96,
            "gross_margin_4q_avg": 17.03,
            "net_income": 7455,
            "net_income_4q": null,
            "revenue": 200971,
            "revenue_4q": null,
            "common_shares": 275190,
            "book_valuer_per_share": 12.45,
            "book_valuer_per_share_4q_avg": 12.46,
            "equity": 342547,
            "current_ratio": 143.59,
            "debt_ratio": 54.98,
            "inventory_turnover_ratio": 1.23,
            "account_receivable_turnover_ratio": null,
            "reinvestment_rate": null,
            "research_to_sale_ratio": null,
            "price_fair": 34.65,
            "eps_avg_yearly": 0.99,
            "eps_latest_yearly": 1.08,
            "eps_growth_yearly": 311.95
        },
        "20041": {
            "year_quarter": 20041,
            "year": 2004,
            "quarter": 1,
            "eps": 0.56,
            "eps_growth_year": 80.65,
            "eps_4q": 1.8,
            "eps_4q_growth_year": 218.75,
            "roe": 4.38,
            "roe_4q": 14.76,
            "gross_profit": 34993,
            "gross_margin": 16.08,
            "gross_margin_4q_avg": 16.59,
            "net_income": 15280,
            "net_income_4q": null,
            "revenue": 217603,
            "revenue_4q": null,
            "common_shares": 275190,
            "book_valuer_per_share": 12.93,
            "book_valuer_per_share_4q_avg": 12.6,
            "equity": 355944,
            "current_ratio": 136.92,
            "debt_ratio": 51.6,
            "inventory_turnover_ratio": 1.23,
            "account_receivable_turnover_ratio": null,
            "reinvestment_rate": null,
            "research_to_sale_ratio": null,
            "price_fair": 39.51,
            "eps_avg_yearly": 1.13,
            "eps_latest_yearly": 2.24,
            "eps_growth_yearly": 325.02
        },
        "20042": {
            "year_quarter": 20042,
            "year": 2004,
            "quarter": 2,
            "eps": 0.66,
            "eps_growth_year": 40.43,
            "eps_4q": 1.82,
            "eps_4q_growth_year": 100.42,
            "roe": 5.78,
            "roe_4q": 16.78,
            "gross_profit": 47987,
            "gross_margin": 18.49,
            "gross_margin_4q_avg": 16.58,
            "net_income": 21249,
            "net_income_4q": null,
            "revenue": 259565,
            "revenue_4q": null,
            "common_shares": 324200,
            "book_valuer_per_share": 11.69,
            "book_valuer_per_share_4q_avg": 12.31,
            "equity": 378933,
            "current_ratio": 128.64,
            "debt_ratio": 53.39,
            "inventory_turnover_ratio": 1.61,
            "account_receivable_turnover_ratio": null,
            "reinvestment_rate": null,
            "research_to_sale_ratio": null,
            "price_fair": 44.8,
            "eps_avg_yearly": 1.28,
            "eps_latest_yearly": 2.64,
            "eps_growth_yearly": 299.66
        },
        "20043": {
            "year_quarter": 20043,
            "year": 2004,
            "quarter": 3,
            "eps": 0.77,
            "eps_growth_year": 45.28,
            "eps_4q": 2.12,
            "eps_4q_growth_year": 65.43,
            "roe": 6.4,
            "roe_4q": 18.759999999999998,
            "gross_profit": 45842,
            "gross_margin": 17.33,
            "gross_margin_4q_avg": 16.97,
            "net_income": 25089,
            "net_income_4q": null,
            "revenue": 264461,
            "revenue_4q": null,
            "common_shares": 324200,
            "book_valuer_per_share": 12.51,
            "book_valuer_per_share_4q_avg": 12.4,
            "equity": 405458,
            "current_ratio": 131.6,
            "debt_ratio": 50.86,
            "inventory_turnover_ratio": 1.46,
            "account_receivable_turnover_ratio": null,
            "reinvestment_rate": null,
            "research_to_sale_ratio": null,
            "price_fair": 50.53,
            "eps_avg_yearly": 1.44,
            "eps_latest_yearly": 3.08,
            "eps_growth_yearly": 278.48
        },
        "20044": {
            "year_quarter": 20044,
            "year": 2004,
            "quarter": 4,
            "eps": 0.65,
            "eps_growth_year": 140.74,
            "eps_4q": 2.55,
            "eps_4q_growth_year": 69.23,
            "roe": 5.14,
            "roe_4q": 21.7,
            "gross_profit": 49008,
            "gross_margin": 16.76,
            "gross_margin_4q_avg": 17.17,
            "net_income": 21092,
            "net_income_4q": null,
            "revenue": 292389,
            "revenue_4q": null,
            "common_shares": 324200,
            "book_valuer_per_share": 12.81,
            "book_valuer_per_share_4q_avg": 12.49,
            "equity": 415460,
            "current_ratio": 148.64,
            "debt_ratio": 52.97,
            "inventory_turnover_ratio": 1.08,
            "account_receivable_turnover_ratio": null,
            "reinvestment_rate": 24.16,
            "research_to_sale_ratio": null,
            "price_fair": 53.9,
            "eps_avg_yearly": 1.54,
            "eps_latest_yearly": 2.6,
            "eps_growth_yearly": 250.08
        },
        "20051": {
            "year_quarter": 20051,
            "year": 2005,
            "quarter": 1,
            "eps": 0.39,
            "eps_growth_year": -30.36,
            "eps_4q": 2.49,
            "eps_4q_growth_year": 38.4,
            "roe": 2.96,
            "roe_4q": 20.28,
            "gross_profit": 37204,
            "gross_margin": 15.15,
            "gross_margin_4q_avg": 16.93,
            "net_income": 12525,
            "net_income_4q": null,
            "revenue": 245583,
            "revenue_4q": null,
            "common_shares": 324200,
            "book_valuer_per_share": 13.29,
            "book_valuer_per_share_4q_avg": 12.58,
            "equity": 431019,
            "current_ratio": 137.95,
            "debt_ratio": 48.71,
            "inventory_turnover_ratio": 0.86,
            "account_receivable_turnover_ratio": null,
            "reinvestment_rate": -25.96,
            "research_to_sale_ratio": null,
            "price_fair": 53.95,
            "eps_avg_yearly": 1.54,
            "eps_latest_yearly": 1.56,
            "eps_growth_yearly": 218.53
        },
        "20052": {
            "year_quarter": 20052,
            "year": 2005,
            "quarter": 2,
            "eps": 0.66,
            "eps_growth_year": 0,
            "eps_4q": 2.31,
            "eps_4q_growth_year": 27.28,
            "roe": 5.53,
            "roe_4q": 20.03,
            "gross_profit": 43118,
            "gross_margin": 14.11,
            "gross_margin_4q_avg": 15.84,
            "net_income": 23455,
            "net_income_4q": null,
            "revenue": 305652,
            "revenue_4q": null,
            "common_shares": 356320,
            "book_valuer_per_share": 11.71,
            "book_valuer_per_share_4q_avg": 12.58,
            "equity": 417326,
            "current_ratio": 127.88,
            "debt_ratio": 52.18,
            "inventory_turnover_ratio": 1.42,
            "account_receivable_turnover_ratio": null,
            "reinvestment_rate": -24.35,
            "research_to_sale_ratio": null,
            "price_fair": 56.7,
            "eps_avg_yearly": 1.62,
            "eps_latest_yearly": 2.64,
            "eps_growth_yearly": 222.71
        },
        "20053": {
            "year_quarter": 20053,
            "year": 2005,
            "quarter": 3,
            "eps": 0.67,
            "eps_growth_year": -12.99,
            "eps_4q": 2.28,
            "eps_4q_growth_year": 7.53,
            "roe": 5.49,
            "roe_4q": 19.12,
            "gross_profit": 42481,
            "gross_margin": 14.53,
            "gross_margin_4q_avg": 15.14,
            "net_income": 23758,
            "net_income_4q": null,
            "revenue": 292363,
            "revenue_4q": null,
            "common_shares": 356320,
            "book_valuer_per_share": 12.59,
            "book_valuer_per_share_4q_avg": 12.6,
            "equity": 448635,
            "current_ratio": 132.75,
            "debt_ratio": 50.26,
            "inventory_turnover_ratio": 1.38,
            "account_receivable_turnover_ratio": null,
            "reinvestment_rate": -21.48,
            "research_to_sale_ratio": null,
            "price_fair": 59.17,
            "eps_avg_yearly": 1.69,
            "eps_latest_yearly": 2.68,
            "eps_growth_yearly": 208.26
        },
        "20054": {
            "year_quarter": 20054,
            "year": 2005,
            "quarter": 4,
            "eps": 0.66,
            "eps_growth_year": 1.54,
            "eps_4q": 2.33,
            "eps_4q_growth_year": -8.74,
            "roe": 5.09,
            "roe_4q": 19.07,
            "gross_profit": 49263,
            "gross_margin": 15.18,
            "gross_margin_4q_avg": 14.74,
            "net_income": 23665,
            "net_income_4q": null,
            "revenue": 324522,
            "revenue_4q": null,
            "common_shares": 356320,
            "book_valuer_per_share": 13.31,
            "book_valuer_per_share_4q_avg": 12.73,
            "equity": 480855,
            "current_ratio": 160.9,
            "debt_ratio": 51.56,
            "inventory_turnover_ratio": 1.1,
            "account_receivable_turnover_ratio": null,
            "reinvestment_rate": 13.09,
            "research_to_sale_ratio": null,
            "price_fair": 61.25,
            "eps_avg_yearly": 1.75,
            "eps_latest_yearly": 2.64,
            "eps_growth_yearly": 194.87
        },
        "20061": {
            "year_quarter": 20061,
            "year": 2006,
            "quarter": 1,
            "eps": 0.53,
            "eps_growth_year": 35.9,
            "eps_4q": 2.5,
            "eps_4q_growth_year": 0.52,
            "roe": 3.91,
            "roe_4q": 20.02,
            "gross_profit": 41828,
            "gross_margin": 16.39,
            "gross_margin_4q_avg": 15.05,
            "net_income": 19044,
            "net_income_4q": null,
            "revenue": 255266,
            "revenue_4q": null,
            "common_shares": 356320,
            "book_valuer_per_share": 13.83,
            "book_valuer_per_share_4q_avg": 12.86,
            "equity": 492709,
            "current_ratio": 150.59,
            "debt_ratio": 42.44,
            "inventory_turnover_ratio": 0.81,
            "account_receivable_turnover_ratio": null,
            "reinvestment_rate": -17.9,
            "research_to_sale_ratio": null,
            "price_fair": 65.19,
            "eps_avg_yearly": 1.86,
            "eps_latest_yearly": 2.12,
            "eps_growth_yearly": 209.95
        },
        "20062": {
            "year_quarter": 20062,
            "year": 2006,
            "quarter": 2,
            "eps": 0.67,
            "eps_growth_year": 1.52,
            "eps_4q": 2.35,
            "eps_4q_growth_year": 1.53,
            "roe": 5.48,
            "roe_4q": 19.97,
            "gross_profit": 50216,
            "gross_margin": 16.4,
            "gross_margin_4q_avg": 15.63,
            "net_income": 26552,
            "net_income_4q": null,
            "revenue": 306103,
            "revenue_4q": null,
            "common_shares": 356320,
            "book_valuer_per_share": 13.37,
            "book_valuer_per_share_4q_avg": 13.28,
            "equity": 476384,
            "current_ratio": 140.83,
            "debt_ratio": 45.15,
            "inventory_turnover_ratio": 1.34,
            "account_receivable_turnover_ratio": null,
            "reinvestment_rate": -14.11,
            "research_to_sale_ratio": null,
            "price_fair": 69.56,
            "eps_avg_yearly": 1.99,
            "eps_latest_yearly": 2.68,
            "eps_growth_yearly": 188.43
        },
        "20063": {
            "year_quarter": 20063,
            "year": 2006,
            "quarter": 3,
            "eps": 0.72,
            "eps_growth_year": 7.46,
            "eps_4q": 2.46,
            "eps_4q_growth_year": 7.84,
            "roe": 5.79,
            "roe_4q": 20.27,
            "gross_profit": 49691,
            "gross_margin": 15.74,
            "gross_margin_4q_avg": 15.93,
            "net_income": 28690,
            "net_income_4q": null,
            "revenue": 315711,
            "revenue_4q": null,
            "common_shares": 396770,
            "book_valuer_per_share": 12.95,
            "book_valuer_per_share_4q_avg": 13.37,
            "equity": 513987,
            "current_ratio": 147.03,
            "debt_ratio": 41.43,
            "inventory_turnover_ratio": 1.6,
            "account_receivable_turnover_ratio": null,
            "reinvestment_rate": -17.31,
            "research_to_sale_ratio": null,
            "price_fair": 74.9,
            "eps_avg_yearly": 2.14,
            "eps_latest_yearly": 2.88,
            "eps_growth_yearly": 199.12
        },
        "20064": {
            "year_quarter": 20064,
            "year": 2006,
            "quarter": 4,
            "eps": 0.14,
            "eps_growth_year": -78.79,
            "eps_4q": 1.95,
            "eps_4q_growth_year": -16.25,
            "roe": 1.11,
            "roe_4q": 16.29,
            "gross_profit": 31074,
            "gross_margin": 14.43,
            "gross_margin_4q_avg": 15.74,
            "net_income": 5752,
            "net_income_4q": null,
            "revenue": 215307,
            "revenue_4q": null,
            "common_shares": 396770,
            "book_valuer_per_share": 13.06,
            "book_valuer_per_share_4q_avg": 13.3,
            "equity": 517997,
            "current_ratio": 189.11,
            "debt_ratio": 44.67,
            "inventory_turnover_ratio": 0.72,
            "account_receivable_turnover_ratio": null,
            "reinvestment_rate": -8.76,
            "research_to_sale_ratio": null,
            "price_fair": 75.78,
            "eps_avg_yearly": 2.17,
            "eps_latest_yearly": 0.56,
            "eps_growth_yearly": 194.89
        },
        "20071": {
            "year_quarter": 20071,
            "year": 2007,
            "quarter": 1,
            "eps": 0.38,
            "eps_growth_year": -28.3,
            "eps_4q": 1.92,
            "eps_4q_growth_year": -23.44,
            "roe": 2.85,
            "roe_4q": 15.23,
            "gross_profit": 31254,
            "gross_margin": 13.15,
            "gross_margin_4q_avg": 14.93,
            "net_income": 15091,
            "net_income_4q": null,
            "revenue": 237692,
            "revenue_4q": null,
            "common_shares": 396770,
            "book_valuer_per_share": 13.59,
            "book_valuer_per_share_4q_avg": 13.24,
            "equity": 539191,
            "current_ratio": 158.54,
            "debt_ratio": 37.27,
            "inventory_turnover_ratio": 0.75,
            "account_receivable_turnover_ratio": null,
            "reinvestment_rate": -16.43,
            "research_to_sale_ratio": null,
            "price_fair": 76.39,
            "eps_avg_yearly": 2.18,
            "eps_latest_yearly": 1.52,
            "eps_growth_yearly": 68.99
        },
        "20072": {
            "year_quarter": 20072,
            "year": 2007,
            "quarter": 2,
            "eps": 0.42,
            "eps_growth_year": -37.31,
            "eps_4q": 1.57,
            "eps_4q_growth_year": -32.99,
            "roe": 3.4,
            "roe_4q": 13.15,
            "gross_profit": 43654,
            "gross_margin": 13.91,
            "gross_margin_4q_avg": 14.31,
            "net_income": 18046,
            "net_income_4q": null,
            "revenue": 313866,
            "revenue_4q": null,
            "common_shares": 396770,
            "book_valuer_per_share": 13.15,
            "book_valuer_per_share_4q_avg": 13.19,
            "equity": 521735,
            "current_ratio": 144.02,
            "debt_ratio": 41.64,
            "inventory_turnover_ratio": 1.45,
            "account_receivable_turnover_ratio": null,
            "reinvestment_rate": -16.6,
            "research_to_sale_ratio": null,
            "price_fair": 75.95,
            "eps_avg_yearly": 2.17,
            "eps_latest_yearly": 1.68,
            "eps_growth_yearly": 58.72
        },
        "20073": {
            "year_quarter": 20073,
            "year": 2007,
            "quarter": 3,
            "eps": 0.33,
            "eps_growth_year": -54.17,
            "eps_4q": 1.23,
            "eps_4q_growth_year": -50.15,
            "roe": 2.71,
            "roe_4q": 10.069999999999999,
            "gross_profit": 40930,
            "gross_margin": 13.47,
            "gross_margin_4q_avg": 13.74,
            "net_income": 14331,
            "net_income_4q": null,
            "revenue": 303903,
            "revenue_4q": null,
            "common_shares": 431860,
            "book_valuer_per_share": 12.44,
            "book_valuer_per_share_4q_avg": 13.06,
            "equity": 537212,
            "current_ratio": 152.66,
            "debt_ratio": 40.98,
            "inventory_turnover_ratio": 1.51,
            "account_receivable_turnover_ratio": null,
            "reinvestment_rate": -14.77,
            "research_to_sale_ratio": null,
            "price_fair": 74.2,
            "eps_avg_yearly": 2.12,
            "eps_latest_yearly": 1.32,
            "eps_growth_yearly": 50.17
        },
        "20074": {
            "year_quarter": 20074,
            "year": 2007,
            "quarter": 4,
            "eps": 0.25,
            "eps_growth_year": 78.57,
            "eps_4q": 1.35,
            "eps_4q_growth_year": -30.89,
            "roe": 1.98,
            "roe_4q": 10.94,
            "gross_profit": 38721,
            "gross_margin": 15.33,
            "gross_margin_4q_avg": 13.97,
            "net_income": 10824,
            "net_income_4q": null,
            "revenue": 252539,
            "revenue_4q": null,
            "common_shares": 431860,
            "book_valuer_per_share": 12.83,
            "book_valuer_per_share_4q_avg": 13,
            "equity": 554091,
            "current_ratio": 192.39,
            "debt_ratio": 46.65,
            "inventory_turnover_ratio": 0.77,
            "account_receivable_turnover_ratio": null,
            "reinvestment_rate": -2.38,
            "research_to_sale_ratio": null,
            "price_fair": 74.03,
            "eps_avg_yearly": 2.12,
            "eps_latest_yearly": 1,
            "eps_growth_yearly": 56.38
        },
        "20081": {
            "year_quarter": 20081,
            "year": 2008,
            "quarter": 1,
            "eps": 0.2,
            "eps_growth_year": -47.37,
            "eps_4q": 1.21,
            "eps_4q_growth_year": -36.98,
            "roe": 1.55,
            "roe_4q": 9.64,
            "gross_profit": 46696,
            "gross_margin": 12.35,
            "gross_margin_4q_avg": 13.77,
            "net_income": 8577,
            "net_income_4q": null,
            "revenue": 378094,
            "revenue_4q": null,
            "common_shares": 431860,
            "book_valuer_per_share": 12.84,
            "book_valuer_per_share_4q_avg": 12.82,
            "equity": 554301,
            "current_ratio": 207.22,
            "debt_ratio": 43.16,
            "inventory_turnover_ratio": 0.97,
            "account_receivable_turnover_ratio": null,
            "reinvestment_rate": 7.16,
            "research_to_sale_ratio": null,
            "price_fair": 69.91,
            "eps_avg_yearly": 2.03,
            "eps_latest_yearly": 0.8,
            "eps_growth_yearly": 24.53
        },
        "20082": {
            "year_quarter": 20082,
            "year": 2008,
            "quarter": 2,
            "eps": 0.4,
            "eps_growth_year": -4.76,
            "eps_4q": 1.17,
            "eps_4q_growth_year": -25.53,
            "roe": 3.27,
            "roe_4q": 9.510000000000002,
            "gross_profit": 68651,
            "gross_margin": 15.43,
            "gross_margin_4q_avg": 14.15,
            "net_income": 17493,
            "net_income_4q": null,
            "revenue": 444808,
            "revenue_4q": null,
            "common_shares": 431860,
            "book_valuer_per_share": 11.93,
            "book_valuer_per_share_4q_avg": 12.51,
            "equity": 515405,
            "current_ratio": 165.46,
            "debt_ratio": 54.24,
            "inventory_turnover_ratio": 1.11,
            "account_receivable_turnover_ratio": null,
            "reinvestment_rate": 8.27,
            "research_to_sale_ratio": null,
            "price_fair": 68.6,
            "eps_avg_yearly": 1.96,
            "eps_latest_yearly": 1.6,
            "eps_growth_yearly": 45.06
        },
        "20083": {
            "year_quarter": 20083,
            "year": 2008,
            "quarter": 3,
            "eps": 0.57,
            "eps_growth_year": 72.73,
            "eps_4q": 1.41,
            "eps_4q_growth_year": 15.34,
            "roe": 4.65,
            "roe_4q": 11.450000000000001,
            "gross_profit": 77292,
            "gross_margin": 17.96,
            "gross_margin_4q_avg": 15.27,
            "net_income": 24932,
            "net_income_4q": null,
            "revenue": 430237,
            "revenue_4q": null,
            "common_shares": 445670,
            "book_valuer_per_share": 12.48,
            "book_valuer_per_share_4q_avg": 12.52,
            "equity": 556081,
            "current_ratio": 188.25,
            "debt_ratio": 50.94,
            "inventory_turnover_ratio": 0.97,
            "account_receivable_turnover_ratio": null,
            "reinvestment_rate": 10.47,
            "research_to_sale_ratio": null,
            "price_fair": 66.85,
            "eps_avg_yearly": 1.91,
            "eps_latest_yearly": 2.28,
            "eps_growth_yearly": 51.52
        },
        "20084": {
            "year_quarter": 20084,
            "year": 2008,
            "quarter": 4,
            "eps": -0.47,
            "eps_growth_year": -288,
            "eps_4q": 0.71,
            "eps_4q_growth_year": -47.27,
            "roe": -3.75,
            "roe_4q": 5.72,
            "gross_profit": 7997,
            "gross_margin": 3.36,
            "gross_margin_4q_avg": 12.28,
            "net_income": -20295,
            "net_income_4q": null,
            "revenue": 238236,
            "revenue_4q": null,
            "common_shares": 445670,
            "book_valuer_per_share": 11.81,
            "book_valuer_per_share_4q_avg": 12.27,
            "equity": 526437,
            "current_ratio": 269.2,
            "debt_ratio": 36.92,
            "inventory_turnover_ratio": 0.7,
            "account_receivable_turnover_ratio": 1.72,
            "reinvestment_rate": -15.85,
            "research_to_sale_ratio": null,
            "price_fair": 65.24,
            "eps_avg_yearly": 1.86,
            "eps_latest_yearly": 2.28,
            "eps_growth_yearly": 59.11
        },
        "20091": {
            "year_quarter": 20091,
            "year": 2009,
            "quarter": 1,
            "eps": 0.14,
            "eps_growth_year": -30,
            "eps_4q": 0.65,
            "eps_4q_growth_year": -46.04,
            "roe": 1.13,
            "roe_4q": 5.300000000000001,
            "gross_profit": 28422,
            "gross_margin": 12.77,
            "gross_margin_4q_avg": 12.38,
            "net_income": 6057,
            "net_income_4q": null,
            "revenue": 222598,
            "revenue_4q": null,
            "common_shares": 445670,
            "book_valuer_per_share": 12.16,
            "book_valuer_per_share_4q_avg": 12.1,
            "equity": 542104,
            "current_ratio": 506.25,
            "debt_ratio": 22.66,
            "inventory_turnover_ratio": 0.82,
            "account_receivable_turnover_ratio": 0.9,
            "reinvestment_rate": 8.75,
            "research_to_sale_ratio": null,
            "price_fair": 66,
            "eps_avg_yearly": 1.89,
            "eps_latest_yearly": 2.28,
            "eps_growth_yearly": 74.76
        },
        "20092": {
            "year_quarter": 20092,
            "year": 2009,
            "quarter": 2,
            "eps": 0.61,
            "eps_growth_year": 52.5,
            "eps_4q": 0.86,
            "eps_4q_growth_year": -26.17,
            "roe": 4.8,
            "roe_4q": 6.83,
            "gross_profit": 64152,
            "gross_margin": 19.95,
            "gross_margin_4q_avg": 13.51,
            "net_income": 25603,
            "net_income_4q": null,
            "revenue": 321604,
            "revenue_4q": null,
            "common_shares": 445670,
            "book_valuer_per_share": 11.77,
            "book_valuer_per_share_4q_avg": 12.06,
            "equity": 524337,
            "current_ratio": 235.46,
            "debt_ratio": 39.37,
            "inventory_turnover_ratio": 1.32,
            "account_receivable_turnover_ratio": 1.28,
            "reinvestment_rate": 3.87,
            "research_to_sale_ratio": null,
            "price_fair": 65.5,
            "eps_avg_yearly": 1.87,
            "eps_latest_yearly": 2.44,
            "eps_growth_yearly": 150.9
        },
        "20093": {
            "year_quarter": 20093,
            "year": 2009,
            "quarter": 3,
            "eps": 0.77,
            "eps_growth_year": 35.09,
            "eps_4q": 1.04,
            "eps_4q_growth_year": -26.35,
            "roe": 5.93,
            "roe_4q": 8.11,
            "gross_profit": 85731,
            "gross_margin": 21.39,
            "gross_margin_4q_avg": 14.37,
            "net_income": 32288,
            "net_income_4q": null,
            "revenue": 400850,
            "revenue_4q": null,
            "common_shares": 445670,
            "book_valuer_per_share": 12.69,
            "book_valuer_per_share_4q_avg": 12.11,
            "equity": 565515,
            "current_ratio": 225.57,
            "debt_ratio": 40.96,
            "inventory_turnover_ratio": 1.27,
            "account_receivable_turnover_ratio": 1.23,
            "reinvestment_rate": 9.49,
            "research_to_sale_ratio": null,
            "price_fair": 66.5,
            "eps_avg_yearly": 1.9,
            "eps_latest_yearly": 3.08,
            "eps_growth_yearly": 157.96
        },
        "20094": {
            "year_quarter": 20094,
            "year": 2009,
            "quarter": 4,
            "eps": 0.75,
            "eps_growth_year": null,
            "eps_4q": 2.24,
            "eps_4q_growth_year": 215.4,
            "roe": 5.42,
            "roe_4q": 17.279999999999998,
            "gross_profit": 94377,
            "gross_margin": 21.93,
            "gross_margin_4q_avg": 19.01,
            "net_income": 31375,
            "net_income_4q": null,
            "revenue": 430434,
            "revenue_4q": null,
            "common_shares": 445670,
            "book_valuer_per_share": 13.89,
            "book_valuer_per_share_4q_avg": 12.63,
            "equity": 591162,
            "current_ratio": 224.3,
            "debt_ratio": 40.1,
            "inventory_turnover_ratio": 1.15,
            "account_receivable_turnover_ratio": 2.13,
            "reinvestment_rate": -13.6,
            "research_to_sale_ratio": null,
            "price_fair": 67.4,
            "eps_avg_yearly": 1.93,
            "eps_latest_yearly": 3,
            "eps_growth_yearly": 157.64
        },
        "20101": {
            "year_quarter": 20101,
            "year": 2010,
            "quarter": 1,
            "eps": 0.93,
            "eps_growth_year": 564.29,
            "eps_4q": 3.03,
            "eps_4q_growth_year": 364.77,
            "roe": 6.5,
            "roe_4q": 22.650000000000002,
            "gross_profit": 94138,
            "gross_margin": 20.4,
            "gross_margin_4q_avg": 20.92,
            "net_income": 39628,
            "net_income_4q": null,
            "revenue": 461423,
            "revenue_4q": null,
            "common_shares": 445670,
            "book_valuer_per_share": 14.76,
            "book_valuer_per_share_4q_avg": 13.28,
            "equity": 628304,
            "current_ratio": 189.19,
            "debt_ratio": 47.11,
            "inventory_turnover_ratio": 1.07,
            "account_receivable_turnover_ratio": 1.05,
            "reinvestment_rate": 23.31,
            "research_to_sale_ratio": 1.14,
            "price_fair": 71.4,
            "eps_avg_yearly": 2.04,
            "eps_latest_yearly": 3.72,
            "eps_growth_yearly": 170.13
        },
        "20102": {
            "year_quarter": 20102,
            "year": 2010,
            "quarter": 2,
            "eps": 1.14,
            "eps_growth_year": 87.53,
            "eps_4q": 3.57,
            "eps_4q_growth_year": 312.87,
            "roe": 7.9,
            "roe_4q": 25.75,
            "gross_profit": 105324,
            "gross_margin": 20.38,
            "gross_margin_4q_avg": 21.03,
            "net_income": 48693,
            "net_income_4q": null,
            "revenue": 516786,
            "revenue_4q": null,
            "common_shares": 445670,
            "book_valuer_per_share": 14.2,
            "book_valuer_per_share_4q_avg": 13.89,
            "equity": 604448,
            "current_ratio": 159.2,
            "debt_ratio": 54.97,
            "inventory_turnover_ratio": 0.98,
            "account_receivable_turnover_ratio": 1.05,
            "reinvestment_rate": 31.71,
            "research_to_sale_ratio": 1.28,
            "price_fair": 76.1,
            "eps_avg_yearly": 2.17,
            "eps_latest_yearly": 4.56,
            "eps_growth_yearly": 169.03
        },
        "20103": {
            "year_quarter": 20103,
            "year": 2010,
            "quarter": 3,
            "eps": 0.6,
            "eps_growth_year": -21.54,
            "eps_4q": 3.42,
            "eps_4q_growth_year": 228.15,
            "roe": 4.2,
            "roe_4q": 24.020000000000003,
            "gross_profit": 77291,
            "gross_margin": 17.63,
            "gross_margin_4q_avg": 20.09,
            "net_income": 25717,
            "net_income_4q": null,
            "revenue": 438407,
            "revenue_4q": null,
            "common_shares": 445670,
            "book_valuer_per_share": 14.59,
            "book_valuer_per_share_4q_avg": 14.36,
            "equity": 620852,
            "current_ratio": 155.83,
            "debt_ratio": 51.99,
            "inventory_turnover_ratio": 0.8,
            "account_receivable_turnover_ratio": 0.94,
            "reinvestment_rate": 60.29,
            "research_to_sale_ratio": 1.7,
            "price_fair": 74.9,
            "eps_avg_yearly": 2.14,
            "eps_latest_yearly": 2.4,
            "eps_growth_yearly": 153.37
        },
        "20104": {
            "year_quarter": 20104,
            "year": 2010,
            "quarter": 4,
            "eps": 0.06,
            "eps_growth_year": -92.49,
            "eps_4q": 2.44,
            "eps_4q_growth_year": 9.01,
            "roe": 0.38,
            "roe_4q": 18.98,
            "gross_profit": 59954,
            "gross_margin": 13.87,
            "gross_margin_4q_avg": 18.07,
            "net_income": 2692,
            "net_income_4q": null,
            "revenue": 432318,
            "revenue_4q": null,
            "common_shares": 498170,
            "book_valuer_per_share": 16.83,
            "book_valuer_per_share_4q_avg": 15.1,
            "equity": 804834,
            "current_ratio": 201.69,
            "debt_ratio": 41.54,
            "inventory_turnover_ratio": 0.94,
            "account_receivable_turnover_ratio": 1.03,
            "reinvestment_rate": 40.67,
            "research_to_sale_ratio": 2.55,
            "price_fair": 74.1,
            "eps_avg_yearly": 2.12,
            "eps_latest_yearly": 0.24,
            "eps_growth_yearly": 150.67
        },
        "20111": {
            "year_quarter": 20111,
            "year": 2011,
            "quarter": 1,
            "eps": 0.58,
            "eps_growth_year": -37.63,
            "eps_4q": 2.19,
            "eps_4q_growth_year": -27.57,
            "roe": 3.38,
            "roe_4q": 15.86,
            "gross_profit": 75964,
            "gross_margin": 15.56,
            "gross_margin_4q_avg": 16.86,
            "net_income": 27768,
            "net_income_4q": null,
            "revenue": 488055,
            "revenue_4q": null,
            "common_shares": 498170,
            "book_valuer_per_share": 17.53,
            "book_valuer_per_share_4q_avg": 15.79,
            "equity": 838150,
            "current_ratio": 201.2,
            "debt_ratio": 46.61,
            "inventory_turnover_ratio": 1.03,
            "account_receivable_turnover_ratio": 1.11,
            "reinvestment_rate": 60.16,
            "research_to_sale_ratio": 1.59,
            "price_fair": 76.1,
            "eps_avg_yearly": 2.17,
            "eps_latest_yearly": 2.32,
            "eps_growth_yearly": 349.31
        },
        "20112": {
            "year_quarter": 20112,
            "year": 2011,
            "quarter": 2,
            "eps": 0.66,
            "eps_growth_year": -42.59,
            "eps_4q": 1.83,
            "eps_4q_growth_year": -48.7,
            "roe": 3.91,
            "roe_4q": 11.870000000000001,
            "gross_profit": 90628,
            "gross_margin": 16.49,
            "gross_margin_4q_avg": 15.89,
            "net_income": 31401,
            "net_income_4q": null,
            "revenue": 549520,
            "revenue_4q": null,
            "common_shares": 488170,
            "book_valuer_per_share": 16.08,
            "book_valuer_per_share_4q_avg": 16.26,
            "equity": 769054,
            "current_ratio": 166.16,
            "debt_ratio": 52.46,
            "inventory_turnover_ratio": 1.01,
            "account_receivable_turnover_ratio": 1.14,
            "reinvestment_rate": 80.39,
            "research_to_sale_ratio": 1.63,
            "price_fair": 78.5,
            "eps_avg_yearly": 2.24,
            "eps_latest_yearly": 2.64,
            "eps_growth_yearly": 350.24
        },
        "20113": {
            "year_quarter": 20113,
            "year": 2011,
            "quarter": 3,
            "eps": 0.23,
            "eps_growth_year": -61.25,
            "eps_4q": 1.53,
            "eps_4q_growth_year": -55.28,
            "roe": 1.41,
            "roe_4q": 9.08,
            "gross_profit": 62220,
            "gross_margin": 13.94,
            "gross_margin_4q_avg": 14.97,
            "net_income": 11194,
            "net_income_4q": null,
            "revenue": 446428,
            "revenue_4q": null,
            "common_shares": 478170,
            "book_valuer_per_share": 17.01,
            "book_valuer_per_share_4q_avg": 16.86,
            "equity": 813253,
            "current_ratio": 156.45,
            "debt_ratio": 50.65,
            "inventory_turnover_ratio": 0.81,
            "account_receivable_turnover_ratio": 0.93,
            "reinvestment_rate": 117.23,
            "research_to_sale_ratio": 2.53,
            "price_fair": 77.5,
            "eps_avg_yearly": 2.21,
            "eps_latest_yearly": 0.92,
            "eps_growth_yearly": 337.75
        },
        "20114": {
            "year_quarter": 20114,
            "year": 2011,
            "quarter": 4,
            "eps": 0.3,
            "eps_growth_year": 428.75,
            "eps_4q": 1.77,
            "eps_4q_growth_year": -27.53,
            "roe": 1.75,
            "roe_4q": 10.45,
            "gross_profit": 59519,
            "gross_margin": 13.67,
            "gross_margin_4q_avg": 14.92,
            "net_income": 14234,
            "net_income_4q": null,
            "revenue": 435342,
            "revenue_4q": null,
            "common_shares": 478170,
            "book_valuer_per_share": 16.92,
            "book_valuer_per_share_4q_avg": 16.89,
            "equity": 809098,
            "current_ratio": 141.53,
            "debt_ratio": 49.36,
            "inventory_turnover_ratio": 0.85,
            "account_receivable_turnover_ratio": 0.96,
            "reinvestment_rate": 132.89,
            "research_to_sale_ratio": 2.11,
            "price_fair": 78,
            "eps_avg_yearly": 2.23,
            "eps_latest_yearly": 1.2,
            "eps_growth_yearly": 353.37
        },
        "20121": {
            "year_quarter": 20121,
            "year": 2012,
            "quarter": 1,
            "eps": 0.21,
            "eps_growth_year": -63.79,
            "eps_4q": 1.4,
            "eps_4q_growth_year": -36.28,
            "roe": 1.22,
            "roe_4q": 8.29,
            "gross_profit": 63431,
            "gross_margin": 13.51,
            "gross_margin_4q_avg": 14.4,
            "net_income": 9996,
            "net_income_4q": null,
            "revenue": 469416,
            "revenue_4q": null,
            "common_shares": 478170,
            "book_valuer_per_share": 17.3,
            "book_valuer_per_share_4q_avg": 16.83,
            "equity": 827467,
            "current_ratio": 154.18,
            "debt_ratio": 52.26,
            "inventory_turnover_ratio": 0.91,
            "account_receivable_turnover_ratio": 1,
            "reinvestment_rate": 135.7,
            "research_to_sale_ratio": 1.94,
            "price_fair": 78.1,
            "eps_avg_yearly": 2.23,
            "eps_latest_yearly": 0.84,
            "eps_growth_yearly": 350.51
        },
        "20122": {
            "year_quarter": 20122,
            "year": 2012,
            "quarter": 2,
            "eps": 0.33,
            "eps_growth_year": -49,
            "eps_4q": 1.02,
            "eps_4q_growth_year": -44.26,
            "roe": 2.11,
            "roe_4q": 6.49,
            "gross_profit": 78456,
            "gross_margin": 13.93,
            "gross_margin_4q_avg": 13.76,
            "net_income": 17296,
            "net_income_4q": null,
            "revenue": 563035,
            "revenue_4q": null,
            "common_shares": 478170,
            "book_valuer_per_share": 16.91,
            "book_valuer_per_share_4q_avg": 17.04,
            "equity": 808544,
            "current_ratio": 150.79,
            "debt_ratio": 56.4,
            "inventory_turnover_ratio": 0.96,
            "account_receivable_turnover_ratio": 1.08,
            "reinvestment_rate": 135.94,
            "research_to_sale_ratio": 1.77,
            "price_fair": 77.4,
            "eps_avg_yearly": 2.21,
            "eps_latest_yearly": 1.32,
            "eps_growth_yearly": 338.27
        },
        "20123": {
            "year_quarter": 20123,
            "year": 2012,
            "quarter": 3,
            "eps": 0.24,
            "eps_growth_year": 0.7,
            "eps_4q": 1.04,
            "eps_4q_growth_year": -31.94,
            "roe": 1.5,
            "roe_4q": 6.58,
            "gross_profit": 66417,
            "gross_margin": 12.58,
            "gross_margin_4q_avg": 13.42,
            "net_income": 12174,
            "net_income_4q": null,
            "revenue": 527876,
            "revenue_4q": null,
            "common_shares": 516424,
            "book_valuer_per_share": 15.82,
            "book_valuer_per_share_4q_avg": 16.74,
            "equity": 816818,
            "current_ratio": 153.66,
            "debt_ratio": 54.13,
            "inventory_turnover_ratio": 0.95,
            "account_receivable_turnover_ratio": 0.93,
            "reinvestment_rate": 142.99,
            "research_to_sale_ratio": 1.71,
            "price_fair": 74.1,
            "eps_avg_yearly": 2.12,
            "eps_latest_yearly": 0.96,
            "eps_growth_yearly": 318.33
        },
        "20124": {
            "year_quarter": 20124,
            "year": 2012,
            "quarter": 4,
            "eps": 0.23,
            "eps_growth_year": -21.46,
            "eps_4q": 1,
            "eps_4q_growth_year": -43.59,
            "roe": 1.47,
            "roe_4q": 6.3,
            "gross_profit": 64826,
            "gross_margin": 13.35,
            "gross_margin_4q_avg": 13.34,
            "net_income": 12073,
            "net_income_4q": null,
            "revenue": 485500,
            "revenue_4q": null,
            "common_shares": 516424,
            "book_valuer_per_share": 16.05,
            "book_valuer_per_share_4q_avg": 16.52,
            "equity": 828685,
            "current_ratio": 164.65,
            "debt_ratio": 49.45,
            "inventory_turnover_ratio": 1.03,
            "account_receivable_turnover_ratio": 0.86,
            "reinvestment_rate": 129.79,
            "research_to_sale_ratio": 1.72,
            "price_fair": 71.31,
            "eps_avg_yearly": 2.04,
            "eps_latest_yearly": 0.92,
            "eps_growth_yearly": 296
        },
        "20131": {
            "year_quarter": 20131,
            "year": 2013,
            "quarter": 1,
            "eps": 0.43,
            "eps_growth_year": 104.76,
            "eps_4q": 1.24,
            "eps_4q_growth_year": -11.38,
            "roe": 2.68,
            "roe_4q": 7.76,
            "gross_profit": 76604,
            "gross_margin": 15.22,
            "gross_margin_4q_avg": 13.77,
            "net_income": 22416,
            "net_income_4q": null,
            "revenue": 503288,
            "revenue_4q": null,
            "common_shares": 516424,
            "book_valuer_per_share": 16.38,
            "book_valuer_per_share_4q_avg": 16.29,
            "equity": 845870,
            "current_ratio": 193.85,
            "debt_ratio": 50.04,
            "inventory_turnover_ratio": 1.17,
            "account_receivable_turnover_ratio": 0.88,
            "reinvestment_rate": 121.63,
            "research_to_sale_ratio": 1.68,
            "price_fair": 70.61,
            "eps_avg_yearly": 2.02,
            "eps_latest_yearly": 1.72,
            "eps_growth_yearly": 299.24
        },
        "20132": {
            "year_quarter": 20132,
            "year": 2013,
            "quarter": 2,
            "eps": 0.64,
            "eps_growth_year": 91.09,
            "eps_4q": 1.54,
            "eps_4q_growth_year": 51.3,
            "roe": 3.93,
            "roe_4q": 9.58,
            "gross_profit": 90089,
            "gross_margin": 16.38,
            "gross_margin_4q_avg": 14.38,
            "net_income": 33104,
            "net_income_4q": null,
            "revenue": 550088,
            "revenue_4q": null,
            "common_shares": 516424,
            "book_valuer_per_share": 16.26,
            "book_valuer_per_share_4q_avg": 16.13,
            "equity": 839816,
            "current_ratio": 173.06,
            "debt_ratio": 54.36,
            "inventory_turnover_ratio": 1.25,
            "account_receivable_turnover_ratio": 0.88,
            "reinvestment_rate": 119.68,
            "research_to_sale_ratio": 1.58,
            "price_fair": 70.88,
            "eps_avg_yearly": 2.03,
            "eps_latest_yearly": 2.56,
            "eps_growth_yearly": 227.52
        },
        "20133": {
            "year_quarter": 20133,
            "year": 2013,
            "quarter": 3,
            "eps": 0.19,
            "eps_growth_year": -19.4,
            "eps_4q": 1.5,
            "eps_4q_growth_year": 44.27,
            "roe": 1.17,
            "roe_4q": 9.25,
            "gross_profit": 93097,
            "gross_margin": 16.95,
            "gross_margin_4q_avg": 15.48,
            "net_income": 9878,
            "net_income_4q": null,
            "revenue": 549323,
            "revenue_4q": null,
            "common_shares": 516424,
            "book_valuer_per_share": 16.35,
            "book_valuer_per_share_4q_avg": 16.26,
            "equity": 844283,
            "current_ratio": 179.72,
            "debt_ratio": 52.27,
            "inventory_turnover_ratio": 1.25,
            "account_receivable_turnover_ratio": 0.85,
            "reinvestment_rate": 124.26,
            "research_to_sale_ratio": 1.65,
            "price_fair": 65.8,
            "eps_avg_yearly": 1.88,
            "eps_latest_yearly": 0.76,
            "eps_growth_yearly": 203.39
        },
        "20134": {
            "year_quarter": 20134,
            "year": 2013,
            "quarter": 4,
            "eps": 0.37,
            "eps_growth_year": 59.98,
            "eps_4q": 1.64,
            "eps_4q_growth_year": 64.36,
            "roe": 2.25,
            "roe_4q": 10.03,
            "gross_profit": 83620,
            "gross_margin": 15.71,
            "gross_margin_4q_avg": 16.07,
            "net_income": 19314,
            "net_income_4q": null,
            "revenue": 532219,
            "revenue_4q": null,
            "common_shares": 516424,
            "book_valuer_per_share": 16.84,
            "book_valuer_per_share_4q_avg": 16.46,
            "equity": 869657,
            "current_ratio": 182.82,
            "debt_ratio": 51.31,
            "inventory_turnover_ratio": 1.27,
            "account_receivable_turnover_ratio": 0.86,
            "reinvestment_rate": 128.46,
            "research_to_sale_ratio": 2.08,
            "price_fair": 62.48,
            "eps_avg_yearly": 1.79,
            "eps_latest_yearly": 1.48,
            "eps_growth_yearly": 227.72
        },
        "20141": {
            "year_quarter": 20141,
            "year": 2014,
            "quarter": 1,
            "eps": 0.36,
            "eps_growth_year": -16.28,
            "eps_4q": 1.57,
            "eps_4q_growth_year": 26.67,
            "roe": 2.13,
            "roe_4q": 9.48,
            "gross_profit": 78515,
            "gross_margin": 15.85,
            "gross_margin_4q_avg": 16.22,
            "net_income": 18718,
            "net_income_4q": null,
            "revenue": 495328,
            "revenue_4q": null,
            "common_shares": 516424,
            "book_valuer_per_share": 17.18,
            "book_valuer_per_share_4q_avg": 16.66,
            "equity": 887262,
            "current_ratio": 185.5,
            "debt_ratio": 50.66,
            "inventory_turnover_ratio": 1.11,
            "account_receivable_turnover_ratio": 0.85,
            "reinvestment_rate": 125.75,
            "research_to_sale_ratio": 2.02,
            "price_fair": 57.49,
            "eps_avg_yearly": 1.64,
            "eps_latest_yearly": 1.44,
            "eps_growth_yearly": 221.04
        },
        "20142": {
            "year_quarter": 20142,
            "year": 2014,
            "quarter": 2,
            "eps": 0.42,
            "eps_growth_year": -34.38,
            "eps_4q": 1.29,
            "eps_4q_growth_year": -16.47,
            "roe": 2.67,
            "roe_4q": 8.219999999999999,
            "gross_profit": 88811,
            "gross_margin": 15.77,
            "gross_margin_4q_avg": 16.07,
            "net_income": 23383,
            "net_income_4q": null,
            "revenue": 563135,
            "revenue_4q": null,
            "common_shares": 516424,
            "book_valuer_per_share": 16.77,
            "book_valuer_per_share_4q_avg": 16.79,
            "equity": 866082,
            "current_ratio": 175.9,
            "debt_ratio": 52.59,
            "inventory_turnover_ratio": 1.17,
            "account_receivable_turnover_ratio": 0.96,
            "reinvestment_rate": 123.79,
            "research_to_sale_ratio": 1.73,
            "price_fair": 51.19,
            "eps_avg_yearly": 1.46,
            "eps_latest_yearly": 1.68,
            "eps_growth_yearly": 219.57
        },
        "20143": {
            "year_quarter": 20143,
            "year": 2014,
            "quarter": 3,
            "eps": 0.3,
            "eps_growth_year": 57.89,
            "eps_4q": 1.41,
            "eps_4q_growth_year": -6.05,
            "roe": 1.87,
            "roe_4q": 8.92,
            "gross_profit": 71356,
            "gross_margin": 14.69,
            "gross_margin_4q_avg": 15.51,
            "net_income": 16465,
            "net_income_4q": null,
            "revenue": 485626,
            "revenue_4q": null,
            "common_shares": 552573,
            "book_valuer_per_share": 16.24,
            "book_valuer_per_share_4q_avg": 16.76,
            "equity": 897608,
            "current_ratio": 181.81,
            "debt_ratio": 51.52,
            "inventory_turnover_ratio": 0.96,
            "account_receivable_turnover_ratio": 0.82,
            "reinvestment_rate": 95.96,
            "research_to_sale_ratio": 1.71,
            "price_fair": 48.56,
            "eps_avg_yearly": 1.39,
            "eps_latest_yearly": 1.2,
            "eps_growth_yearly": 224.26
        },
        "20144": {
            "year_quarter": 20144,
            "year": 2014,
            "quarter": 4,
            "eps": 0.24,
            "eps_growth_year": -35.83,
            "eps_4q": 1.3,
            "eps_4q_growth_year": -20.76,
            "roe": 1.45,
            "roe_4q": 8.120000000000001,
            "gross_profit": 73262,
            "gross_margin": 14.84,
            "gross_margin_4q_avg": 15.29,
            "net_income": 13262,
            "net_income_4q": null,
            "revenue": 493762,
            "revenue_4q": null,
            "common_shares": 552573,
            "book_valuer_per_share": 16.79,
            "book_valuer_per_share_4q_avg": 16.75,
            "equity": 927811,
            "current_ratio": 185.1,
            "debt_ratio": 49.38,
            "inventory_turnover_ratio": 1.02,
            "account_receivable_turnover_ratio": 0.83,
            "reinvestment_rate": 96.81,
            "research_to_sale_ratio": 1.5,
            "price_fair": 50.14,
            "eps_avg_yearly": 1.43,
            "eps_latest_yearly": 0.96,
            "eps_growth_yearly": 241.76
        },
        "20151": {
            "year_quarter": 20151,
            "year": 2015,
            "quarter": 1,
            "eps": 0.57,
            "eps_growth_year": 58.33,
            "eps_4q": 1.53,
            "eps_4q_growth_year": -2.45,
            "roe": 3.34,
            "roe_4q": 9.33,
            "gross_profit": 91734,
            "gross_margin": 18.7,
            "gross_margin_4q_avg": 16,
            "net_income": 31447,
            "net_income_4q": null,
            "revenue": 490521,
            "revenue_4q": null,
            "common_shares": 552573,
            "book_valuer_per_share": 17.27,
            "book_valuer_per_share_4q_avg": 16.77,
            "equity": 954039,
            "current_ratio": 188.03,
            "debt_ratio": 46.54,
            "inventory_turnover_ratio": 1.15,
            "account_receivable_turnover_ratio": 0.79,
            "reinvestment_rate": 97.44,
            "research_to_sale_ratio": 1.64,
            "price_fair": 50.05,
            "eps_avg_yearly": 1.43,
            "eps_latest_yearly": 2.28,
            "eps_growth_yearly": 59.47
        },
        "20152": {
            "year_quarter": 20152,
            "year": 2015,
            "quarter": 2,
            "eps": 0.59,
            "eps_growth_year": 40.48,
            "eps_4q": 1.7,
            "eps_4q_growth_year": 31.97,
            "roe": 3.53,
            "roe_4q": 10.189999999999998,
            "gross_profit": 104114,
            "gross_margin": 20.34,
            "gross_margin_4q_avg": 17.14,
            "net_income": 32912,
            "net_income_4q": null,
            "revenue": 511963,
            "revenue_4q": null,
            "common_shares": 552573,
            "book_valuer_per_share": 16.52,
            "book_valuer_per_share_4q_avg": 16.71,
            "equity": 912897,
            "current_ratio": 164.37,
            "debt_ratio": 50.54,
            "inventory_turnover_ratio": 1.21,
            "account_receivable_turnover_ratio": 0.83,
            "reinvestment_rate": 81.3,
            "research_to_sale_ratio": 1.74,
            "price_fair": 49.44,
            "eps_avg_yearly": 1.41,
            "eps_latest_yearly": 2.36,
            "eps_growth_yearly": 56.9
        },
        "20153": {
            "year_quarter": 20153,
            "year": 2015,
            "quarter": 3,
            "eps": 0.64,
            "eps_growth_year": 113.33,
            "eps_4q": 2.05,
            "eps_4q_growth_year": 45.22,
            "roe": 3.76,
            "roe_4q": 12.079999999999998,
            "gross_profit": 96674,
            "gross_margin": 20.14,
            "gross_margin_4q_avg": 18.51,
            "net_income": 35477,
            "net_income_4q": null,
            "revenue": 480068,
            "revenue_4q": null,
            "common_shares": 552573,
            "book_valuer_per_share": 17.59,
            "book_valuer_per_share_4q_avg": 17.04,
            "equity": 971785,
            "current_ratio": 168.45,
            "debt_ratio": 47.68,
            "inventory_turnover_ratio": 1.12,
            "account_receivable_turnover_ratio": 0.77,
            "reinvestment_rate": 58.9,
            "research_to_sale_ratio": 2.03,
            "price_fair": 53.03,
            "eps_avg_yearly": 1.52,
            "eps_latest_yearly": 2.56,
            "eps_growth_yearly": 75.31
        },
        "20154": {
            "year_quarter": 20154,
            "year": 2015,
            "quarter": 4,
            "eps": 0.81,
            "eps_growth_year": 238.12,
            "eps_4q": 2.62,
            "eps_4q_growth_year": 101.42,
            "roe": 4.54,
            "roe_4q": 15.17,
            "gross_profit": 96975,
            "gross_margin": 21.09,
            "gross_margin_4q_avg": 20.07,
            "net_income": 44841,
            "net_income_4q": null,
            "revenue": 459758,
            "revenue_4q": null,
            "common_shares": 552573,
            "book_valuer_per_share": 18.17,
            "book_valuer_per_share_4q_avg": 17.39,
            "equity": 1003818,
            "current_ratio": 187.57,
            "debt_ratio": 43.34,
            "inventory_turnover_ratio": 1.13,
            "account_receivable_turnover_ratio": 0.77,
            "reinvestment_rate": 17.27,
            "research_to_sale_ratio": 2.23,
            "price_fair": 57.49,
            "eps_avg_yearly": 1.64,
            "eps_latest_yearly": 3.24,
            "eps_growth_yearly": 74.34
        },
        "20161": {
            "year_quarter": 20161,
            "year": 2016,
            "quarter": 1,
            "eps": 0.66,
            "eps_growth_year": 15.79,
            "eps_4q": 2.71,
            "eps_4q_growth_year": 76.82,
            "roe": 3.56,
            "roe_4q": 15.389999999999999,
            "gross_profit": 101874,
            "gross_margin": 23.47,
            "gross_margin_4q_avg": 21.26,
            "net_income": 36280,
            "net_income_4q": null,
            "revenue": 434123,
            "revenue_4q": null,
            "common_shares": 552573,
            "book_valuer_per_share": 18.67,
            "book_valuer_per_share_4q_avg": 17.74,
            "equity": 1031777,
            "current_ratio": 190.5,
            "debt_ratio": 40.67,
            "inventory_turnover_ratio": 1.03,
            "account_receivable_turnover_ratio": 0.75,
            "reinvestment_rate": 9.05,
            "research_to_sale_ratio": 2.18,
            "price_fair": 61.43,
            "eps_avg_yearly": 1.76,
            "eps_latest_yearly": 2.64,
            "eps_growth_yearly": 77.21
        },
        "20162": {
            "year_quarter": 20162,
            "year": 2016,
            "quarter": 2,
            "eps": 0.69,
            "eps_growth_year": 16.95,
            "eps_4q": 2.8,
            "eps_4q_growth_year": 64.28,
            "roe": 3.86,
            "roe_4q": 15.72,
            "gross_profit": 108474,
            "gross_margin": 22.35,
            "gross_margin_4q_avg": 21.76,
            "net_income": 37971,
            "net_income_4q": null,
            "revenue": 485346,
            "revenue_4q": null,
            "common_shares": 552573,
            "book_valuer_per_share": 16.93,
            "book_valuer_per_share_4q_avg": 17.84,
            "equity": 935249,
            "current_ratio": 159.1,
            "debt_ratio": 47.38,
            "inventory_turnover_ratio": 1.12,
            "account_receivable_turnover_ratio": 0.8,
            "reinvestment_rate": 6.87,
            "research_to_sale_ratio": 2,
            "price_fair": 64.58,
            "eps_avg_yearly": 1.85,
            "eps_latest_yearly": 2.76,
            "eps_growth_yearly": 64.06
        },
        "20163": {
            "year_quarter": 20163,
            "year": 2016,
            "quarter": 3,
            "eps": 0.5,
            "eps_growth_year": -21.88,
            "eps_4q": 2.66,
            "eps_4q_growth_year": 29.81,
            "roe": 2.95,
            "roe_4q": 14.91,
            "gross_profit": 82965,
            "gross_margin": 18.9,
            "gross_margin_4q_avg": 21.45,
            "net_income": 27726,
            "net_income_4q": null,
            "revenue": 438973,
            "revenue_4q": null,
            "common_shares": 552573,
            "book_valuer_per_share": 17.1,
            "book_valuer_per_share_4q_avg": 17.72,
            "equity": 944858,
            "current_ratio": 178.66,
            "debt_ratio": 42.29,
            "inventory_turnover_ratio": 1.19,
            "account_receivable_turnover_ratio": 0.71,
            "reinvestment_rate": 1.54,
            "research_to_sale_ratio": 1.98,
            "price_fair": 66.85,
            "eps_avg_yearly": 1.91,
            "eps_latest_yearly": 2,
            "eps_growth_yearly": 64
        },
        "20164": {
            "year_quarter": 20164,
            "year": 2016,
            "quarter": 4,
            "eps": 0.75,
            "eps_growth_year": -7.73,
            "eps_4q": 2.59,
            "eps_4q_growth_year": -0.92,
            "roe": 4.3,
            "roe_4q": 14.67,
            "gross_profit": 96074,
            "gross_margin": 18.94,
            "gross_margin_4q_avg": 20.92,
            "net_income": 41376,
            "net_income_4q": null,
            "revenue": 507259,
            "revenue_4q": null,
            "common_shares": 552573,
            "book_valuer_per_share": 17.76,
            "book_valuer_per_share_4q_avg": 17.62,
            "equity": 981534,
            "current_ratio": 166.08,
            "debt_ratio": 43.37,
            "inventory_turnover_ratio": 1.46,
            "account_receivable_turnover_ratio": 0.8,
            "reinvestment_rate": 1.7,
            "research_to_sale_ratio": 2.13,
            "price_fair": 71.4,
            "eps_avg_yearly": 2.04,
            "eps_latest_yearly": 3,
            "eps_growth_yearly": 77.54
        },
        "20171": {
            "year_quarter": 20171,
            "year": 2017,
            "quarter": 1,
            "eps": 0.67,
            "eps_growth_year": 1.52,
            "eps_4q": 2.61,
            "eps_4q_growth_year": -3.58,
            "roe": 3.76,
            "roe_4q": 14.869999999999997,
            "gross_profit": 80062,
            "gross_margin": 17.79,
            "gross_margin_4q_avg": 19.5,
            "net_income": 37091,
            "net_income_4q": null,
            "revenue": 449970,
            "revenue_4q": null,
            "common_shares": 552573,
            "book_valuer_per_share": 17.9,
            "book_valuer_per_share_4q_avg": 17.42,
            "equity": 989146,
            "current_ratio": 170.16,
            "debt_ratio": 43.3,
            "inventory_turnover_ratio": 1.11,
            "account_receivable_turnover_ratio": 0.69,
            "reinvestment_rate": -0.32,
            "research_to_sale_ratio": 2.56,
            "price_fair": 73.5,
            "eps_avg_yearly": 2.1,
            "eps_latest_yearly": 2.68,
            "eps_growth_yearly": 53.13
        },
        "20172": {
            "year_quarter": 20172,
            "year": 2017,
            "quarter": 2,
            "eps": 0.52,
            "eps_growth_year": -24.64,
            "eps_4q": 2.45,
            "eps_4q_growth_year": -12.55,
            "roe": 3.06,
            "roe_4q": 14.07,
            "gross_profit": 70813,
            "gross_margin": 15.56,
            "gross_margin_4q_avg": 17.8,
            "net_income": 28983,
            "net_income_4q": null,
            "revenue": 454951,
            "revenue_4q": null,
            "common_shares": 552573,
            "book_valuer_per_share": 16.37,
            "book_valuer_per_share_4q_avg": 17.28,
            "equity": 904724,
            "current_ratio": 152.03,
            "debt_ratio": 46.71,
            "inventory_turnover_ratio": 1.12,
            "account_receivable_turnover_ratio": 0.76,
            "reinvestment_rate": 0.34,
            "research_to_sale_ratio": 2.56,
            "price_fair": 72.45,
            "eps_avg_yearly": 2.07,
            "eps_latest_yearly": 2.08,
            "eps_growth_yearly": 35.32
        },
        "20173": {
            "year_quarter": 20173,
            "year": 2017,
            "quarter": 3,
            "eps": 0.47,
            "eps_growth_year": -6,
            "eps_4q": 2.41,
            "eps_4q_growth_year": -9.23,
            "roe": 2.8,
            "roe_4q": 13.919999999999998,
            "gross_profit": 75171,
            "gross_margin": 15.15,
            "gross_margin_4q_avg": 16.86,
            "net_income": 25823,
            "net_income_4q": null,
            "revenue": 496126,
            "revenue_4q": null,
            "common_shares": 552573,
            "book_valuer_per_share": 16.96,
            "book_valuer_per_share_4q_avg": 17.25,
            "equity": 936935,
            "current_ratio": 148.37,
            "debt_ratio": 48.34,
            "inventory_turnover_ratio": 1.2,
            "account_receivable_turnover_ratio": 0.84,
            "reinvestment_rate": 1.17,
            "research_to_sale_ratio": 2.57,
            "price_fair": 74.9,
            "eps_avg_yearly": 2.14,
            "eps_latest_yearly": 1.88,
            "eps_growth_yearly": 50.5
        },
        "20174": {
            "year_quarter": 20174,
            "year": 2017,
            "quarter": 4,
            "eps": 0.44,
            "eps_growth_year": -40.85,
            "eps_4q": 2.11,
            "eps_4q_growth_year": -18.82,
            "roe": 2.58,
            "roe_4q": 12.2,
            "gross_profit": 80960,
            "gross_margin": 15.17,
            "gross_margin_4q_avg": 15.92,
            "net_income": 24472,
            "net_income_4q": null,
            "revenue": 533562,
            "revenue_4q": null,
            "common_shares": 552573,
            "book_valuer_per_share": 17.42,
            "book_valuer_per_share_4q_avg": 17.16,
            "equity": 962818,
            "current_ratio": 144.4,
            "debt_ratio": 49.07,
            "inventory_turnover_ratio": 1.17,
            "account_receivable_turnover_ratio": 0.85,
            "reinvestment_rate": 6.1,
            "research_to_sale_ratio": 2.73,
            "price_fair": 75.51,
            "eps_avg_yearly": 2.16,
            "eps_latest_yearly": 1.76,
            "eps_growth_yearly": 25.22
        },
        "20181": {
            "year_quarter": 20181,
            "year": 2018,
            "quarter": 1,
            "eps": 0.31,
            "eps_growth_year": -53.73,
            "eps_4q": 1.75,
            "eps_4q_growth_year": -32.95,
            "roe": 1.78,
            "roe_4q": 10.22,
            "gross_profit": 80732,
            "gross_margin": 14.86,
            "gross_margin_4q_avg": 15.19,
            "net_income": 17379,
            "net_income_4q": null,
            "revenue": 543357,
            "revenue_4q": null,
            "common_shares": 552573,
            "book_valuer_per_share": 17.82,
            "book_valuer_per_share_4q_avg": 17.14,
            "equity": 984702,
            "current_ratio": 149.86,
            "debt_ratio": 48.12,
            "inventory_turnover_ratio": 1.09,
            "account_receivable_turnover_ratio": 0.81,
            "reinvestment_rate": 7.34,
            "research_to_sale_ratio": 2.67,
            "price_fair": 61.15,
            "eps_avg_yearly": 2.15,
            "eps_latest_yearly": 1.24,
            "eps_growth_yearly": 18.51
        },
        "20182": {
            "year_quarter": 20182,
            "year": 2018,
            "quarter": 2,
            "eps": 0.43,
            "eps_growth_year": -17.31,
            "eps_4q": 1.65,
            "eps_4q_growth_year": -32.53,
            "roe": 2.5,
            "roe_4q": 9.66,
            "gross_profit": 76058,
            "gross_margin": 14.86,
            "gross_margin_4q_avg": 15.01,
            "net_income": 23534,
            "net_income_4q": null,
            "revenue": 511700,
            "revenue_4q": null,
            "common_shares": 552573,
            "book_valuer_per_share": 16.21,
            "book_valuer_per_share_4q_avg": 17.1,
            "equity": 895661,
            "current_ratio": 134.8,
            "debt_ratio": 53.31,
            "inventory_turnover_ratio": 0.93,
            "account_receivable_turnover_ratio": 0.73,
            "reinvestment_rate": 7.78,
            "research_to_sale_ratio": 2.8,
            "price_fair": 73.06,
            "eps_avg_yearly": 2.15,
            "eps_latest_yearly": 1.72,
            "eps_growth_yearly": 24.02
        },
        "20183": {
            "year_quarter": 20183,
            "year": 2018,
            "quarter": 3,
            "eps": 0.3,
            "eps_growth_year": -36.17,
            "eps_4q": 1.48,
            "eps_4q_growth_year": -38.65,
            "roe": 1.83,
            "roe_4q": 8.690000000000001,
            "gross_profit": 66832,
            "gross_margin": 15,
            "gross_margin_4q_avg": 14.97,
            "net_income": 16374,
            "net_income_4q": null,
            "revenue": 445566,
            "revenue_4q": null,
            "common_shares": 552573,
            "book_valuer_per_share": 16.21,
            "book_valuer_per_share_4q_avg": 16.92,
            "equity": 895460,
            "current_ratio": 141.31,
            "debt_ratio": 50.07,
            "inventory_turnover_ratio": 0.78,
            "account_receivable_turnover_ratio": 0.68,
            "reinvestment_rate": 6.72,
            "research_to_sale_ratio": 3.28,
            "price_fair": 72.16,
            "eps_avg_yearly": 2.15,
            "eps_latest_yearly": 1.2,
            "eps_growth_yearly": 23.6
        },
        "20184": {
            "year_quarter": 20184,
            "year": 2018,
            "quarter": 4,
            "eps": 0.42,
            "eps_growth_year": -4.81,
            "eps_4q": 1.46,
            "eps_4q_growth_year": -30.75,
            "roe": 2.56,
            "roe_4q": 8.67,
            "gross_profit": 71892,
            "gross_margin": 17.3,
            "gross_margin_4q_avg": 15.51,
            "net_income": 23296,
            "net_income_4q": null,
            "revenue": 415657,
            "revenue_4q": null,
            "common_shares": 552573,
            "book_valuer_per_share": 16.69,
            "book_valuer_per_share_4q_avg": 16.73,
            "equity": 922290,
            "current_ratio": 150.2,
            "debt_ratio": 47.03,
            "inventory_turnover_ratio": 0.69,
            "account_receivable_turnover_ratio": 0.74,
            "reinvestment_rate": 5.47,
            "research_to_sale_ratio": 3.51,
            "price_fair": 76.74,
            "eps_avg_yearly": 2.19,
            "eps_latest_yearly": 1.68,
            "eps_growth_yearly": 38.6
        },
        "20191": {
            "year_quarter": 20191,
            "year": 2019,
            "quarter": 1,
            "eps": 0.19,
            "eps_growth_year": -38.71,
            "eps_4q": 1.33,
            "eps_4q_growth_year": -23.92,
            "roe": 1.11,
            "roe_4q": 8,
            "gross_profit": 51265,
            "gross_margin": 13.8,
            "gross_margin_4q_avg": 15.24,
            "net_income": 10332,
            "net_income_4q": null,
            "revenue": 371523,
            "revenue_4q": null,
            "common_shares": 552573,
            "book_valuer_per_share": 17.11,
            "book_valuer_per_share_4q_avg": 16.56,
            "equity": 945343,
            "current_ratio": 188.73,
            "debt_ratio": 40.24,
            "inventory_turnover_ratio": 0.72,
            "account_receivable_turnover_ratio": 0.72,
            "reinvestment_rate": -0.07,
            "research_to_sale_ratio": 4.04,
            "price_fair": 6.29,
            "eps_avg_yearly": 2.1,
            "eps_latest_yearly": 0.76,
            "eps_growth_yearly": -9.46
        },
        "20192": {
            "year_quarter": 20192,
            "year": 2019,
            "quarter": 2,
            "eps": 0.27,
            "eps_growth_year": -37.21,
            "eps_4q": 1.17,
            "eps_4q_growth_year": -28.96,
            "roe": 1.62,
            "roe_4q": 7.120000000000001,
            "gross_profit": 61106,
            "gross_margin": 14.61,
            "gross_margin_4q_avg": 15.18,
            "net_income": 14794,
            "net_income_4q": null,
            "revenue": 418376,
            "revenue_4q": null,
            "common_shares": 552573,
            "book_valuer_per_share": 15.95,
            "book_valuer_per_share_4q_avg": 16.49,
            "equity": 881113,
            "current_ratio": 174.62,
            "debt_ratio": 39.62,
            "inventory_turnover_ratio": 1.17,
            "account_receivable_turnover_ratio": 0.79,
            "reinvestment_rate": -7.68,
            "research_to_sale_ratio": 3.71,
            "price_fair": 20.18,
            "eps_avg_yearly": 2.02,
            "eps_latest_yearly": 1.08,
            "eps_growth_yearly": 0.19
        },
        "20193": {
            "year_quarter": 20193,
            "year": 2019,
            "quarter": 3,
            "eps": 0.39,
            "eps_growth_year": 30,
            "eps_4q": 1.27,
            "eps_4q_growth_year": -14.47,
            "roe": 2.44,
            "roe_4q": 7.73,
            "gross_profit": 70827,
            "gross_margin": 15.98,
            "gross_margin_4q_avg": 15.42,
            "net_income": 21504,
            "net_income_4q": null,
            "revenue": 443300,
            "revenue_4q": null,
            "common_shares": 552573,
            "book_valuer_per_share": 16.01,
            "book_valuer_per_share_4q_avg": 16.44,
            "equity": 884740,
            "current_ratio": 184.38,
            "debt_ratio": 37.63,
            "inventory_turnover_ratio": 1.72,
            "account_receivable_turnover_ratio": 0.82,
            "reinvestment_rate": -28.41,
            "research_to_sale_ratio": 3.34,
            "price_fair": 37.5,
            "eps_avg_yearly": 1.96,
            "eps_latest_yearly": 1.56,
            "eps_growth_yearly": 9.18
        },
        "20194": {
            "year_quarter": 20194,
            "year": 2019,
            "quarter": 4,
            "eps": 0.48,
            "eps_growth_year": 14.48,
            "eps_4q": 1.33,
            "eps_4q_growth_year": -9.04,
            "roe": 2.98,
            "roe_4q": 8.15,
            "gross_profit": 80599,
            "gross_margin": 18.26,
            "gross_margin_4q_avg": 15.66,
            "net_income": 26669,
            "net_income_4q": null,
            "revenue": 441470,
            "revenue_4q": null,
            "common_shares": 552573,
            "book_valuer_per_share": 16.42,
            "book_valuer_per_share_4q_avg": 16.37,
            "equity": 907542,
            "current_ratio": 204.84,
            "debt_ratio": 34.6,
            "inventory_turnover_ratio": 1.79,
            "account_receivable_turnover_ratio": 0.89,
            "reinvestment_rate": -29.76,
            "research_to_sale_ratio": 4.06,
            "price_fair": 34.28,
            "eps_avg_yearly": 1.87,
            "eps_latest_yearly": 1.92,
            "eps_growth_yearly": 8.31
        },
        "20201": {
            "year_quarter": 20201,
            "year": 2020,
            "quarter": 1,
            "eps": 0.47,
            "eps_growth_year": 147.37,
            "eps_4q": 1.61,
            "eps_4q_growth_year": 20.66,
            "roe": 2.81,
            "roe_4q": 9.850000000000001,
            "gross_profit": 59528,
            "gross_margin": 17.62,
            "gross_margin_4q_avg": 16.62,
            "net_income": 25761,
            "net_income_4q": null,
            "revenue": 337792,
            "revenue_4q": null,
            "common_shares": 552573,
            "book_valuer_per_share": 16.82,
            "book_valuer_per_share_4q_avg": 16.3,
            "equity": 929190,
            "current_ratio": 177.4,
            "debt_ratio": 38.2,
            "inventory_turnover_ratio": 1.38,
            "account_receivable_turnover_ratio": 0.71,
            "reinvestment_rate": -29.91,
            "research_to_sale_ratio": 3.77,
            "price_fair": 40.91,
            "eps_avg_yearly": 1.83,
            "eps_latest_yearly": 1.88,
            "eps_growth_yearly": 12.42
        },
        "20202": {
            "year_quarter": 20202,
            "year": 2020,
            "quarter": 2,
            "eps": 0.49,
            "eps_growth_year": 81.48,
            "eps_4q": 1.83,
            "eps_4q_growth_year": 55.87,
            "roe": 2.97,
            "roe_4q": 11.2,
            "gross_profit": 85409,
            "gross_margin": 21.16,
            "gross_margin_4q_avg": 18.26,
            "net_income": 27064,
            "net_income_4q": null,
            "revenue": 403549,
            "revenue_4q": null,
            "common_shares": 552573,
            "book_valuer_per_share": 16.19,
            "book_valuer_per_share_4q_avg": 16.36,
            "equity": 894712,
            "current_ratio": 165.14,
            "debt_ratio": 41.04,
            "inventory_turnover_ratio": 1.69,
            "account_receivable_turnover_ratio": 0.82,
            "reinvestment_rate": -28.79,
            "research_to_sale_ratio": 3.97,
            "price_fair": 39.66,
            "eps_avg_yearly": 1.78,
            "eps_latest_yearly": 1.96,
            "eps_growth_yearly": 12.34
        },
        "20203": {
            "year_quarter": 20203,
            "year": 2020,
            "quarter": 3,
            "eps": 0.52,
            "eps_growth_year": 33.33,
            "eps_4q": 1.96,
            "eps_4q_growth_year": 54.8,
            "roe": 3.15,
            "roe_4q": 11.91,
            "gross_profit": 85366,
            "gross_margin": 21.59,
            "gross_margin_4q_avg": 19.66,
            "net_income": 28748,
            "net_income_4q": null,
            "revenue": 395323,
            "revenue_4q": null,
            "common_shares": 552573,
            "book_valuer_per_share": 16.84,
            "book_valuer_per_share_4q_avg": 16.57,
            "equity": 930758,
            "current_ratio": 172.02,
            "debt_ratio": 38.59,
            "inventory_turnover_ratio": 1.62,
            "account_receivable_turnover_ratio": 0.81,
            "reinvestment_rate": -22.28,
            "research_to_sale_ratio": 4.02,
            "price_fair": 54.75,
            "eps_avg_yearly": 1.78,
            "eps_latest_yearly": 2.08,
            "eps_growth_yearly": 20.76
        },
        "20204": {
            "year_quarter": 20204,
            "year": 2020,
            "quarter": 4,
            "eps": 0.63,
            "eps_growth_year": 31.2,
            "eps_4q": 2.11,
            "eps_4q_growth_year": 59.02,
            "roe": 3.69,
            "roe_4q": 12.620000000000001,
            "gross_profit": 98660,
            "gross_margin": 19.56,
            "gross_margin_4q_avg": 19.98,
            "net_income": 34989,
            "net_income_4q": null,
            "revenue": 504424,
            "revenue_4q": null,
            "common_shares": 552573,
            "book_valuer_per_share": 17.49,
            "book_valuer_per_share_4q_avg": 16.84,
            "equity": 966415,
            "current_ratio": 167.52,
            "debt_ratio": 40.72,
            "inventory_turnover_ratio": 1.65,
            "account_receivable_turnover_ratio": 1.01,
            "reinvestment_rate": -19.69,
            "research_to_sale_ratio": 3.8,
            "price_fair": 41.21,
            "eps_avg_yearly": 1.75,
            "eps_latest_yearly": 2.52,
            "eps_growth_yearly": 13.55
        },
        "20211": {
            "year_quarter": 20211,
            "year": 2021,
            "quarter": 1,
            "eps": 0.96,
            "eps_growth_year": 104.26,
            "eps_4q": 2.61,
            "eps_4q_growth_year": 62.32,
            "roe": 5.35,
            "roe_4q": 15.16,
            "gross_profit": 132937,
            "gross_margin": 21.05,
            "gross_margin_4q_avg": 20.84,
            "net_income": 53219,
            "net_income_4q": null,
            "revenue": 631487,
            "revenue_4q": null,
            "common_shares": 552573,
            "book_valuer_per_share": 18.54,
            "book_valuer_per_share_4q_avg": 17.27,
            "equity": 1024295,
            "current_ratio": 159.57,
            "debt_ratio": 44.67,
            "inventory_turnover_ratio": 1.52,
            "account_receivable_turnover_ratio": 1.05,
            "reinvestment_rate": -12.43,
            "research_to_sale_ratio": 2.74,
            "price_fair": 63.79,
            "eps_avg_yearly": 1.82,
            "eps_latest_yearly": 3.84,
            "eps_growth_yearly": 29.31
        },
        "20212": {
            "year_quarter": 20212,
            "year": 2021,
            "quarter": 2,
            "eps": 1.35,
            "eps_growth_year": 175.51,
            "eps_4q": 3.46,
            "eps_4q_growth_year": 89.4,
            "roe": 7.02,
            "roe_4q": 19.209999999999997,
            "gross_profit": 165391,
            "gross_margin": 24.34,
            "gross_margin_4q_avg": 21.64,
            "net_income": 74332,
            "net_income_4q": null,
            "revenue": 679614,
            "revenue_4q": null,
            "common_shares": 552573,
            "book_valuer_per_share": 19.8,
            "book_valuer_per_share_4q_avg": 18.17,
            "equity": 1093828,
            "current_ratio": 156.18,
            "debt_ratio": 44.8,
            "inventory_turnover_ratio": 1.38,
            "account_receivable_turnover_ratio": 0.94,
            "reinvestment_rate": -6.2,
            "research_to_sale_ratio": 3.65,
            "price_fair": 71.05,
            "eps_avg_yearly": 2.03,
            "eps_latest_yearly": 5.4,
            "eps_growth_yearly": 45.06
        },
        "20213": {
            "year_quarter": 20213,
            "year": 2021,
            "quarter": 3,
            "eps": 0.78,
            "eps_growth_year": 50,
            "eps_4q": 3.73,
            "eps_4q_growth_year": 90.21,
            "roe": 4.07,
            "roe_4q": 20.13,
            "gross_profit": 114122,
            "gross_margin": 20.61,
            "gross_margin_4q_avg": 21.39,
            "net_income": 43343,
            "net_income_4q": null,
            "revenue": 553645,
            "revenue_4q": null,
            "common_shares": 552573,
            "book_valuer_per_share": 18.8,
            "book_valuer_per_share_4q_avg": 18.66,
            "equity": 1038633,
            "current_ratio": 164.85,
            "debt_ratio": 39.65,
            "inventory_turnover_ratio": 1.24,
            "account_receivable_turnover_ratio": 0.81,
            "reinvestment_rate": -8.15,
            "research_to_sale_ratio": 3.96,
            "price_fair": 73.76,
            "eps_avg_yearly": 2.11,
            "eps_latest_yearly": 3.12,
            "eps_growth_yearly": 36.91
        },
        "20214": {
            "year_quarter": 20214,
            "year": 2021,
            "quarter": 4,
            "eps": 0.95,
            "eps_growth_year": 49.62,
            "eps_4q": 4.04,
            "eps_4q_growth_year": 91.52,
            "roe": 4.94,
            "roe_4q": 21.380000000000003,
            "gross_profit": 123534,
            "gross_margin": 20.77,
            "gross_margin_4q_avg": 21.69,
            "net_income": 52350,
            "net_income_4q": null,
            "revenue": 594684,
            "revenue_4q": null,
            "common_shares": 552573,
            "book_valuer_per_share": 19.57,
            "book_valuer_per_share_4q_avg": 19.18,
            "equity": 1081314,
            "current_ratio": 165.39,
            "debt_ratio": 41.83,
            "inventory_turnover_ratio": 1.48,
            "account_receivable_turnover_ratio": 0.93,
            "reinvestment_rate": -12.77,
            "research_to_sale_ratio": 3.85,
            "price_fair": 78.23,
            "eps_avg_yearly": 2.24,
            "eps_latest_yearly": 3.8,
            "eps_growth_yearly": 43.96
        },
        "20221": {
            "year_quarter": 20221,
            "year": 2022,
            "quarter": 1,
            "eps": 0.62,
            "eps_growth_year": -35.42,
            "eps_4q": 3.7,
            "eps_4q_growth_year": 41.93,
            "roe": 3.11,
            "roe_4q": 19.14,
            "gross_profit": 95834,
            "gross_margin": 20.27,
            "gross_margin_4q_avg": 21.5,
            "net_income": 34389,
            "net_income_4q": null,
            "revenue": 472760,
            "revenue_4q": null,
            "common_shares": 552573,
            "book_valuer_per_share": 20.5,
            "book_valuer_per_share_4q_avg": 19.67,
            "equity": 1132623,
            "current_ratio": 177.78,
            "debt_ratio": 39.51,
            "inventory_turnover_ratio": 1.12,
            "account_receivable_turnover_ratio": 0.72,
            "reinvestment_rate": -11.62,
            "research_to_sale_ratio": 3.54,
            "price_fair": 80.94,
            "eps_avg_yearly": 2.31,
            "eps_latest_yearly": 2.48,
            "eps_growth_yearly": 42.66
        },
        "20222": {
            "year_quarter": 20222,
            "year": 2022,
            "quarter": 2,
            "eps": 0.4,
            "eps_growth_year": -70.37,
            "eps_4q": 2.76,
            "eps_4q_growth_year": -20.31,
            "roe": 2.11,
            "roe_4q": 14.23,
            "gross_profit": 84383,
            "gross_margin": 19.94,
            "gross_margin_4q_avg": 20.4,
            "net_income": 22350,
            "net_income_4q": null,
            "revenue": 423279,
            "revenue_4q": null,
            "common_shares": 552573,
            "book_valuer_per_share": 17.8,
            "book_valuer_per_share_4q_avg": 19.17,
            "equity": 983546,
            "current_ratio": 147.4,
            "debt_ratio": 45.74,
            "inventory_turnover_ratio": 0.94,
            "account_receivable_turnover_ratio": 0.76,
            "reinvestment_rate": 16.24,
            "research_to_sale_ratio": 5.17,
            "price_fair": 78.62,
            "eps_avg_yearly": 2.31,
            "eps_latest_yearly": 1.6,
            "eps_growth_yearly": 24.11
        },
        "20223": {
            "year_quarter": 20223,
            "year": 2022,
            "quarter": 3,
            "eps": 0.39,
            "eps_growth_year": -50,
            "eps_4q": 2.36,
            "eps_4q_growth_year": -36.58,
            "roe": 2.15,
            "roe_4q": 12.309999999999999,
            "gross_profit": 78416,
            "gross_margin": 19.81,
            "gross_margin_4q_avg": 20.2,
            "net_income": 21483,
            "net_income_4q": null,
            "revenue": 395861,
            "revenue_4q": null,
            "common_shares": 552573,
            "book_valuer_per_share": 18.39,
            "book_valuer_per_share_4q_avg": 19.07,
            "equity": 1016308,
            "current_ratio": 155.46,
            "debt_ratio": 41.22,
            "inventory_turnover_ratio": 0.95,
            "account_receivable_turnover_ratio": 0.8,
            "reinvestment_rate": 18.74,
            "research_to_sale_ratio": 5.25,
            "price_fair": 81.46,
            "eps_avg_yearly": 2.33,
            "eps_latest_yearly": 1.56,
            "eps_growth_yearly": 31.04
        },
        "20224": {
            "year_quarter": 20224,
            "year": 2022,
            "quarter": 4,
            "eps": 0.45,
            "eps_growth_year": -52.03,
            "eps_4q": 1.87,
            "eps_4q_growth_year": -53.71,
            "roe": 2.44,
            "roe_4q": 9.809999999999999,
            "gross_profit": 86696,
            "gross_margin": 21.16,
            "gross_margin_4q_avg": 20.3,
            "net_income": 25111,
            "net_income_4q": null,
            "revenue": 409687,
            "revenue_4q": null,
            "common_shares": 552573,
            "book_valuer_per_share": 18.91,
            "book_valuer_per_share_4q_avg": 18.9,
            "equity": 1044881,
            "current_ratio": 172.38,
            "debt_ratio": 37.06,
            "inventory_turnover_ratio": 1.12,
            "account_receivable_turnover_ratio": 0.86,
            "reinvestment_rate": 17.5,
            "research_to_sale_ratio": 4.49,
            "price_fair": 81.47,
            "eps_avg_yearly": 2.34,
            "eps_latest_yearly": 1.8,
            "eps_growth_yearly": 24.89
        },
        "20231": {
            "year_quarter": 20231,
            "year": 2023,
            "quarter": 1,
            "eps": 0.49,
            "eps_growth_year": -20.97,
            "eps_4q": 1.74,
            "eps_4q_growth_year": -52.95,
            "roe": 2.58,
            "roe_4q": 9.28,
            "gross_profit": 74067,
            "gross_margin": 18.89,
            "gross_margin_4q_avg": 19.95,
            "net_income": 27237,
            "net_income_4q": null,
            "revenue": 392147,
            "revenue_4q": null,
            "common_shares": 552573,
            "book_valuer_per_share": 19.35,
            "book_valuer_per_share_4q_avg": 18.61,
            "equity": 1068970,
            "current_ratio": 175.76,
            "debt_ratio": 37.41,
            "inventory_turnover_ratio": 1.1,
            "account_receivable_turnover_ratio": 0.83,
            "reinvestment_rate": 16.03,
            "research_to_sale_ratio": 3.83,
            "price_fair": 84.35,
            "eps_avg_yearly": 2.41,
            "eps_latest_yearly": 1.96,
            "eps_growth_yearly": 40.8
        },
        "20232": {
            "year_quarter": 20232,
            "year": 2023,
            "quarter": 2,
            "eps": 0.35,
            "eps_growth_year": -12.5,
            "eps_4q": 1.69,
            "eps_4q_growth_year": -38.71,
            "roe": 1.92,
            "roe_4q": 9.09,
            "gross_profit": 79583,
            "gross_margin": 21.65,
            "gross_margin_4q_avg": 20.38,
            "net_income": 19601,
            "net_income_4q": null,
            "revenue": 367569,
            "revenue_4q": null,
            "common_shares": 552573,
            "book_valuer_per_share": 17.54,
            "book_valuer_per_share_4q_avg": 18.55,
            "equity": 969353,
            "current_ratio": 143.21,
            "debt_ratio": 45.03,
            "inventory_turnover_ratio": 0.91,
            "account_receivable_turnover_ratio": 0.79,
            "reinvestment_rate": 17.08,
            "research_to_sale_ratio": 6.33,
            "price_fair": 80.51,
            "eps_avg_yearly": 2.43,
            "eps_latest_yearly": 1.4,
            "eps_growth_yearly": 23.13
        },
        "20233": {
            "year_quarter": 20233,
            "year": 2023,
            "quarter": 3,
            "eps": 0.35,
            "eps_growth_year": -10.26,
            "eps_4q": 1.66,
            "eps_4q_growth_year": -29.95,
            "roe": 1.98,
            "roe_4q": 8.92,
            "gross_profit": 84024,
            "gross_margin": 21.06,
            "gross_margin_4q_avg": 20.69,
            "net_income": 19518,
            "net_income_4q": null,
            "revenue": 399013,
            "revenue_4q": null,
            "common_shares": 552573,
            "book_valuer_per_share": 18.18,
            "book_valuer_per_share_4q_avg": 18.5,
            "equity": 1004799,
            "current_ratio": 150.38,
            "debt_ratio": 43.61,
            "inventory_turnover_ratio": 0.99,
            "account_receivable_turnover_ratio": 0.82,
            "reinvestment_rate": 22.72,
            "research_to_sale_ratio": 5.43,
            "price_fair": 53.29,
            "eps_avg_yearly": 2.42,
            "eps_latest_yearly": 1.4,
            "eps_growth_yearly": 12.02
        }
    },
    "months": {
        "2002-02": {
            "month": "2002-02",
            "price": "20.53",
            "revenue": 38694
        },
        "2002-03": {
            "month": "2002-03",
            "price": "35.78",
            "revenue": 52978
        },
        "2002-04": {
            "month": "2002-04",
            "price": "35.52",
            "revenue": 52220
        },
        "2002-05": {
            "month": "2002-05",
            "price": "26.71",
            "revenue": 54047
        },
        "2002-06": {
            "month": "2002-06",
            "price": "27.20",
            "revenue": 57779
        },
        "2002-07": {
            "month": "2002-07",
            "price": "28.27",
            "revenue": 65370
        },
        "2002-08": {
            "month": "2002-08",
            "price": "21.99",
            "revenue": 68916
        },
        "2002-09": {
            "month": "2002-09",
            "price": "16.13",
            "revenue": 59823
        },
        "2002-10": {
            "month": "2002-10",
            "price": "13.21",
            "revenue": 60970
        },
        "2002-11": {
            "month": "2002-11",
            "price": "12.44",
            "revenue": 55380
        },
        "2002-12": {
            "month": "2002-12",
            "price": "11.58",
            "revenue": 52822
        },
        "2003-01": {
            "month": "2003-01",
            "price": "11.75",
            "revenue": 54731
        },
        "2003-02": {
            "month": "2003-02",
            "price": "11.44",
            "revenue": 38368
        },
        "2003-03": {
            "month": "2003-03",
            "price": "11.52",
            "revenue": 70640
        },
        "2003-04": {
            "month": "2003-04",
            "price": "12.15",
            "revenue": 58838
        },
        "2003-05": {
            "month": "2003-05",
            "price": "14.29",
            "revenue": 56752
        },
        "2003-06": {
            "month": "2003-06",
            "price": "15.56",
            "revenue": 56105
        },
        "2003-07": {
            "month": "2003-07",
            "price": "16.96",
            "revenue": 69066
        },
        "2003-08": {
            "month": "2003-08",
            "price": "23.78",
            "revenue": 63806
        },
        "2003-09": {
            "month": "2003-09",
            "price": "24.14",
            "revenue": 67588
        },
        "2003-10": {
            "month": "2003-10",
            "price": "23.48",
            "revenue": 67171
        },
        "2003-11": {
            "month": "2003-11",
            "price": "21.52",
            "revenue": 60751
        },
        "2003-12": {
            "month": "2003-12",
            "price": "21.84",
            "revenue": 73050
        },
        "2004-01": {
            "month": "2004-01",
            "price": "22.66",
            "revenue": 57517
        },
        "2004-02": {
            "month": "2004-02",
            "price": "22.78",
            "revenue": 75085
        },
        "2004-03": {
            "month": "2004-03",
            "price": "20.89",
            "revenue": 85002
        },
        "2004-04": {
            "month": "2004-04",
            "price": "20.68",
            "revenue": 91100
        },
        "2004-05": {
            "month": "2004-05",
            "price": "19.24",
            "revenue": 85043
        },
        "2004-06": {
            "month": "2004-06",
            "price": "18.69",
            "revenue": 83421
        },
        "2004-07": {
            "month": "2004-07",
            "price": "16.96",
            "revenue": 83711
        },
        "2004-08": {
            "month": "2004-08",
            "price": "16.70",
            "revenue": 87937
        },
        "2004-09": {
            "month": "2004-09",
            "price": "18.44",
            "revenue": 92813
        },
        "2004-10": {
            "month": "2004-10",
            "price": "18.40",
            "revenue": 99771
        },
        "2004-11": {
            "month": "2004-11",
            "price": "22.71",
            "revenue": 98394
        },
        "2004-12": {
            "month": "2004-12",
            "price": "18.50",
            "revenue": 94224
        },
        "2005-01": {
            "month": "2005-01",
            "price": "17.50",
            "revenue": 88913
        },
        "2005-02": {
            "month": "2005-02",
            "price": "19.06",
            "revenue": 61857
        },
        "2005-03": {
            "month": "2005-03",
            "price": "19.58",
            "revenue": 94813
        },
        "2005-04": {
            "month": "2005-04",
            "price": "18.33",
            "revenue": 96091
        },
        "2005-05": {
            "month": "2005-05",
            "price": "17.88",
            "revenue": 108410
        },
        "2005-06": {
            "month": "2005-06",
            "price": "17.50",
            "revenue": 101152
        },
        "2005-07": {
            "month": "2005-07",
            "price": "17.11",
            "revenue": 87129
        },
        "2005-08": {
            "month": "2005-08",
            "price": "16.80",
            "revenue": 130831
        },
        "2005-09": {
            "month": "2005-09",
            "price": "17.42",
            "revenue": 132967
        },
        "2005-10": {
            "month": "2005-10",
            "price": "16.88",
            "revenue": 134408
        },
        "2005-11": {
            "month": "2005-11",
            "price": "16.75",
            "revenue": 141267
        },
        "2005-12": {
            "month": "2005-12",
            "price": "18.74",
            "revenue": 134358
        },
        "2006-01": {
            "month": "2006-01",
            "price": "19.26",
            "revenue": 112187
        },
        "2006-02": {
            "month": "2006-02",
            "price": "18.66",
            "revenue": 103242
        },
        "2006-03": {
            "month": "2006-03",
            "price": "18.65",
            "revenue": 133961
        },
        "2006-04": {
            "month": "2006-04",
            "price": "20.21",
            "revenue": 136460
        },
        "2006-05": {
            "month": "2006-05",
            "price": "20.77",
            "revenue": 146925
        },
        "2006-06": {
            "month": "2006-06",
            "price": "20.11",
            "revenue": 141818
        },
        "2006-07": {
            "month": "2006-07",
            "price": "18.36",
            "revenue": 152083
        },
        "2006-08": {
            "month": "2006-08",
            "price": "18.48",
            "revenue": 142020
        },
        "2006-09": {
            "month": "2006-09",
            "price": "18.76",
            "revenue": 146080
        },
        "2006-10": {
            "month": "2006-10",
            "price": "19.86",
            "revenue": 125636
        },
        "2006-11": {
            "month": "2006-11",
            "price": "20.26",
            "revenue": 98938
        },
        "2006-12": {
            "month": "2006-12",
            "price": "20.47",
            "revenue": 97347
        },
        "2007-01": {
            "month": "2007-01",
            "price": "19.87",
            "revenue": 120990
        },
        "2007-02": {
            "month": "2007-02",
            "price": "19.22",
            "revenue": 87240
        },
        "2007-03": {
            "month": "2007-03",
            "price": "19.63",
            "revenue": 141900
        },
        "2007-04": {
            "month": "2007-04",
            "price": "19.96",
            "revenue": 157987
        },
        "2007-05": {
            "month": "2007-05",
            "price": "19.95",
            "revenue": 151319
        },
        "2007-06": {
            "month": "2007-06",
            "price": "20.98",
            "revenue": 136502
        },
        "2007-07": {
            "month": "2007-07",
            "price": "23.01",
            "revenue": 153187
        },
        "2007-08": {
            "month": "2007-08",
            "price": "19.31",
            "revenue": 145656
        },
        "2007-09": {
            "month": "2007-09",
            "price": "17.88",
            "revenue": 138020
        },
        "2007-10": {
            "month": "2007-10",
            "price": "17.66",
            "revenue": 121462
        },
        "2007-11": {
            "month": "2007-11",
            "price": "16.35",
            "revenue": 122401
        },
        "2007-12": {
            "month": "2007-12",
            "price": "15.48",
            "revenue": 124164
        },
        "2008-01": {
            "month": "2008-01",
            "price": "14.87",
            "revenue": 132817
        },
        "2008-02": {
            "month": "2008-02",
            "price": "14.81",
            "revenue": 104901
        },
        "2008-03": {
            "month": "2008-03",
            "price": "15.07",
            "revenue": 140668
        },
        "2008-04": {
            "month": "2008-04",
            "price": "15.95",
            "revenue": 145663
        },
        "2008-05": {
            "month": "2008-05",
            "price": "16.37",
            "revenue": 151030
        },
        "2008-06": {
            "month": "2008-06",
            "price": "15.17",
            "revenue": 146167
        },
        "2008-07": {
            "month": "2008-07",
            "price": "12.61",
            "revenue": 151503
        },
        "2008-08": {
            "month": "2008-08",
            "price": "13.56",
            "revenue": 145166
        },
        "2008-09": {
            "month": "2008-09",
            "price": "12.17",
            "revenue": 132585
        },
        "2008-10": {
            "month": "2008-10",
            "price": "11.42",
            "revenue": 89944
        },
        "2008-11": {
            "month": "2008-11",
            "price": "9.82",
            "revenue": 80211
        },
        "2008-12": {
            "month": "2008-12",
            "price": "8.50",
            "revenue": 64996
        },
        "2009-01": {
            "month": "2009-01",
            "price": "8.01",
            "revenue": 43804
        },
        "2009-02": {
            "month": "2009-02",
            "price": "8.06",
            "revenue": 78040
        },
        "2009-03": {
            "month": "2009-03",
            "price": "9.16",
            "revenue": 100952
        },
        "2009-04": {
            "month": "2009-04",
            "price": "11.14",
            "revenue": 101713
        },
        "2009-05": {
            "month": "2009-05",
            "price": "11.80",
            "revenue": 104656
        },
        "2009-06": {
            "month": "2009-06",
            "price": "12.16",
            "revenue": 115713
        },
        "2009-07": {
            "month": "2009-07",
            "price": "13.60",
            "revenue": 116429
        },
        "2009-08": {
            "month": "2009-08",
            "price": "14.40",
            "revenue": 134518
        },
        "2009-09": {
            "month": "2009-09",
            "price": "18.96",
            "revenue": 148791
        },
        "2009-10": {
            "month": "2009-10",
            "price": "22.80",
            "revenue": 135454
        },
        "2009-11": {
            "month": "2009-11",
            "price": "24.44",
            "revenue": 147132
        },
        "2009-12": {
            "month": "2009-12",
            "price": "27.16",
            "revenue": 146815
        },
        "2010-01": {
            "month": "2010-01",
            "price": "31.06",
            "revenue": 156388
        },
        "2010-02": {
            "month": "2010-02",
            "price": "29.99",
            "revenue": 122516
        },
        "2010-03": {
            "month": "2010-03",
            "price": "35.68",
            "revenue": 182199
        },
        "2010-04": {
            "month": "2010-04",
            "price": "38.38",
            "revenue": 180798
        },
        "2010-05": {
            "month": "2010-05",
            "price": "35.95",
            "revenue": 174883
        },
        "2010-06": {
            "month": "2010-06",
            "price": "34.93",
            "revenue": 160802
        },
        "2010-07": {
            "month": "2010-07",
            "price": "36.03",
            "revenue": 160153
        },
        "2010-08": {
            "month": "2010-08",
            "price": "40.60",
            "revenue": 146367
        },
        "2010-09": {
            "month": "2010-09",
            "price": "42.94",
            "revenue": 132427
        },
        "2010-10": {
            "month": "2010-10",
            "price": "47.07",
            "revenue": 127576
        },
        "2010-11": {
            "month": "2010-11",
            "price": "54.70",
            "revenue": 150036
        },
        "2010-12": {
            "month": "2010-12",
            "price": "78.18",
            "revenue": 155042
        },
        "2011-01": {
            "month": "2011-01",
            "price": "71.28",
            "revenue": 155963
        },
        "2011-02": {
            "month": "2011-02",
            "price": "67.34",
            "revenue": 141670
        },
        "2011-03": {
            "month": "2011-03",
            "price": "62.65",
            "revenue": 189827
        },
        "2011-04": {
            "month": "2011-04",
            "price": "59.15",
            "revenue": 198194
        },
        "2011-05": {
            "month": "2011-05",
            "price": "61.03",
            "revenue": 185830
        },
        "2011-06": {
            "month": "2011-06",
            "price": "52.45",
            "revenue": 165289
        },
        "2011-07": {
            "month": "2011-07",
            "price": "42.17",
            "revenue": 152110
        },
        "2011-08": {
            "month": "2011-08",
            "price": "31.14",
            "revenue": 155222
        },
        "2011-09": {
            "month": "2011-09",
            "price": "27.24",
            "revenue": 137162
        },
        "2011-10": {
            "month": "2011-10",
            "price": "25.02",
            "revenue": 147782
        },
        "2011-11": {
            "month": "2011-11",
            "price": "22.55",
            "revenue": 140953
        },
        "2011-12": {
            "month": "2011-12",
            "price": "19.48",
            "revenue": 154479
        },
        "2012-01": {
            "month": "2012-01",
            "price": "21.36",
            "revenue": 118167
        },
        "2012-02": {
            "month": "2012-02",
            "price": "24.64",
            "revenue": 167097
        },
        "2012-03": {
            "month": "2012-03",
            "price": "26.72",
            "revenue": 185935
        },
        "2012-04": {
            "month": "2012-04",
            "price": "26.57",
            "revenue": 185999
        },
        "2012-05": {
            "month": "2012-05",
            "price": "24.05",
            "revenue": 196168
        },
        "2012-06": {
            "month": "2012-06",
            "price": "20.52",
            "revenue": 177913
        },
        "2012-07": {
            "month": "2012-07",
            "price": "20.57",
            "revenue": 178601
        },
        "2012-08": {
            "month": "2012-08",
            "price": "19.73",
            "revenue": 184371
        },
        "2012-09": {
            "month": "2012-09",
            "price": "18.82",
            "revenue": 168084
        },
        "2012-10": {
            "month": "2012-10",
            "price": "16.53",
            "revenue": 155240
        },
        "2012-11": {
            "month": "2012-11",
            "price": "15.25",
            "revenue": 154983
        },
        "2012-12": {
            "month": "2012-12",
            "price": "16.22",
            "revenue": 175298
        },
        "2013-01": {
            "month": "2013-01",
            "price": "16.86",
            "revenue": 195652
        },
        "2013-02": {
            "month": "2013-02",
            "price": "17.17",
            "revenue": 129304
        },
        "2013-03": {
            "month": "2013-03",
            "price": "18.44",
            "revenue": 177282
        },
        "2013-04": {
            "month": "2013-04",
            "price": "18.98",
            "revenue": 185213
        },
        "2013-05": {
            "month": "2013-05",
            "price": "20.73",
            "revenue": 187677
        },
        "2013-06": {
            "month": "2013-06",
            "price": "22.91",
            "revenue": 178413
        },
        "2013-07": {
            "month": "2013-07",
            "price": "22.83",
            "revenue": 190733
        },
        "2013-08": {
            "month": "2013-08",
            "price": "22.44",
            "revenue": 169634
        },
        "2013-09": {
            "month": "2013-09",
            "price": "20.21",
            "revenue": 189108
        },
        "2013-10": {
            "month": "2013-10",
            "price": "21.82",
            "revenue": 180552
        },
        "2013-11": {
            "month": "2013-11",
            "price": "21.00",
            "revenue": 161495
        },
        "2013-12": {
            "month": "2013-12",
            "price": "20.69",
            "revenue": 195037
        },
        "2014-01": {
            "month": "2014-01",
            "price": "22.44",
            "revenue": 168191
        },
        "2014-02": {
            "month": "2014-02",
            "price": "22.40",
            "revenue": 135385
        },
        "2014-03": {
            "month": "2014-03",
            "price": "22.76",
            "revenue": 192830
        },
        "2014-04": {
            "month": "2014-04",
            "price": "22.97",
            "revenue": 196228
        },
        "2014-05": {
            "month": "2014-05",
            "price": "22.50",
            "revenue": 184437
        },
        "2014-06": {
            "month": "2014-06",
            "price": "22.57",
            "revenue": 181828
        },
        "2014-07": {
            "month": "2014-07",
            "price": "20.60",
            "revenue": 177697
        },
        "2014-08": {
            "month": "2014-08",
            "price": "19.32",
            "revenue": 141664
        },
        "2014-09": {
            "month": "2014-09",
            "price": "18.69",
            "revenue": 165891
        },
        "2014-10": {
            "month": "2014-10",
            "price": "17.39",
            "revenue": 155050
        },
        "2014-11": {
            "month": "2014-11",
            "price": "16.88",
            "revenue": 167428
        },
        "2014-12": {
            "month": "2014-12",
            "price": "17.43",
            "revenue": 177161
        },
        "2015-01": {
            "month": "2015-01",
            "price": "17.74",
            "revenue": 192986
        },
        "2015-02": {
            "month": "2015-02",
            "price": "17.75",
            "revenue": 122662
        },
        "2015-03": {
            "month": "2015-03",
            "price": "19.15",
            "revenue": 176262
        },
        "2015-04": {
            "month": "2015-04",
            "price": "20.15",
            "revenue": 183709
        },
        "2015-05": {
            "month": "2015-05",
            "price": "20.83",
            "revenue": 186442
        },
        "2015-06": {
            "month": "2015-06",
            "price": "22.46",
            "revenue": 141472
        },
        "2015-07": {
            "month": "2015-07",
            "price": "21.15",
            "revenue": 154815
        },
        "2015-08": {
            "month": "2015-08",
            "price": "19.20",
            "revenue": 165944
        },
        "2015-09": {
            "month": "2015-09",
            "price": "20.28",
            "revenue": 158785
        },
        "2015-10": {
            "month": "2015-10",
            "price": "22.52",
            "revenue": 145433
        },
        "2015-11": {
            "month": "2015-11",
            "price": "22.13",
            "revenue": 144920
        },
        "2015-12": {
            "month": "2015-12",
            "price": "22.59",
            "revenue": 164239
        },
        "2016-01": {
            "month": "2016-01",
            "price": "22.22",
            "revenue": 179000
        },
        "2016-02": {
            "month": "2016-02",
            "price": "24.75",
            "revenue": 100649
        },
        "2016-03": {
            "month": "2016-03",
            "price": "27.17",
            "revenue": 157077
        },
        "2016-04": {
            "month": "2016-04",
            "price": "26.35",
            "revenue": 177372
        },
        "2016-05": {
            "month": "2016-05",
            "price": "25.83",
            "revenue": 168767
        },
        "2016-06": {
            "month": "2016-06",
            "price": "25.29",
            "revenue": 139508
        },
        "2016-07": {
            "month": "2016-07",
            "price": "24.06",
            "revenue": 143205
        },
        "2016-08": {
            "month": "2016-08",
            "price": "23.95",
            "revenue": 150396
        },
        "2016-09": {
            "month": "2016-09",
            "price": "23.19",
            "revenue": 141992
        },
        "2016-10": {
            "month": "2016-10",
            "price": "22.98",
            "revenue": 165604
        },
        "2016-11": {
            "month": "2016-11",
            "price": "23.23",
            "revenue": 173365
        },
        "2016-12": {
            "month": "2016-12",
            "price": "24.92",
            "revenue": 168242
        },
        "2017-01": {
            "month": "2017-01",
            "price": "25.46",
            "revenue": 138953
        },
        "2017-02": {
            "month": "2017-02",
            "price": "25.15",
            "revenue": 135950
        },
        "2017-03": {
            "month": "2017-03",
            "price": "26.19",
            "revenue": 175074
        },
        "2017-04": {
            "month": "2017-04",
            "price": "26.37",
            "revenue": 173265
        },
        "2017-05": {
            "month": "2017-05",
            "price": "26.80",
            "revenue": 143276
        },
        "2017-06": {
            "month": "2017-06",
            "price": "26.85",
            "revenue": 138089
        },
        "2017-07": {
            "month": "2017-07",
            "price": "24.74",
            "revenue": 163032
        },
        "2017-08": {
            "month": "2017-08",
            "price": "24.30",
            "revenue": 161004
        },
        "2017-09": {
            "month": "2017-09",
            "price": "24.67",
            "revenue": 173962
        },
        "2017-10": {
            "month": "2017-10",
            "price": "24.41",
            "revenue": 157768
        },
        "2017-11": {
            "month": "2017-11",
            "price": "24.31",
            "revenue": 180314
        },
        "2017-12": {
            "month": "2017-12",
            "price": "23.91",
            "revenue": 191190
        },
        "2018-01": {
            "month": "2018-01",
            "price": "24.55",
            "revenue": 194862
        },
        "2018-02": {
            "month": "2018-02",
            "price": "23.98",
            "revenue": 135757
        },
        "2018-03": {
            "month": "2018-03",
            "price": "24.97",
            "revenue": 213133
        },
        "2018-04": {
            "month": "2018-04",
            "price": "25.78",
            "revenue": 172455
        },
        "2018-05": {
            "month": "2018-05",
            "price": "25.20",
            "revenue": 159865
        },
        "2018-06": {
            "month": "2018-06",
            "price": "24.07",
            "revenue": 176459
        },
        "2018-07": {
            "month": "2018-07",
            "price": "22.92",
            "revenue": 147301
        },
        "2018-08": {
            "month": "2018-08",
            "price": "21.99",
            "revenue": 165060
        },
        "2018-09": {
            "month": "2018-09",
            "price": "20.45",
            "revenue": 134020
        },
        "2018-10": {
            "month": "2018-10",
            "price": "19.75",
            "revenue": 139440
        },
        "2018-11": {
            "month": "2018-11",
            "price": "20.01",
            "revenue": 145949
        },
        "2018-12": {
            "month": "2018-12",
            "price": "20.52",
            "revenue": 130791
        },
        "2019-01": {
            "month": "2019-01",
            "price": "20.69",
            "revenue": 124138
        },
        "2019-02": {
            "month": "2019-02",
            "price": "20.95",
            "revenue": 100511
        },
        "2019-03": {
            "month": "2019-03",
            "price": "20.79",
            "revenue": 147497
        },
        "2019-04": {
            "month": "2019-04",
            "price": "20.02",
            "revenue": 141394
        },
        "2019-05": {
            "month": "2019-05",
            "price": "19.47",
            "revenue": 139004
        },
        "2019-06": {
            "month": "2019-06",
            "price": "19.15",
            "revenue": 136799
        },
        "2019-07": {
            "month": "2019-07",
            "price": "18.37",
            "revenue": 152600
        },
        "2019-08": {
            "month": "2019-08",
            "price": "18.14",
            "revenue": 145058
        },
        "2019-09": {
            "month": "2019-09",
            "price": "18.53",
            "revenue": 145697
        },
        "2019-10": {
            "month": "2019-10",
            "price": "19.36",
            "revenue": 152804
        },
        "2019-11": {
            "month": "2019-11",
            "price": "20.14",
            "revenue": 157458
        },
        "2019-12": {
            "month": "2019-12",
            "price": "20.20",
            "revenue": 130824
        },
        "2020-01": {
            "month": "2020-01",
            "price": "20.03",
            "revenue": 109776
        },
        "2020-02": {
            "month": "2020-02",
            "price": "18.99",
            "revenue": 99424
        },
        "2020-03": {
            "month": "2020-03",
            "price": "17.35",
            "revenue": 129236
        },
        "2020-04": {
            "month": "2020-04",
            "price": "18.46",
            "revenue": 133265
        },
        "2020-05": {
            "month": "2020-05",
            "price": "19.91",
            "revenue": 145600
        },
        "2020-06": {
            "month": "2020-06",
            "price": "21.18",
            "revenue": 124115
        },
        "2020-07": {
            "month": "2020-07",
            "price": "20.64",
            "revenue": 121558
        },
        "2020-08": {
            "month": "2020-08",
            "price": "20.50",
            "revenue": 131028
        },
        "2020-09": {
            "month": "2020-09",
            "price": "21.78",
            "revenue": 142978
        },
        "2020-10": {
            "month": "2020-10",
            "price": "22.28",
            "revenue": 147602
        },
        "2020-11": {
            "month": "2020-11",
            "price": "22.36",
            "revenue": 160072
        },
        "2020-12": {
            "month": "2020-12",
            "price": "23.32",
            "revenue": 196264
        },
        "2021-01": {
            "month": "2021-01",
            "price": "24.27",
            "revenue": 228246
        },
        "2021-02": {
            "month": "2021-02",
            "price": "27.27",
            "revenue": 145255
        },
        "2021-03": {
            "month": "2021-03",
            "price": "33.12",
            "revenue": 257847
        },
        "2021-04": {
            "month": "2021-04",
            "price": "43.86",
            "revenue": 258494
        },
        "2021-05": {
            "month": "2021-05",
            "price": "41.42",
            "revenue": 242710
        },
        "2021-06": {
            "month": "2021-06",
            "price": "43.15",
            "revenue": 178514
        },
        "2021-07": {
            "month": "2021-07",
            "price": "41.50",
            "revenue": 171157
        },
        "2021-08": {
            "month": "2021-08",
            "price": "36.48",
            "revenue": 196402
        },
        "2021-09": {
            "month": "2021-09",
            "price": "37.02",
            "revenue": 186030
        },
        "2021-10": {
            "month": "2021-10",
            "price": "34.98",
            "revenue": 188961
        },
        "2021-11": {
            "month": "2021-11",
            "price": "36.63",
            "revenue": 197557
        },
        "2021-12": {
            "month": "2021-12",
            "price": "37.69",
            "revenue": 208095
        },
        "2022-01": {
            "month": "2022-01",
            "price": "37.36",
            "revenue": 157418
        },
        "2022-02": {
            "month": "2022-02",
            "price": "36.77",
            "revenue": 136959
        },
        "2022-03": {
            "month": "2022-03",
            "price": "37.31",
            "revenue": 177024
        },
        "2022-04": {
            "month": "2022-04",
            "price": "34.35",
            "revenue": 146618
        },
        "2022-05": {
            "month": "2022-05",
            "price": "30.10",
            "revenue": 146561
        },
        "2022-06": {
            "month": "2022-06",
            "price": "28.29",
            "revenue": 129907
        },
        "2022-07": {
            "month": "2022-07",
            "price": "25.82",
            "revenue": 136829
        },
        "2022-08": {
            "month": "2022-08",
            "price": "26.76",
            "revenue": 125977
        },
        "2022-09": {
            "month": "2022-09",
            "price": "26.80",
            "revenue": 133500
        },
        "2022-10": {
            "month": "2022-10",
            "price": "24.72",
            "revenue": 129622
        },
        "2022-11": {
            "month": "2022-11",
            "price": "24.11",
            "revenue": 147647
        },
        "2022-12": {
            "month": "2022-12",
            "price": "25.85",
            "revenue": 131780
        },
        "2023-01": {
            "month": "2023-01",
            "price": "26.63",
            "revenue": 115215
        },
        "2023-02": {
            "month": "2023-02",
            "price": "26.98",
            "revenue": 135621
        },
        "2023-03": {
            "month": "2023-03",
            "price": "28.65",
            "revenue": 141646
        },
        "2023-04": {
            "month": "2023-04",
            "price": "28.68",
            "revenue": 124646
        },
        "2023-05": {
            "month": "2023-05",
            "price": "29.48",
            "revenue": 122600
        },
        "2023-06": {
            "month": "2023-06",
            "price": "28.72",
            "revenue": 121283
        },
        "2023-07": {
            "month": "2023-07",
            "price": "26.89",
            "revenue": 131452
        },
        "2023-08": {
            "month": "2023-08",
            "price": "26.36",
            "revenue": 142779
        },
        "2023-09": {
            "month": "2023-09",
            "price": "26.50",
            "revenue": 124034
        },
        "2023-10": {
            "month": "2023-10",
            "price": "26.19",
            "revenue": 124161
        },
        "2023-11": {
            "month": "2023-11",
            "price": "25.92",
            "revenue": 130808
        },
        "2023-12": {
            "month": "2023-12",
            "price": "26.84",
            "revenue": 145623
        }
    }
}
