{
    "summary": {
        "stock_name": "百一",
        "stock_id": "6152",
        "category": "通信網路",
        "main_business": "有線通信機械器材製造業<br>無線通信機械器材製造業<br>電信管制射頻器材製造業及輸入業",
        "website_url": "http://www.pesi.com.tw",
        "ceo": "謝恆榮",
        "pe_ratio": -85,
        "report_year_from": 2001,
        "report_year_to": 2023,
        "age": 23,
        "eps_negative_percentage": 35,
        "eps_growth_avg": {
            "last_all": -12.71,
            "last_2y": -20.51,
            "last_4y": 0.24,
            "last_8y": 0.24,
            "last_12y": -14.51,
            "last_16y": -1.25,
            "last_20y": -6.47,
            "at_2006_last_3y": -37.77,
            "at_2007_last_3y": 8.15,
            "at_2008_last_3y": -16.82,
            "at_2009_last_3y": 31.89,
            "at_2010_last_3y": 25.25,
            "at_2011_last_3y": 3.56,
            "at_2012_last_3y": 14.28,
            "at_2013_last_3y": -2.92,
            "at_2014_last_3y": -29.25,
            "at_2015_last_3y": -43.41,
            "at_2016_last_3y": -61.34,
            "at_2017_last_3y": -100,
            "at_2018_last_3y": null,
            "at_2019_last_3y": null,
            "at_2020_last_3y": 62.5,
            "at_2021_last_3y": 0.48,
            "at_2022_last_3y": 33.65,
            "at_2023_last_3y": 0.24,
            "at_2024_last_3y": 0.24,
            "at_2006_last_all": -58.52,
            "at_2007_last_all": -18.89,
            "at_2008_last_all": -25.2,
            "at_2009_last_all": -13.31,
            "at_2010_last_all": -10.65,
            "at_2011_last_all": -7.67,
            "at_2012_last_all": -7.65,
            "at_2013_last_all": -9.16,
            "at_2014_last_all": -17.42,
            "at_2015_last_all": -17.42,
            "at_2016_last_all": -17.42,
            "at_2017_last_all": -17.42,
            "at_2018_last_all": -17.42,
            "at_2019_last_all": -17.42,
            "at_2020_last_all": -10.76,
            "at_2021_last_all": -14.66,
            "at_2022_last_all": -6.47,
            "at_2023_last_all": -12.71,
            "at_2024_last_all": -12.71
        },
        "latest_eps": -0.12,
        "latest_price": 10.2,
        "latest_roe": -1.45,
        "latest_gross_margin": 20.76,
        "latest_equity": 1508543,
        "latest_revenue": 533257,
        "latest_gross_profit": 110707,
        "latest_net_income": -9865,
        "latest_debt_ratio": 45.72,
        "latest_current_ratio": 189.59,
        "latest_account_receivable_turnover_ratio": 1.2,
        "latest_inventory_turnover_ratio": 0.65,
        "latest_reinvestment_rate": -178.92,
        "latest_research_to_sale_ratio": 11.13
    },
    "eps_dividends": {
        "2000": {
            "cash": 0,
            "stock": 8,
            "eps": 0
        },
        "2001": {
            "cash": 0,
            "stock": 1.9,
            "eps": 2.4
        },
        "2002": {
            "cash": 0.5,
            "stock": 2.5,
            "eps": -0.18
        },
        "2003": {
            "cash": 0,
            "stock": 0,
            "eps": 3.19
        },
        "2004": {
            "cash": 0.5,
            "stock": 1.8,
            "eps": 3.97
        },
        "2005": {
            "cash": 0.99,
            "stock": 1.19,
            "eps": -2.04
        },
        "2006": {
            "cash": 0,
            "stock": 0,
            "eps": 0.07
        },
        "2007": {
            "cash": 0,
            "stock": 0,
            "eps": 3.37
        },
        "2008": {
            "cash": 1,
            "stock": 1.2,
            "eps": 1.67
        },
        "2009": {
            "cash": 1,
            "stock": 0.5,
            "eps": 2.44
        },
        "2010": {
            "cash": 1.2,
            "stock": 0.8,
            "eps": 2.57
        },
        "2011": {
            "cash": 3.3200000000000003,
            "stock": 0.51,
            "eps": 2.91
        },
        "2012": {
            "cash": 0,
            "stock": 0,
            "eps": 2.69
        },
        "2013": {
            "cash": 1.5,
            "stock": 0.5,
            "eps": 2.08
        },
        "2014": {
            "cash": 1.5,
            "stock": 0,
            "eps": -1.6
        },
        "2015": {
            "cash": 0,
            "stock": 0,
            "eps": -1.97
        },
        "2016": {
            "cash": 0,
            "stock": 0,
            "eps": -0.31
        },
        "2017": {
            "cash": 0,
            "stock": 0,
            "eps": -1.16
        },
        "2018": {
            "cash": 0,
            "stock": 0,
            "eps": -3.53
        },
        "2019": {
            "cash": 0,
            "stock": 0,
            "eps": 0.08
        },
        "2020": {
            "cash": 0,
            "stock": 0,
            "eps": 0.13
        },
        "2021": {
            "cash": 0,
            "stock": 0,
            "eps": 0.05
        },
        "2022": {
            "cash": 0,
            "stock": 0,
            "eps": 0.81
        },
        "2023": {
            "cash": 0,
            "stock": 0,
            "eps": -0.12
        }
    },
    "dividends": {
        "2000-05-25": {
            "cash": 0,
            "stock": 8
        },
        "2001-04-09": {
            "cash": 0,
            "stock": 1.9
        },
        "2002-06-18": {
            "cash": 0.5,
            "stock": 2.5
        },
        "2004-03-19": {
            "cash": 0.5,
            "stock": 1.8
        },
        "2005-03-11": {
            "cash": 0.99,
            "stock": 1.19
        },
        "2008-03-31": {
            "cash": 1,
            "stock": 1.2
        },
        "2009-04-10": {
            "cash": 1,
            "stock": 0.5
        },
        "2010-04-12": {
            "cash": 1.2,
            "stock": 0.8
        },
        "2011-01-01": {
            "cash": 1.51,
            "stock": 0.51
        },
        "2011-04-11": {
            "cash": 1.81,
            "stock": 0
        },
        "2013-04-11": {
            "cash": 1.5,
            "stock": 0.5
        },
        "2014-08-08": {
            "cash": 1.5,
            "stock": 0
        }
    },
    "prices": {
        "200101": "無",
        "200102": "無",
        "200103": "無",
        "200104": "無",
        "200105": "無",
        "200106": "無",
        "200107": "無",
        "200108": "無",
        "200109": "無",
        "200110": "無",
        "200111": "無",
        "200112": "無",
        "200201": "無",
        "200202": "無",
        "200203": "無",
        "200204": "77.75",
        "200205": "57.95",
        "200206": "43.46",
        "200207": "29.88",
        "200208": "28.81",
        "200209": "25.27",
        "200210": "20.76",
        "200211": "21.39",
        "200212": "25.08",
        "200301": "22.08",
        "200302": "20.57",
        "200303": "19.55",
        "200304": "20.57",
        "200305": "25.93",
        "200306": "34.12",
        "200307": "32.46",
        "200308": "36.98",
        "200309": "42.32",
        "200310": "48.75",
        "200311": "55.95",
        "200312": "59.96",
        "200401": "69.07",
        "200402": "80.12",
        "200403": "76.93",
        "200404": "67.23",
        "200405": "57.60",
        "200406": "62.02",
        "200407": "54.60",
        "200408": "48.45",
        "200409": "51.38",
        "200410": "46.84",
        "200411": "42.66",
        "200412": "42.45",
        "200501": "40.20",
        "200502": "41.44",
        "200503": "40.49",
        "200504": "33.28",
        "200505": "26.18",
        "200506": "26.51",
        "200507": "22.91",
        "200508": "20.15",
        "200509": "20.09",
        "200510": "16.67",
        "200511": "16.57",
        "200512": "24.19",
        "200601": "32.23",
        "200602": "26.11",
        "200603": "25.04",
        "200604": "26.13",
        "200605": "23.61",
        "200606": "20.21",
        "200607": "19.27",
        "200608": "18.80",
        "200609": "17.52",
        "200610": "20.35",
        "200611": "22.81",
        "200612": "23.92",
        "200701": "22.93",
        "200702": "23.78",
        "200703": "33.62",
        "200704": "39.19",
        "200705": "40.67",
        "200706": "45.14",
        "200707": "52.35",
        "200708": "54.09",
        "200709": "56.25",
        "200710": "51.04",
        "200711": "39.89",
        "200712": "36.10",
        "200801": "31.94",
        "200802": "30.04",
        "200803": "30.58",
        "200804": "31.34",
        "200805": "33.24",
        "200806": "26.52",
        "200807": "24.10",
        "200808": "21.56",
        "200809": "18.42",
        "200810": "14.19",
        "200811": "12.75",
        "200812": "14.86",
        "200901": "16.83",
        "200902": "17.82",
        "200903": "22.03",
        "200904": "26.15",
        "200905": "34.40",
        "200906": "31.73",
        "200907": "34.24",
        "200908": "33.43",
        "200909": "35.35",
        "200910": "35.51",
        "200911": "35.85",
        "200912": "38.47",
        "201001": "36.88",
        "201002": "31.94",
        "201003": "34.40",
        "201004": "34.46",
        "201005": "31.42",
        "201006": "30.60",
        "201007": "31.84",
        "201008": "30.32",
        "201009": "30.53",
        "201010": "30.00",
        "201011": "28.40",
        "201012": "29.98",
        "201101": "28.77",
        "201102": "26.92",
        "201103": "25.55",
        "201104": "27.02",
        "201105": "28.14",
        "201106": "28.27",
        "201107": "28.37",
        "201108": "25.84",
        "201109": "24.64",
        "201110": "25.16",
        "201111": "24.65",
        "201112": "22.63",
        "201201": "23.14",
        "201202": "25.78",
        "201203": "26.58",
        "201204": "24.69",
        "201205": "24.70",
        "201206": "24.46",
        "201207": "26.10",
        "201208": "26.13",
        "201209": "27.11",
        "201210": "26.82",
        "201211": "25.57",
        "201212": "25.70",
        "201301": "26.45",
        "201302": "27.05",
        "201303": "26.88",
        "201304": "26.39",
        "201305": "27.42",
        "201306": "27.75",
        "201307": "27.47",
        "201308": "24.63",
        "201309": "24.63",
        "201310": "23.23",
        "201311": "22.18",
        "201312": "22.07",
        "201401": "23.48",
        "201402": "22.77",
        "201403": "22.60",
        "201404": "22.59",
        "201405": "21.54",
        "201406": "20.52",
        "201407": "18.52",
        "201408": "15.91",
        "201409": "15.27",
        "201410": "12.78",
        "201411": "12.74",
        "201412": "13.52",
        "201501": "13.84",
        "201502": "13.32",
        "201503": "13.01",
        "201504": "11.84",
        "201505": "11.35",
        "201506": "9.72",
        "201507": "9.19",
        "201508": "7.76",
        "201509": "7.70",
        "201510": "8.84",
        "201511": "7.55",
        "201512": "7.11",
        "201601": "7.09",
        "201602": "7.80",
        "201603": "10.49",
        "201604": "11.24",
        "201605": "10.26",
        "201606": "10.29",
        "201607": "10.30",
        "201608": "10.03",
        "201609": "9.68",
        "201610": "9.57",
        "201611": "9.33",
        "201612": "9.89",
        "201701": "9.98",
        "201702": "10.20",
        "201703": "10.17",
        "201704": "9.69",
        "201705": "9.30",
        "201706": "9.61",
        "201707": "9.76",
        "201708": "9.30",
        "201709": "9.37",
        "201710": "9.16",
        "201711": "8.89",
        "201712": "8.46",
        "201801": "9.02",
        "201802": "8.35",
        "201803": "8.31",
        "201804": "7.96",
        "201805": "7.44",
        "201806": "8.76",
        "201807": "7.91",
        "201808": "7.14",
        "201809": "6.20",
        "201810": "4.76",
        "201811": "4.50",
        "201812": "4.62",
        "201901": "4.53",
        "201902": "4.86",
        "201903": "4.74",
        "201904": "4.82",
        "201905": "4.74",
        "201906": "4.98",
        "201907": "5.97",
        "201908": "6.39",
        "201909": "7.22",
        "201910": "7.07",
        "201911": "7.01",
        "201912": "7.15",
        "202001": "7.13",
        "202002": "6.38",
        "202003": "5.02",
        "202004": "5.60",
        "202005": "6.11",
        "202006": "6.01",
        "202007": "6.70",
        "202008": "7.40",
        "202009": "8.88",
        "202010": "9.36",
        "202011": "11.34",
        "202012": "12.85",
        "202101": "11.60",
        "202102": "9.86",
        "202103": "10.48",
        "202104": "12.33",
        "202105": "10.64",
        "202106": "10.32",
        "202107": "9.97",
        "202108": "8.74",
        "202109": "8.31",
        "202110": "8.34",
        "202111": "10.10",
        "202112": "11.71",
        "202201": "11.48",
        "202202": "10.55",
        "202203": "9.80",
        "202204": "9.17",
        "202205": "9.17",
        "202206": "9.61",
        "202207": "9.66",
        "202208": "10.89",
        "202209": "11.08",
        "202210": "9.94",
        "202211": "10.73",
        "202212": "10.38",
        "202301": "9.89",
        "202302": "9.99",
        "202303": "10.39",
        "202304": "11.90",
        "202305": "10.96",
        "202306": "10.41",
        "202307": "10.33",
        "202308": "10.29",
        "202309": "10.17",
        "202310": "9.60",
        "202311": "9.82",
        "202312": "10.30"
    },
    "quarters": {
        "20011": {
            "year_quarter": 20011,
            "year": 2001,
            "quarter": 1,
            "eps": 0.5,
            "eps_growth_year": null,
            "eps_4q": null,
            "eps_4q_growth_year": null,
            "roe": 3.45,
            "roe_4q": 3.45,
            "gross_profit": 38590,
            "gross_margin": 15.19,
            "gross_margin_4q_avg": 15.19,
            "net_income": 11902,
            "net_income_4q": null,
            "revenue": 254023,
            "revenue_4q": null,
            "common_shares": 240000,
            "book_valuer_per_share": 14.66,
            "book_valuer_per_share_4q_avg": 14.66,
            "equity": 351782,
            "current_ratio": 165.3,
            "debt_ratio": 53.47,
            "inventory_turnover_ratio": 0.95,
            "account_receivable_turnover_ratio": null,
            "reinvestment_rate": null,
            "research_to_sale_ratio": null,
            "price_fair": 0,
            "eps_avg_yearly": 0,
            "eps_latest_yearly": 0,
            "eps_growth_yearly": 0
        },
        "20012": {
            "year_quarter": 20012,
            "year": 2001,
            "quarter": 2,
            "eps": 0.37,
            "eps_growth_year": null,
            "eps_4q": null,
            "eps_4q_growth_year": null,
            "roe": 2.75,
            "roe_4q": 6.2,
            "gross_profit": 41960,
            "gross_margin": 19.39,
            "gross_margin_4q_avg": 17.29,
            "net_income": 10699,
            "net_income_4q": null,
            "revenue": 216436,
            "revenue_4q": null,
            "common_shares": 320000,
            "book_valuer_per_share": 13.37,
            "book_valuer_per_share_4q_avg": 14.02,
            "equity": 427730,
            "current_ratio": 235.38,
            "debt_ratio": 41.38,
            "inventory_turnover_ratio": 1.25,
            "account_receivable_turnover_ratio": null,
            "reinvestment_rate": null,
            "research_to_sale_ratio": null,
            "price_fair": 0,
            "eps_avg_yearly": 0,
            "eps_latest_yearly": 0,
            "eps_growth_yearly": 0
        },
        "20013": {
            "year_quarter": 20013,
            "year": 2001,
            "quarter": 3,
            "eps": 0.41,
            "eps_growth_year": null,
            "eps_4q": null,
            "eps_4q_growth_year": null,
            "roe": 3.01,
            "roe_4q": 9.21,
            "gross_profit": 57902,
            "gross_margin": 21.69,
            "gross_margin_4q_avg": 18.76,
            "net_income": 13069,
            "net_income_4q": null,
            "revenue": 266949,
            "revenue_4q": null,
            "common_shares": 320000,
            "book_valuer_per_share": 13.78,
            "book_valuer_per_share_4q_avg": 13.94,
            "equity": 440928,
            "current_ratio": 199.06,
            "debt_ratio": 46.64,
            "inventory_turnover_ratio": 2.02,
            "account_receivable_turnover_ratio": null,
            "reinvestment_rate": null,
            "research_to_sale_ratio": null,
            "price_fair": 0,
            "eps_avg_yearly": 0,
            "eps_latest_yearly": 0,
            "eps_growth_yearly": 0
        },
        "20014": {
            "year_quarter": 20014,
            "year": 2001,
            "quarter": 4,
            "eps": 1.12,
            "eps_growth_year": null,
            "eps_4q": 1.82,
            "eps_4q_growth_year": null,
            "roe": 9.21,
            "roe_4q": 18.42,
            "gross_profit": 158940,
            "gross_margin": 21.57,
            "gross_margin_4q_avg": 19.46,
            "net_income": 57076,
            "net_income_4q": null,
            "revenue": 736878,
            "revenue_4q": null,
            "common_shares": 462440,
            "book_valuer_per_share": 15.34,
            "book_valuer_per_share_4q_avg": 14.29,
            "equity": 798875,
            "current_ratio": 232.39,
            "debt_ratio": 40.79,
            "inventory_turnover_ratio": 2.46,
            "account_receivable_turnover_ratio": null,
            "reinvestment_rate": null,
            "research_to_sale_ratio": null,
            "price_fair": 0,
            "eps_avg_yearly": 0,
            "eps_latest_yearly": 0,
            "eps_growth_yearly": 0
        },
        "20021": {
            "year_quarter": 20021,
            "year": 2002,
            "quarter": 1,
            "eps": 0.42,
            "eps_growth_year": -16,
            "eps_4q": 1.89,
            "eps_4q_growth_year": null,
            "roe": 2.98,
            "roe_4q": 17.950000000000003,
            "gross_profit": 90090,
            "gross_margin": 22.63,
            "gross_margin_4q_avg": 21.32,
            "net_income": 23124,
            "net_income_4q": null,
            "revenue": 398024,
            "revenue_4q": null,
            "common_shares": 462440,
            "book_valuer_per_share": 16.27,
            "book_valuer_per_share_4q_avg": 14.69,
            "equity": 752372,
            "current_ratio": 222.87,
            "debt_ratio": 39.69,
            "inventory_turnover_ratio": 1.02,
            "account_receivable_turnover_ratio": null,
            "reinvestment_rate": null,
            "research_to_sale_ratio": null,
            "price_fair": 5.04,
            "eps_avg_yearly": 1.68,
            "eps_latest_yearly": 1.68,
            "eps_growth_yearly": -250
        },
        "20022": {
            "year_quarter": 20022,
            "year": 2002,
            "quarter": 2,
            "eps": -0.56,
            "eps_growth_year": -251.35,
            "eps_4q": 1.25,
            "eps_4q_growth_year": null,
            "roe": -4.29,
            "roe_4q": 10.91,
            "gross_profit": 49915,
            "gross_margin": 12.13,
            "gross_margin_4q_avg": 19.51,
            "net_income": -31762,
            "net_income_4q": null,
            "revenue": 411391,
            "revenue_4q": null,
            "common_shares": 491667,
            "book_valuer_per_share": 14.81,
            "book_valuer_per_share_4q_avg": 15.05,
            "equity": 728369,
            "current_ratio": 208.23,
            "debt_ratio": 40.61,
            "inventory_turnover_ratio": 2.03,
            "account_receivable_turnover_ratio": null,
            "reinvestment_rate": null,
            "research_to_sale_ratio": null,
            "price_fair": 5.04,
            "eps_avg_yearly": 1.68,
            "eps_latest_yearly": 1.68,
            "eps_growth_yearly": -250
        },
        "20023": {
            "year_quarter": 20023,
            "year": 2002,
            "quarter": 3,
            "eps": -0.02,
            "eps_growth_year": -104.88,
            "eps_4q": 0.82,
            "eps_4q_growth_year": null,
            "roe": -0.15,
            "roe_4q": 7.75,
            "gross_profit": 56200,
            "gross_margin": 15.01,
            "gross_margin_4q_avg": 17.84,
            "net_income": -1096,
            "net_income_4q": null,
            "revenue": 374433,
            "revenue_4q": null,
            "common_shares": 579667,
            "book_valuer_per_share": 12.57,
            "book_valuer_per_share_4q_avg": 14.75,
            "equity": 728915,
            "current_ratio": 188.69,
            "debt_ratio": 44.86,
            "inventory_turnover_ratio": 2.03,
            "account_receivable_turnover_ratio": null,
            "reinvestment_rate": null,
            "research_to_sale_ratio": null,
            "price_fair": 5.04,
            "eps_avg_yearly": 1.68,
            "eps_latest_yearly": 1.68,
            "eps_growth_yearly": -250
        },
        "20024": {
            "year_quarter": 20024,
            "year": 2002,
            "quarter": 4,
            "eps": -0.02,
            "eps_growth_year": -101.79,
            "eps_4q": -0.18,
            "eps_4q_growth_year": -109.98,
            "roe": -0.19,
            "roe_4q": -1.65,
            "gross_profit": 72367,
            "gross_margin": 15.34,
            "gross_margin_4q_avg": 16.28,
            "net_income": -1371,
            "net_income_4q": null,
            "revenue": 471720,
            "revenue_4q": null,
            "common_shares": 579667,
            "book_valuer_per_share": 12.55,
            "book_valuer_per_share_4q_avg": 14.05,
            "equity": 727462,
            "current_ratio": 186.99,
            "debt_ratio": 48.47,
            "inventory_turnover_ratio": 1.34,
            "account_receivable_turnover_ratio": null,
            "reinvestment_rate": null,
            "research_to_sale_ratio": null,
            "price_fair": 5.04,
            "eps_avg_yearly": 1.68,
            "eps_latest_yearly": 1.68,
            "eps_growth_yearly": -250
        },
        "20031": {
            "year_quarter": 20031,
            "year": 2003,
            "quarter": 1,
            "eps": -0.22,
            "eps_growth_year": -152.38,
            "eps_4q": -0.8,
            "eps_4q_growth_year": -142.61,
            "roe": -1.74,
            "roe_4q": -6.37,
            "gross_profit": 45288,
            "gross_margin": 9.45,
            "gross_margin_4q_avg": 12.98,
            "net_income": -12880,
            "net_income_4q": null,
            "revenue": 479111,
            "revenue_4q": null,
            "common_shares": 596334,
            "book_valuer_per_share": 12.7,
            "book_valuer_per_share_4q_avg": 13.16,
            "equity": 757196,
            "current_ratio": 176.4,
            "debt_ratio": 47.86,
            "inventory_turnover_ratio": 1.53,
            "account_receivable_turnover_ratio": null,
            "reinvestment_rate": null,
            "research_to_sale_ratio": null,
            "price_fair": 5.04,
            "eps_avg_yearly": 1.68,
            "eps_latest_yearly": 1.68,
            "eps_growth_yearly": -250
        },
        "20032": {
            "year_quarter": 20032,
            "year": 2003,
            "quarter": 2,
            "eps": 0.56,
            "eps_growth_year": null,
            "eps_4q": 0.3,
            "eps_4q_growth_year": -75.74,
            "roe": 4.33,
            "roe_4q": 2.25,
            "gross_profit": 118136,
            "gross_margin": 14.13,
            "gross_margin_4q_avg": 13.48,
            "net_income": 33507,
            "net_income_4q": null,
            "revenue": 836116,
            "revenue_4q": null,
            "common_shares": 596334,
            "book_valuer_per_share": 13.26,
            "book_valuer_per_share_4q_avg": 12.77,
            "equity": 790528,
            "current_ratio": 172.91,
            "debt_ratio": 50.8,
            "inventory_turnover_ratio": 6.44,
            "account_receivable_turnover_ratio": null,
            "reinvestment_rate": null,
            "research_to_sale_ratio": null,
            "price_fair": 5.04,
            "eps_avg_yearly": 1.68,
            "eps_latest_yearly": 1.68,
            "eps_growth_yearly": -250
        },
        "20033": {
            "year_quarter": 20033,
            "year": 2003,
            "quarter": 3,
            "eps": 0.8,
            "eps_growth_year": null,
            "eps_4q": 1.12,
            "eps_4q_growth_year": 37.35,
            "roe": 5.88,
            "roe_4q": 8.280000000000001,
            "gross_profit": 134048,
            "gross_margin": 16.21,
            "gross_margin_4q_avg": 13.78,
            "net_income": 47877,
            "net_income_4q": null,
            "revenue": 827127,
            "revenue_4q": null,
            "common_shares": 596334,
            "book_valuer_per_share": 14.04,
            "book_valuer_per_share_4q_avg": 13.14,
            "equity": 837047,
            "current_ratio": 220.14,
            "debt_ratio": 52.02,
            "inventory_turnover_ratio": 8.86,
            "account_receivable_turnover_ratio": null,
            "reinvestment_rate": null,
            "research_to_sale_ratio": null,
            "price_fair": 7.32,
            "eps_avg_yearly": 2.44,
            "eps_latest_yearly": 3.2,
            "eps_growth_yearly": -39.29
        },
        "20034": {
            "year_quarter": 20034,
            "year": 2003,
            "quarter": 4,
            "eps": 2.05,
            "eps_growth_year": null,
            "eps_4q": 3.22,
            "eps_4q_growth_year": null,
            "roe": 12.82,
            "roe_4q": 21.290000000000003,
            "gross_profit": 284813,
            "gross_margin": 18.27,
            "gross_margin_4q_avg": 14.52,
            "net_income": 119597,
            "net_income_4q": null,
            "revenue": 1558995,
            "revenue_4q": null,
            "common_shares": 622862,
            "book_valuer_per_share": 16.53,
            "book_valuer_per_share_4q_avg": 14.13,
            "equity": 1029456,
            "current_ratio": 149.47,
            "debt_ratio": 66.35,
            "inventory_turnover_ratio": 2.29,
            "account_receivable_turnover_ratio": null,
            "reinvestment_rate": null,
            "research_to_sale_ratio": null,
            "price_fair": 152.6,
            "eps_avg_yearly": 4.36,
            "eps_latest_yearly": 8.2,
            "eps_growth_yearly": 182.14
        },
        "20041": {
            "year_quarter": 20041,
            "year": 2004,
            "quarter": 1,
            "eps": 1.08,
            "eps_growth_year": null,
            "eps_4q": 4.23,
            "eps_4q_growth_year": null,
            "roe": 6.26,
            "roe_4q": 29.29,
            "gross_profit": 201465,
            "gross_margin": 17.19,
            "gross_margin_4q_avg": 16.45,
            "net_income": 68829,
            "net_income_4q": null,
            "revenue": 1172207,
            "revenue_4q": null,
            "common_shares": 649256,
            "book_valuer_per_share": 18,
            "book_valuer_per_share_4q_avg": 15.46,
            "equity": 1168532,
            "current_ratio": 209.04,
            "debt_ratio": 47.26,
            "inventory_turnover_ratio": 1.78,
            "account_receivable_turnover_ratio": null,
            "reinvestment_rate": null,
            "research_to_sale_ratio": null,
            "price_fair": 152.25,
            "eps_avg_yearly": 4.35,
            "eps_latest_yearly": 4.32,
            "eps_growth_yearly": 89.29
        },
        "20042": {
            "year_quarter": 20042,
            "year": 2004,
            "quarter": 2,
            "eps": 1.19,
            "eps_growth_year": 112.5,
            "eps_4q": 4.86,
            "eps_4q_growth_year": 1499.74,
            "roe": 6.45,
            "roe_4q": 31.41,
            "gross_profit": 162391,
            "gross_margin": 12.51,
            "gross_margin_4q_avg": 16.05,
            "net_income": 76719,
            "net_income_4q": null,
            "revenue": 1298071,
            "revenue_4q": null,
            "common_shares": 650737,
            "book_valuer_per_share": 18.61,
            "book_valuer_per_share_4q_avg": 16.8,
            "equity": 1211158,
            "current_ratio": 220.35,
            "debt_ratio": 46.97,
            "inventory_turnover_ratio": 20.06,
            "account_receivable_turnover_ratio": null,
            "reinvestment_rate": null,
            "research_to_sale_ratio": null,
            "price_fair": 155.12,
            "eps_avg_yearly": 4.43,
            "eps_latest_yearly": 4.76,
            "eps_growth_yearly": 79.58
        },
        "20043": {
            "year_quarter": 20043,
            "year": 2004,
            "quarter": 3,
            "eps": 1.39,
            "eps_growth_year": 73.75,
            "eps_4q": 4.78,
            "eps_4q_growth_year": 326.06,
            "roe": 8.49,
            "roe_4q": 34.02,
            "gross_profit": 253581,
            "gross_margin": 16.79,
            "gross_margin_4q_avg": 16.19,
            "net_income": 108737,
            "net_income_4q": null,
            "revenue": 1510130,
            "revenue_4q": null,
            "common_shares": 786805,
            "book_valuer_per_share": 17.17,
            "book_valuer_per_share_4q_avg": 17.58,
            "equity": 1350846,
            "current_ratio": 240.62,
            "debt_ratio": 44.92,
            "inventory_turnover_ratio": 25.73,
            "account_receivable_turnover_ratio": null,
            "reinvestment_rate": null,
            "research_to_sale_ratio": null,
            "price_fair": 161.7,
            "eps_avg_yearly": 4.62,
            "eps_latest_yearly": 5.56,
            "eps_growth_yearly": 77.52
        },
        "20044": {
            "year_quarter": 20044,
            "year": 2004,
            "quarter": 4,
            "eps": 0.31,
            "eps_growth_year": -84.88,
            "eps_4q": 3.5,
            "eps_4q_growth_year": 8.43,
            "roe": 1.77,
            "roe_4q": 22.97,
            "gross_profit": 210126,
            "gross_margin": 13.5,
            "gross_margin_4q_avg": 15,
            "net_income": 24741,
            "net_income_4q": null,
            "revenue": 1556910,
            "revenue_4q": null,
            "common_shares": 841207,
            "book_valuer_per_share": 17.08,
            "book_valuer_per_share_4q_avg": 17.72,
            "equity": 1437184,
            "current_ratio": 157.08,
            "debt_ratio": 59.39,
            "inventory_turnover_ratio": 2.7,
            "account_receivable_turnover_ratio": null,
            "reinvestment_rate": 52.23,
            "research_to_sale_ratio": null,
            "price_fair": 132.59,
            "eps_avg_yearly": 4.14,
            "eps_latest_yearly": 1.24,
            "eps_growth_yearly": 22.05
        },
        "20051": {
            "year_quarter": 20051,
            "year": 2005,
            "quarter": 1,
            "eps": -0.02,
            "eps_growth_year": -101.85,
            "eps_4q": 2.54,
            "eps_4q_growth_year": -40.11,
            "roe": -0.11,
            "roe_4q": 16.6,
            "gross_profit": 108049,
            "gross_margin": 9.31,
            "gross_margin_4q_avg": 13.03,
            "net_income": -1645,
            "net_income_4q": null,
            "revenue": 1160909,
            "revenue_4q": null,
            "common_shares": 846289,
            "book_valuer_per_share": 17.08,
            "book_valuer_per_share_4q_avg": 17.49,
            "equity": 1445835,
            "current_ratio": 240.12,
            "debt_ratio": 40.85,
            "inventory_turnover_ratio": 2.11,
            "account_receivable_turnover_ratio": null,
            "reinvestment_rate": 0.39,
            "research_to_sale_ratio": null,
            "price_fair": 132.59,
            "eps_avg_yearly": 4.14,
            "eps_latest_yearly": 1.24,
            "eps_growth_yearly": 22.05
        },
        "20052": {
            "year_quarter": 20052,
            "year": 2005,
            "quarter": 2,
            "eps": -3.08,
            "eps_growth_year": -358.82,
            "eps_4q": -1.94,
            "eps_4q_growth_year": -139.87,
            "roe": -23.67,
            "roe_4q": -13.520000000000001,
            "gross_profit": 72641,
            "gross_margin": 7.04,
            "gross_margin_4q_avg": 11.66,
            "net_income": -296399,
            "net_income_4q": null,
            "revenue": 1031152,
            "revenue_4q": null,
            "common_shares": 850101,
            "book_valuer_per_share": 12.45,
            "book_valuer_per_share_4q_avg": 15.95,
            "equity": 1058778,
            "current_ratio": 237.46,
            "debt_ratio": 47.55,
            "inventory_turnover_ratio": 44.34,
            "account_receivable_turnover_ratio": null,
            "reinvestment_rate": 2.05,
            "research_to_sale_ratio": null,
            "price_fair": 132.59,
            "eps_avg_yearly": 4.14,
            "eps_latest_yearly": 1.24,
            "eps_growth_yearly": 22.05
        },
        "20053": {
            "year_quarter": 20053,
            "year": 2005,
            "quarter": 3,
            "eps": 0.48,
            "eps_growth_year": -65.47,
            "eps_4q": -2.34,
            "eps_4q_growth_year": -148.86,
            "roe": 4.27,
            "roe_4q": -17.740000000000002,
            "gross_profit": 113448,
            "gross_margin": 12.35,
            "gross_margin_4q_avg": 10.55,
            "net_income": 46596,
            "net_income_4q": null,
            "revenue": 918513,
            "revenue_4q": null,
            "common_shares": 969289,
            "book_valuer_per_share": 11.57,
            "book_valuer_per_share_4q_avg": 14.55,
            "equity": 1121876,
            "current_ratio": 223.34,
            "debt_ratio": 44.95,
            "inventory_turnover_ratio": 54.64,
            "account_receivable_turnover_ratio": null,
            "reinvestment_rate": 2.02,
            "research_to_sale_ratio": null,
            "price_fair": 132.59,
            "eps_avg_yearly": 4.14,
            "eps_latest_yearly": 1.24,
            "eps_growth_yearly": 22.05
        },
        "20054": {
            "year_quarter": 20054,
            "year": 2005,
            "quarter": 4,
            "eps": 0.58,
            "eps_growth_year": 87.1,
            "eps_4q": -2.02,
            "eps_4q_growth_year": -157.9,
            "roe": 4.87,
            "roe_4q": -14.64,
            "gross_profit": 188203,
            "gross_margin": 15.27,
            "gross_margin_4q_avg": 10.99,
            "net_income": 55998,
            "net_income_4q": null,
            "revenue": 1232258,
            "revenue_4q": null,
            "common_shares": 970894,
            "book_valuer_per_share": 12.15,
            "book_valuer_per_share_4q_avg": 13.31,
            "equity": 1180022,
            "current_ratio": 134.2,
            "debt_ratio": 63.48,
            "inventory_turnover_ratio": 2.47,
            "account_receivable_turnover_ratio": null,
            "reinvestment_rate": 157.99,
            "research_to_sale_ratio": null,
            "price_fair": 136.85,
            "eps_avg_yearly": 3.91,
            "eps_latest_yearly": 2.32,
            "eps_growth_yearly": 29.71
        },
        "20061": {
            "year_quarter": 20061,
            "year": 2006,
            "quarter": 1,
            "eps": -0.53,
            "eps_growth_year": null,
            "eps_4q": -2.51,
            "eps_4q_growth_year": -198.88,
            "roe": -4.48,
            "roe_4q": -19.01,
            "gross_profit": 43702,
            "gross_margin": 4.58,
            "gross_margin_4q_avg": 9.81,
            "net_income": -51948,
            "net_income_4q": null,
            "revenue": 955093,
            "revenue_4q": null,
            "common_shares": 976847,
            "book_valuer_per_share": 11.67,
            "book_valuer_per_share_4q_avg": 11.96,
            "equity": 1139777,
            "current_ratio": 220.23,
            "debt_ratio": 46.05,
            "inventory_turnover_ratio": 2.14,
            "account_receivable_turnover_ratio": null,
            "reinvestment_rate": -31.05,
            "research_to_sale_ratio": null,
            "price_fair": 148,
            "eps_avg_yearly": 4.23,
            "eps_latest_yearly": 2.32,
            "eps_growth_yearly": 69.67
        },
        "20062": {
            "year_quarter": 20062,
            "year": 2006,
            "quarter": 2,
            "eps": -0.24,
            "eps_growth_year": null,
            "eps_4q": 0.28,
            "eps_4q_growth_year": null,
            "roe": -2.08,
            "roe_4q": 2.579999999999999,
            "gross_profit": 86414,
            "gross_margin": 8.24,
            "gross_margin_4q_avg": 10.11,
            "net_income": -23485,
            "net_income_4q": null,
            "revenue": 1049096,
            "revenue_4q": null,
            "common_shares": 977323,
            "book_valuer_per_share": 11.44,
            "book_valuer_per_share_4q_avg": 11.71,
            "equity": 1117573,
            "current_ratio": 215.95,
            "debt_ratio": 47.2,
            "inventory_turnover_ratio": 31.58,
            "account_receivable_turnover_ratio": null,
            "reinvestment_rate": -39.61,
            "research_to_sale_ratio": null,
            "price_fair": 148,
            "eps_avg_yearly": 4.23,
            "eps_latest_yearly": 2.32,
            "eps_growth_yearly": 69.67
        },
        "20063": {
            "year_quarter": 20063,
            "year": 2006,
            "quarter": 3,
            "eps": 0.13,
            "eps_growth_year": -72.92,
            "eps_4q": -0.07,
            "eps_4q_growth_year": null,
            "roe": 1.13,
            "roe_4q": -0.5600000000000005,
            "gross_profit": 101101,
            "gross_margin": 12.16,
            "gross_margin_4q_avg": 10.06,
            "net_income": 12687,
            "net_income_4q": null,
            "revenue": 831227,
            "revenue_4q": null,
            "common_shares": 977781,
            "book_valuer_per_share": 11.63,
            "book_valuer_per_share_4q_avg": 11.72,
            "equity": 1137123,
            "current_ratio": 197.71,
            "debt_ratio": 47.85,
            "inventory_turnover_ratio": 27.24,
            "account_receivable_turnover_ratio": null,
            "reinvestment_rate": -38.55,
            "research_to_sale_ratio": null,
            "price_fair": 148,
            "eps_avg_yearly": 4.23,
            "eps_latest_yearly": 2.32,
            "eps_growth_yearly": 69.67
        },
        "20064": {
            "year_quarter": 20064,
            "year": 2006,
            "quarter": 4,
            "eps": 0.71,
            "eps_growth_year": 22.41,
            "eps_4q": 0.07,
            "eps_4q_growth_year": null,
            "roe": 5.95,
            "roe_4q": 0.5199999999999996,
            "gross_profit": 130753,
            "gross_margin": 11.85,
            "gross_margin_4q_avg": 9.21,
            "net_income": 69915,
            "net_income_4q": null,
            "revenue": 1103544,
            "revenue_4q": null,
            "common_shares": 979187,
            "book_valuer_per_share": 12.37,
            "book_valuer_per_share_4q_avg": 11.78,
            "equity": 1212056,
            "current_ratio": 124.38,
            "debt_ratio": 64.1,
            "inventory_turnover_ratio": 1.9,
            "account_receivable_turnover_ratio": null,
            "reinvestment_rate": 117.38,
            "research_to_sale_ratio": null,
            "price_fair": 141.93,
            "eps_avg_yearly": 4.06,
            "eps_latest_yearly": 2.84,
            "eps_growth_yearly": 284.04
        },
        "20071": {
            "year_quarter": 20071,
            "year": 2007,
            "quarter": 1,
            "eps": 0.87,
            "eps_growth_year": null,
            "eps_4q": 1.47,
            "eps_4q_growth_year": null,
            "roe": 6.74,
            "roe_4q": 11.74,
            "gross_profit": 231528,
            "gross_margin": 19.72,
            "gross_margin_4q_avg": 12.99,
            "net_income": 85042,
            "net_income_4q": null,
            "revenue": 1174034,
            "revenue_4q": null,
            "common_shares": 983402,
            "book_valuer_per_share": 13.34,
            "book_valuer_per_share_4q_avg": 12.2,
            "equity": 1311437,
            "current_ratio": 209.91,
            "debt_ratio": 39.01,
            "inventory_turnover_ratio": 1.85,
            "account_receivable_turnover_ratio": null,
            "reinvestment_rate": -16.1,
            "research_to_sale_ratio": null,
            "price_fair": 139.69,
            "eps_avg_yearly": 3.99,
            "eps_latest_yearly": 3.48,
            "eps_growth_yearly": 262.49
        },
        "20072": {
            "year_quarter": 20072,
            "year": 2007,
            "quarter": 2,
            "eps": 0.92,
            "eps_growth_year": null,
            "eps_4q": 2.62,
            "eps_4q_growth_year": 841.28,
            "roe": 5.93,
            "roe_4q": 19.75,
            "gross_profit": 223914,
            "gross_margin": 19.24,
            "gross_margin_4q_avg": 15.74,
            "net_income": 90942,
            "net_income_4q": null,
            "revenue": 1163597,
            "revenue_4q": null,
            "common_shares": 1086694,
            "book_valuer_per_share": 16.14,
            "book_valuer_per_share_4q_avg": 13.37,
            "equity": 1753624,
            "current_ratio": 327.56,
            "debt_ratio": 31.92,
            "inventory_turnover_ratio": 105.42,
            "account_receivable_turnover_ratio": null,
            "reinvestment_rate": -8.44,
            "research_to_sale_ratio": null,
            "price_fair": 138.6,
            "eps_avg_yearly": 3.96,
            "eps_latest_yearly": 3.68,
            "eps_growth_yearly": 238.54
        },
        "20073": {
            "year_quarter": 20073,
            "year": 2007,
            "quarter": 3,
            "eps": 0.84,
            "eps_growth_year": 546.15,
            "eps_4q": 3.24,
            "eps_4q_growth_year": null,
            "roe": 4.66,
            "roe_4q": 23.279999999999998,
            "gross_profit": 186151,
            "gross_margin": 18.22,
            "gross_margin_4q_avg": 17.26,
            "net_income": 85937,
            "net_income_4q": null,
            "revenue": 1021722,
            "revenue_4q": null,
            "common_shares": 1117542,
            "book_valuer_per_share": 17.3,
            "book_valuer_per_share_4q_avg": 14.79,
            "equity": 1933409,
            "current_ratio": 527.21,
            "debt_ratio": 20.16,
            "inventory_turnover_ratio": 543.81,
            "account_receivable_turnover_ratio": null,
            "reinvestment_rate": -7.48,
            "research_to_sale_ratio": null,
            "price_fair": 139.16,
            "eps_avg_yearly": 3.98,
            "eps_latest_yearly": 3.36,
            "eps_growth_yearly": 217.92
        },
        "20074": {
            "year_quarter": 20074,
            "year": 2007,
            "quarter": 4,
            "eps": 0.74,
            "eps_growth_year": 4.23,
            "eps_4q": 3.23,
            "eps_4q_growth_year": 4332.94,
            "roe": 3.92,
            "roe_4q": 21.25,
            "gross_profit": 123302,
            "gross_margin": 10.63,
            "gross_margin_4q_avg": 16.95,
            "net_income": 77924,
            "net_income_4q": null,
            "revenue": 1160150,
            "revenue_4q": null,
            "common_shares": 1124018,
            "book_valuer_per_share": 18.17,
            "book_valuer_per_share_4q_avg": 16.24,
            "equity": 2044488,
            "current_ratio": 174.76,
            "debt_ratio": 46.85,
            "inventory_turnover_ratio": 1.99,
            "account_receivable_turnover_ratio": null,
            "reinvestment_rate": 86.06,
            "research_to_sale_ratio": null,
            "price_fair": 120.82,
            "eps_avg_yearly": 3.45,
            "eps_latest_yearly": 2.96,
            "eps_growth_yearly": 150.66
        },
        "20081": {
            "year_quarter": 20081,
            "year": 2008,
            "quarter": 1,
            "eps": -0.07,
            "eps_growth_year": -108.05,
            "eps_4q": 2.24,
            "eps_4q_growth_year": 52,
            "roe": -0.38,
            "roe_4q": 14.129999999999999,
            "gross_profit": 252124,
            "gross_margin": 21.64,
            "gross_margin_4q_avg": 17.43,
            "net_income": -7701,
            "net_income_4q": null,
            "revenue": 1165049,
            "revenue_4q": null,
            "common_shares": 1124738,
            "book_valuer_per_share": 18.15,
            "book_valuer_per_share_4q_avg": 17.44,
            "equity": 2043267,
            "current_ratio": 187.79,
            "debt_ratio": 44.88,
            "inventory_turnover_ratio": 0.85,
            "account_receivable_turnover_ratio": null,
            "reinvestment_rate": 151.17,
            "research_to_sale_ratio": null,
            "price_fair": 117.44,
            "eps_avg_yearly": 3.36,
            "eps_latest_yearly": 2.96,
            "eps_growth_yearly": 188.43
        },
        "20082": {
            "year_quarter": 20082,
            "year": 2008,
            "quarter": 2,
            "eps": 0.44,
            "eps_growth_year": -52.17,
            "eps_4q": 1.79,
            "eps_4q_growth_year": -31.6,
            "roe": 2.51,
            "roe_4q": 10.71,
            "gross_profit": 276569,
            "gross_margin": 19.7,
            "gross_margin_4q_avg": 17.55,
            "net_income": 50536,
            "net_income_4q": null,
            "revenue": 1403731,
            "revenue_4q": null,
            "common_shares": 1125223,
            "book_valuer_per_share": 17.64,
            "book_valuer_per_share_4q_avg": 17.82,
            "equity": 1987357,
            "current_ratio": 179.51,
            "debt_ratio": 49.06,
            "inventory_turnover_ratio": 1.09,
            "account_receivable_turnover_ratio": null,
            "reinvestment_rate": 165,
            "research_to_sale_ratio": null,
            "price_fair": 111.3,
            "eps_avg_yearly": 3.18,
            "eps_latest_yearly": 2.96,
            "eps_growth_yearly": 206.89
        },
        "20083": {
            "year_quarter": 20083,
            "year": 2008,
            "quarter": 3,
            "eps": 0.62,
            "eps_growth_year": -26.19,
            "eps_4q": 1.52,
            "eps_4q_growth_year": -53.02,
            "roe": 4,
            "roe_4q": 10.05,
            "gross_profit": 303780,
            "gross_margin": 20.51,
            "gross_margin_4q_avg": 18.12,
            "net_income": 81581,
            "net_income_4q": null,
            "revenue": 1481243,
            "revenue_4q": null,
            "common_shares": 1304360,
            "book_valuer_per_share": 15.98,
            "book_valuer_per_share_4q_avg": 17.49,
            "equity": 2087825,
            "current_ratio": 170.15,
            "debt_ratio": 51.99,
            "inventory_turnover_ratio": 1.08,
            "account_receivable_turnover_ratio": null,
            "reinvestment_rate": 183.27,
            "research_to_sale_ratio": null,
            "price_fair": 97.83,
            "eps_avg_yearly": 2.8,
            "eps_latest_yearly": 2.48,
            "eps_growth_yearly": 218.94
        },
        "20084": {
            "year_quarter": 20084,
            "year": 2008,
            "quarter": 4,
            "eps": 0.68,
            "eps_growth_year": -8.11,
            "eps_4q": 1.61,
            "eps_4q_growth_year": -50.11,
            "roe": 4.17,
            "roe_4q": 10.299999999999999,
            "gross_profit": 450564,
            "gross_margin": 18.89,
            "gross_margin_4q_avg": 20.19,
            "net_income": 89255,
            "net_income_4q": null,
            "revenue": 2385213,
            "revenue_4q": null,
            "common_shares": 1304360,
            "book_valuer_per_share": 16.75,
            "book_valuer_per_share_4q_avg": 17.13,
            "equity": 2188670,
            "current_ratio": 159.57,
            "debt_ratio": 54.88,
            "inventory_turnover_ratio": 1.64,
            "account_receivable_turnover_ratio": 3.29,
            "reinvestment_rate": 74.49,
            "research_to_sale_ratio": null,
            "price_fair": 104.3,
            "eps_avg_yearly": 2.98,
            "eps_latest_yearly": 2.72,
            "eps_growth_yearly": 262.63
        },
        "20091": {
            "year_quarter": 20091,
            "year": 2009,
            "quarter": 1,
            "eps": 0.86,
            "eps_growth_year": null,
            "eps_4q": 2.54,
            "eps_4q_growth_year": 13.21,
            "roe": 4.99,
            "roe_4q": 15.67,
            "gross_profit": 355984,
            "gross_margin": 18.1,
            "gross_margin_4q_avg": 19.3,
            "net_income": 112319,
            "net_income_4q": null,
            "revenue": 1966715,
            "revenue_4q": null,
            "common_shares": 1306538,
            "book_valuer_per_share": 17.69,
            "book_valuer_per_share_4q_avg": 17.02,
            "equity": 2315113,
            "current_ratio": 165.91,
            "debt_ratio": 50.51,
            "inventory_turnover_ratio": 1.47,
            "account_receivable_turnover_ratio": 1.38,
            "reinvestment_rate": 144.4,
            "research_to_sale_ratio": null,
            "price_fair": 106.09,
            "eps_avg_yearly": 3.03,
            "eps_latest_yearly": 3.44,
            "eps_growth_yearly": 245.21
        },
        "20092": {
            "year_quarter": 20092,
            "year": 2009,
            "quarter": 2,
            "eps": 0.21,
            "eps_growth_year": -52.27,
            "eps_4q": 2.32,
            "eps_4q_growth_year": 29.88,
            "roe": 1.24,
            "roe_4q": 14.4,
            "gross_profit": 308464,
            "gross_margin": 15.9,
            "gross_margin_4q_avg": 18.35,
            "net_income": 27948,
            "net_income_4q": null,
            "revenue": 1939981,
            "revenue_4q": null,
            "common_shares": 1313886,
            "book_valuer_per_share": 16.79,
            "book_valuer_per_share_4q_avg": 16.8,
            "equity": 2210298,
            "current_ratio": 156.26,
            "debt_ratio": 52.33,
            "inventory_turnover_ratio": 1.46,
            "account_receivable_turnover_ratio": 1.61,
            "reinvestment_rate": 87.97,
            "research_to_sale_ratio": null,
            "price_fair": 98.42,
            "eps_avg_yearly": 2.81,
            "eps_latest_yearly": 0.84,
            "eps_growth_yearly": 190.46
        },
        "20093": {
            "year_quarter": 20093,
            "year": 2009,
            "quarter": 3,
            "eps": 0.54,
            "eps_growth_year": -12.9,
            "eps_4q": 2.21,
            "eps_4q_growth_year": 44.73,
            "roe": 3.27,
            "roe_4q": 13.67,
            "gross_profit": 354361,
            "gross_margin": 17.8,
            "gross_margin_4q_avg": 17.67,
            "net_income": 73943,
            "net_income_4q": null,
            "revenue": 1990574,
            "revenue_4q": null,
            "common_shares": 1396400,
            "book_valuer_per_share": 16.49,
            "book_valuer_per_share_4q_avg": 16.93,
            "equity": 2306085,
            "current_ratio": 168.2,
            "debt_ratio": 48.54,
            "inventory_turnover_ratio": 1.38,
            "account_receivable_turnover_ratio": 1.78,
            "reinvestment_rate": 87.66,
            "research_to_sale_ratio": null,
            "price_fair": 96.35,
            "eps_avg_yearly": 2.75,
            "eps_latest_yearly": 2.16,
            "eps_growth_yearly": 230.29
        },
        "20094": {
            "year_quarter": 20094,
            "year": 2009,
            "quarter": 4,
            "eps": 0.83,
            "eps_growth_year": 22.06,
            "eps_4q": 2.33,
            "eps_4q_growth_year": 44.84,
            "roe": 4.83,
            "roe_4q": 14.33,
            "gross_profit": 400499,
            "gross_margin": 15.53,
            "gross_margin_4q_avg": 16.83,
            "net_income": 114396,
            "net_income_4q": null,
            "revenue": 2578210,
            "revenue_4q": null,
            "common_shares": 1403978,
            "book_valuer_per_share": 17.29,
            "book_valuer_per_share_4q_avg": 17.07,
            "equity": 2429267,
            "current_ratio": 158,
            "debt_ratio": 53.37,
            "inventory_turnover_ratio": 1.92,
            "account_receivable_turnover_ratio": 3.2,
            "reinvestment_rate": 140.54,
            "research_to_sale_ratio": null,
            "price_fair": 99.53,
            "eps_avg_yearly": 2.84,
            "eps_latest_yearly": 3.32,
            "eps_growth_yearly": 242.24
        },
        "20101": {
            "year_quarter": 20101,
            "year": 2010,
            "quarter": 1,
            "eps": 0.53,
            "eps_growth_year": -38.37,
            "eps_4q": 2.07,
            "eps_4q_growth_year": -18.59,
            "roe": 3.04,
            "roe_4q": 12.38,
            "gross_profit": 395016,
            "gross_margin": 17.49,
            "gross_margin_4q_avg": 16.68,
            "net_income": 74873,
            "net_income_4q": null,
            "revenue": 2259017,
            "revenue_4q": null,
            "common_shares": 1405764,
            "book_valuer_per_share": 17.79,
            "book_valuer_per_share_4q_avg": 17.09,
            "equity": 2502665,
            "current_ratio": 161.97,
            "debt_ratio": 51.06,
            "inventory_turnover_ratio": 1.61,
            "account_receivable_turnover_ratio": 1.38,
            "reinvestment_rate": 80.94,
            "research_to_sale_ratio": 3.06,
            "price_fair": 97.42,
            "eps_avg_yearly": 2.78,
            "eps_latest_yearly": 2.12,
            "eps_growth_yearly": 210
        },
        "20102": {
            "year_quarter": 20102,
            "year": 2010,
            "quarter": 2,
            "eps": 0.55,
            "eps_growth_year": 161.61,
            "eps_4q": 2.27,
            "eps_4q_growth_year": -2.19,
            "roe": 3.38,
            "roe_4q": 14.52,
            "gross_profit": 431650,
            "gross_margin": 16.16,
            "gross_margin_4q_avg": 16.75,
            "net_income": 83728,
            "net_income_4q": null,
            "revenue": 2671281,
            "revenue_4q": null,
            "common_shares": 1411833,
            "book_valuer_per_share": 17.32,
            "book_valuer_per_share_4q_avg": 17.22,
            "equity": 2447141,
            "current_ratio": 143.72,
            "debt_ratio": 58.17,
            "inventory_turnover_ratio": 1.67,
            "account_receivable_turnover_ratio": 1.4,
            "reinvestment_rate": 70,
            "research_to_sale_ratio": 3.01,
            "price_fair": 95.85,
            "eps_avg_yearly": 2.74,
            "eps_latest_yearly": 2.2,
            "eps_growth_yearly": 195.01
        },
        "20103": {
            "year_quarter": 20103,
            "year": 2010,
            "quarter": 3,
            "eps": 0.87,
            "eps_growth_year": 60.29,
            "eps_4q": 2.65,
            "eps_4q_growth_year": 20.19,
            "roe": 5.26,
            "roe_4q": 16.509999999999998,
            "gross_profit": 456739,
            "gross_margin": 14.06,
            "gross_margin_4q_avg": 15.81,
            "net_income": 132251,
            "net_income_4q": null,
            "revenue": 3248938,
            "revenue_4q": null,
            "common_shares": 1528493,
            "book_valuer_per_share": 16.88,
            "book_valuer_per_share_4q_avg": 17.32,
            "equity": 2581341,
            "current_ratio": 140.92,
            "debt_ratio": 62.11,
            "inventory_turnover_ratio": 1.73,
            "account_receivable_turnover_ratio": 1.28,
            "reinvestment_rate": 66.35,
            "research_to_sale_ratio": 2.51,
            "price_fair": 97.7,
            "eps_avg_yearly": 2.79,
            "eps_latest_yearly": 3.48,
            "eps_growth_yearly": 197.71
        },
        "20104": {
            "year_quarter": 20104,
            "year": 2010,
            "quarter": 4,
            "eps": 0.62,
            "eps_growth_year": -25.52,
            "eps_4q": 2.52,
            "eps_4q_growth_year": 8.1,
            "roe": 3.62,
            "roe_4q": 15.299999999999997,
            "gross_profit": 526740,
            "gross_margin": 14.22,
            "gross_margin_4q_avg": 15.48,
            "net_income": 94566,
            "net_income_4q": null,
            "revenue": 3704645,
            "revenue_4q": null,
            "common_shares": 1528950,
            "book_valuer_per_share": 17.25,
            "book_valuer_per_share_4q_avg": 17.31,
            "equity": 2638082,
            "current_ratio": 145.91,
            "debt_ratio": 60.51,
            "inventory_turnover_ratio": 1.96,
            "account_receivable_turnover_ratio": 1.22,
            "reinvestment_rate": 24.85,
            "research_to_sale_ratio": 2.23,
            "price_fair": 96.8,
            "eps_avg_yearly": 2.77,
            "eps_latest_yearly": 2.48,
            "eps_growth_yearly": 62.02
        },
        "20111": {
            "year_quarter": 20111,
            "year": 2011,
            "quarter": 1,
            "eps": 0.78,
            "eps_growth_year": 47.17,
            "eps_4q": 2.8,
            "eps_4q_growth_year": 35.68,
            "roe": 4.38,
            "roe_4q": 16.64,
            "gross_profit": 405499,
            "gross_margin": 14.91,
            "gross_margin_4q_avg": 14.84,
            "net_income": 118669,
            "net_income_4q": null,
            "revenue": 2720378,
            "revenue_4q": null,
            "common_shares": 1531005,
            "book_valuer_per_share": 18.13,
            "book_valuer_per_share_4q_avg": 17.4,
            "equity": 2776760,
            "current_ratio": 155.77,
            "debt_ratio": 57.4,
            "inventory_turnover_ratio": 1.55,
            "account_receivable_turnover_ratio": 0.93,
            "reinvestment_rate": 67.61,
            "research_to_sale_ratio": 2.69,
            "price_fair": 95.9,
            "eps_avg_yearly": 2.74,
            "eps_latest_yearly": 3.12,
            "eps_growth_yearly": 62.96
        },
        "20112": {
            "year_quarter": 20112,
            "year": 2011,
            "quarter": 2,
            "eps": 0.65,
            "eps_growth_year": 18.86,
            "eps_4q": 2.91,
            "eps_4q_growth_year": 27.86,
            "roe": 3.73,
            "roe_4q": 16.990000000000002,
            "gross_profit": 471743,
            "gross_margin": 15.82,
            "gross_margin_4q_avg": 14.75,
            "net_income": 100173,
            "net_income_4q": null,
            "revenue": 2982643,
            "revenue_4q": null,
            "common_shares": 1532848,
            "book_valuer_per_share": 16.92,
            "book_valuer_per_share_4q_avg": 17.3,
            "equity": 2595695,
            "current_ratio": 140.56,
            "debt_ratio": 63.77,
            "inventory_turnover_ratio": 1.56,
            "account_receivable_turnover_ratio": 1.07,
            "reinvestment_rate": 67.12,
            "research_to_sale_ratio": 2.75,
            "price_fair": 93.2,
            "eps_avg_yearly": 2.66,
            "eps_latest_yearly": 2.6,
            "eps_growth_yearly": 56.55
        },
        "20113": {
            "year_quarter": 20113,
            "year": 2011,
            "quarter": 3,
            "eps": 0.79,
            "eps_growth_year": -8.74,
            "eps_4q": 2.83,
            "eps_4q_growth_year": 6.63,
            "roe": 4.51,
            "roe_4q": 16.240000000000002,
            "gross_profit": 374582,
            "gross_margin": 12.39,
            "gross_margin_4q_avg": 14.34,
            "net_income": 121656,
            "net_income_4q": null,
            "revenue": 3023052,
            "revenue_4q": null,
            "common_shares": 1537917,
            "book_valuer_per_share": 18.17,
            "book_valuer_per_share_4q_avg": 17.62,
            "equity": 2796208,
            "current_ratio": 138.48,
            "debt_ratio": 61.66,
            "inventory_turnover_ratio": 1.59,
            "account_receivable_turnover_ratio": 1.07,
            "reinvestment_rate": 85.8,
            "research_to_sale_ratio": 2.53,
            "price_fair": 92.7,
            "eps_avg_yearly": 2.65,
            "eps_latest_yearly": 3.16,
            "eps_growth_yearly": 65.19
        },
        "20114": {
            "year_quarter": 20114,
            "year": 2011,
            "quarter": 4,
            "eps": 0.69,
            "eps_growth_year": 12.29,
            "eps_4q": 2.91,
            "eps_4q_growth_year": 15.26,
            "roe": 3.71,
            "roe_4q": 16.33,
            "gross_profit": 431975,
            "gross_margin": 14.53,
            "gross_margin_4q_avg": 14.41,
            "net_income": 106512,
            "net_income_4q": null,
            "revenue": 2973801,
            "revenue_4q": null,
            "common_shares": 1538218,
            "book_valuer_per_share": 18.96,
            "book_valuer_per_share_4q_avg": 18.05,
            "equity": 2938654,
            "current_ratio": 143.73,
            "debt_ratio": 59.61,
            "inventory_turnover_ratio": 1.63,
            "account_receivable_turnover_ratio": 1.05,
            "reinvestment_rate": 43.64,
            "research_to_sale_ratio": 2.78,
            "price_fair": 92.2,
            "eps_avg_yearly": 2.63,
            "eps_latest_yearly": 2.76,
            "eps_growth_yearly": 64.98
        },
        "20121": {
            "year_quarter": 20121,
            "year": 2012,
            "quarter": 1,
            "eps": 0.54,
            "eps_growth_year": -30.77,
            "eps_4q": 2.67,
            "eps_4q_growth_year": -4.85,
            "roe": 2.76,
            "roe_4q": 14.71,
            "gross_profit": 440286,
            "gross_margin": 17.96,
            "gross_margin_4q_avg": 15.18,
            "net_income": 81860,
            "net_income_4q": null,
            "revenue": 2451382,
            "revenue_4q": null,
            "common_shares": 1541355,
            "book_valuer_per_share": 19.31,
            "book_valuer_per_share_4q_avg": 18.34,
            "equity": 2997034,
            "current_ratio": 152.16,
            "debt_ratio": 57.3,
            "inventory_turnover_ratio": 1.32,
            "account_receivable_turnover_ratio": 0.87,
            "reinvestment_rate": 37.3,
            "research_to_sale_ratio": 3.39,
            "price_fair": 91.09,
            "eps_avg_yearly": 2.6,
            "eps_latest_yearly": 2.16,
            "eps_growth_yearly": 54.85
        },
        "20122": {
            "year_quarter": 20122,
            "year": 2012,
            "quarter": 2,
            "eps": 1.13,
            "eps_growth_year": 73.38,
            "eps_4q": 3.05,
            "eps_4q_growth_year": 4.93,
            "roe": 6.18,
            "roe_4q": 17.159999999999997,
            "gross_profit": 588025,
            "gross_margin": 17.03,
            "gross_margin_4q_avg": 15.48,
            "net_income": 183684,
            "net_income_4q": null,
            "revenue": 3452400,
            "revenue_4q": null,
            "common_shares": 1543273,
            "book_valuer_per_share": 18.98,
            "book_valuer_per_share_4q_avg": 18.86,
            "equity": 2948874,
            "current_ratio": 138.89,
            "debt_ratio": 63.83,
            "inventory_turnover_ratio": 1.68,
            "account_receivable_turnover_ratio": 1.13,
            "reinvestment_rate": 36.11,
            "research_to_sale_ratio": 2.79,
            "price_fair": 95.29,
            "eps_avg_yearly": 2.72,
            "eps_latest_yearly": 4.52,
            "eps_growth_yearly": 78.73
        },
        "20123": {
            "year_quarter": 20123,
            "year": 2012,
            "quarter": 3,
            "eps": 0.75,
            "eps_growth_year": -5.07,
            "eps_4q": 3.04,
            "eps_4q_growth_year": 7.66,
            "roe": 4.04,
            "roe_4q": 16.689999999999998,
            "gross_profit": 518175,
            "gross_margin": 15.38,
            "gross_margin_4q_avg": 16.23,
            "net_income": 121630,
            "net_income_4q": null,
            "revenue": 3368723,
            "revenue_4q": null,
            "common_shares": 1627199,
            "book_valuer_per_share": 18.8,
            "book_valuer_per_share_4q_avg": 19.01,
            "equity": 3078614,
            "current_ratio": 146.39,
            "debt_ratio": 61.88,
            "inventory_turnover_ratio": 1.54,
            "account_receivable_turnover_ratio": 1.07,
            "reinvestment_rate": 34.78,
            "research_to_sale_ratio": 2.71,
            "price_fair": 96.43,
            "eps_avg_yearly": 2.76,
            "eps_latest_yearly": 3,
            "eps_growth_yearly": 60.1
        },
        "20124": {
            "year_quarter": 20124,
            "year": 2012,
            "quarter": 4,
            "eps": 0.27,
            "eps_growth_year": -61.71,
            "eps_4q": 2.65,
            "eps_4q_growth_year": -8.78,
            "roe": 1.41,
            "roe_4q": 14.389999999999999,
            "gross_profit": 442470,
            "gross_margin": 12.99,
            "gross_margin_4q_avg": 15.84,
            "net_income": 43687,
            "net_income_4q": null,
            "revenue": 3405528,
            "revenue_4q": null,
            "common_shares": 1628579,
            "book_valuer_per_share": 19.11,
            "book_valuer_per_share_4q_avg": 19.05,
            "equity": 3132070,
            "current_ratio": 148.79,
            "debt_ratio": 60.97,
            "inventory_turnover_ratio": 1.58,
            "account_receivable_turnover_ratio": 1.09,
            "reinvestment_rate": 35.55,
            "research_to_sale_ratio": 2.45,
            "price_fair": 92.84,
            "eps_avg_yearly": 2.65,
            "eps_latest_yearly": 1.08,
            "eps_growth_yearly": 41.68
        },
        "20131": {
            "year_quarter": 20131,
            "year": 2013,
            "quarter": 1,
            "eps": 0.96,
            "eps_growth_year": 77.78,
            "eps_4q": 3.08,
            "eps_4q_growth_year": 15.34,
            "roe": 4.83,
            "roe_4q": 16.46,
            "gross_profit": 409283,
            "gross_margin": 14.35,
            "gross_margin_4q_avg": 14.94,
            "net_income": 155692,
            "net_income_4q": null,
            "revenue": 2853071,
            "revenue_4q": null,
            "common_shares": 1641909,
            "book_valuer_per_share": 20.05,
            "book_valuer_per_share_4q_avg": 19.24,
            "equity": 3312042,
            "current_ratio": 156.02,
            "debt_ratio": 59.24,
            "inventory_turnover_ratio": 1.27,
            "account_receivable_turnover_ratio": 0.93,
            "reinvestment_rate": 37.79,
            "research_to_sale_ratio": 3.23,
            "price_fair": 93.71,
            "eps_avg_yearly": 2.68,
            "eps_latest_yearly": 3.84,
            "eps_growth_yearly": 98.95
        },
        "20132": {
            "year_quarter": 20132,
            "year": 2013,
            "quarter": 2,
            "eps": 0.55,
            "eps_growth_year": -51.42,
            "eps_4q": 2.41,
            "eps_4q_growth_year": -20.97,
            "roe": 2.88,
            "roe_4q": 13.16,
            "gross_profit": 448092,
            "gross_margin": 13.67,
            "gross_margin_4q_avg": 14.1,
            "net_income": 93744,
            "net_income_4q": null,
            "revenue": 3278523,
            "revenue_4q": null,
            "common_shares": 1641909,
            "book_valuer_per_share": 19.33,
            "book_valuer_per_share_4q_avg": 19.32,
            "equity": 3194160,
            "current_ratio": 146.34,
            "debt_ratio": 61.87,
            "inventory_turnover_ratio": 1.53,
            "account_receivable_turnover_ratio": 1.06,
            "reinvestment_rate": 36.26,
            "research_to_sale_ratio": 2.74,
            "price_fair": 96.69,
            "eps_avg_yearly": 2.76,
            "eps_latest_yearly": 2.2,
            "eps_growth_yearly": 107.17
        },
        "20133": {
            "year_quarter": 20133,
            "year": 2013,
            "quarter": 3,
            "eps": 0.18,
            "eps_growth_year": -76,
            "eps_4q": 1.88,
            "eps_4q_growth_year": -38.17,
            "roe": 1,
            "roe_4q": 10.120000000000001,
            "gross_profit": 382321,
            "gross_margin": 14.66,
            "gross_margin_4q_avg": 13.92,
            "net_income": 31980,
            "net_income_4q": null,
            "revenue": 2608407,
            "revenue_4q": null,
            "common_shares": 1724005,
            "book_valuer_per_share": 18.49,
            "book_valuer_per_share_4q_avg": 19.25,
            "equity": 3209277,
            "current_ratio": 159.23,
            "debt_ratio": 56.36,
            "inventory_turnover_ratio": 1.32,
            "account_receivable_turnover_ratio": 0.91,
            "reinvestment_rate": 35.3,
            "research_to_sale_ratio": 3.39,
            "price_fair": 93.54,
            "eps_avg_yearly": 2.67,
            "eps_latest_yearly": 0.72,
            "eps_growth_yearly": 51.07
        },
        "20134": {
            "year_quarter": 20134,
            "year": 2013,
            "quarter": 4,
            "eps": 0.39,
            "eps_growth_year": 47.99,
            "eps_4q": 2.02,
            "eps_4q_growth_year": -23.65,
            "roe": 2.04,
            "roe_4q": 10.75,
            "gross_profit": 394267,
            "gross_margin": 12.77,
            "gross_margin_4q_avg": 13.86,
            "net_income": 66540,
            "net_income_4q": null,
            "revenue": 3088463,
            "revenue_4q": null,
            "common_shares": 1724005,
            "book_valuer_per_share": 19.12,
            "book_valuer_per_share_4q_avg": 19.25,
            "equity": 3315883,
            "current_ratio": 155,
            "debt_ratio": 56.47,
            "inventory_turnover_ratio": 1.74,
            "account_receivable_turnover_ratio": 1.24,
            "reinvestment_rate": -20.61,
            "research_to_sale_ratio": 3.15,
            "price_fair": 89.69,
            "eps_avg_yearly": 2.56,
            "eps_latest_yearly": 1.56,
            "eps_growth_yearly": 66.81
        },
        "20141": {
            "year_quarter": 20141,
            "year": 2014,
            "quarter": 1,
            "eps": -0.2,
            "eps_growth_year": -120.83,
            "eps_4q": 0.92,
            "eps_4q_growth_year": -70.23,
            "roe": -1.05,
            "roe_4q": 4.87,
            "gross_profit": 265522,
            "gross_margin": 13.9,
            "gross_margin_4q_avg": 13.75,
            "net_income": -34619,
            "net_income_4q": null,
            "revenue": 1909588,
            "revenue_4q": null,
            "common_shares": 1724005,
            "book_valuer_per_share": 18.74,
            "book_valuer_per_share_4q_avg": 18.92,
            "equity": 3251656,
            "current_ratio": 172.71,
            "debt_ratio": 49.07,
            "inventory_turnover_ratio": 1.24,
            "account_receivable_turnover_ratio": 0.87,
            "reinvestment_rate": 39.43,
            "research_to_sale_ratio": 4.68,
            "price_fair": 90.72,
            "eps_avg_yearly": 2.59,
            "eps_latest_yearly": 1.56,
            "eps_growth_yearly": 80.9
        },
        "20142": {
            "year_quarter": 20142,
            "year": 2014,
            "quarter": 2,
            "eps": -0.36,
            "eps_growth_year": -165.45,
            "eps_4q": 0.01,
            "eps_4q_growth_year": -99.66,
            "roe": -1.99,
            "roe_4q": 0,
            "gross_profit": 243392,
            "gross_margin": 13.61,
            "gross_margin_4q_avg": 13.74,
            "net_income": -61379,
            "net_income_4q": null,
            "revenue": 1788535,
            "revenue_4q": null,
            "common_shares": 1724005,
            "book_valuer_per_share": 16.75,
            "book_valuer_per_share_4q_avg": 18.28,
            "equity": 2907992,
            "current_ratio": 167.1,
            "debt_ratio": 50.43,
            "inventory_turnover_ratio": 1.46,
            "account_receivable_turnover_ratio": 1.08,
            "reinvestment_rate": 44.98,
            "research_to_sale_ratio": 4.82,
            "price_fair": 91.7,
            "eps_avg_yearly": 2.62,
            "eps_latest_yearly": 1.56,
            "eps_growth_yearly": 85.6
        },
        "20143": {
            "year_quarter": 20143,
            "year": 2014,
            "quarter": 3,
            "eps": -0.59,
            "eps_growth_year": -427.78,
            "eps_4q": -0.77,
            "eps_4q_growth_year": -140.69,
            "roe": -3.58,
            "roe_4q": -4.58,
            "gross_profit": 135247,
            "gross_margin": 8.84,
            "gross_margin_4q_avg": 12.28,
            "net_income": -102967,
            "net_income_4q": null,
            "revenue": 1529593,
            "revenue_4q": null,
            "common_shares": 1724005,
            "book_valuer_per_share": 16.41,
            "book_valuer_per_share_4q_avg": 17.76,
            "equity": 2850256,
            "current_ratio": 161.63,
            "debt_ratio": 52.12,
            "inventory_turnover_ratio": 1.39,
            "account_receivable_turnover_ratio": 1.04,
            "reinvestment_rate": 52.61,
            "research_to_sale_ratio": 5.65,
            "price_fair": 89.38,
            "eps_avg_yearly": 2.55,
            "eps_latest_yearly": 1.56,
            "eps_growth_yearly": 74.28
        },
        "20144": {
            "year_quarter": 20144,
            "year": 2014,
            "quarter": 4,
            "eps": -0.45,
            "eps_growth_year": -214.97,
            "eps_4q": -1.63,
            "eps_4q_growth_year": -180.34,
            "roe": -2.75,
            "roe_4q": -9.370000000000001,
            "gross_profit": 201500,
            "gross_margin": 9.16,
            "gross_margin_4q_avg": 11.38,
            "net_income": -77739,
            "net_income_4q": null,
            "revenue": 2198852,
            "revenue_4q": null,
            "common_shares": 1724005,
            "book_valuer_per_share": 16.38,
            "book_valuer_per_share_4q_avg": 17.07,
            "equity": 2809003,
            "current_ratio": 139.37,
            "debt_ratio": 58.27,
            "inventory_turnover_ratio": 1.73,
            "account_receivable_turnover_ratio": 1.17,
            "reinvestment_rate": 73.74,
            "research_to_sale_ratio": 4.13,
            "price_fair": 89.6,
            "eps_avg_yearly": 2.56,
            "eps_latest_yearly": 1.56,
            "eps_growth_yearly": 90.05
        },
        "20151": {
            "year_quarter": 20151,
            "year": 2015,
            "quarter": 1,
            "eps": -0.69,
            "eps_growth_year": null,
            "eps_4q": -2.12,
            "eps_4q_growth_year": -331.36,
            "roe": -4.3,
            "roe_4q": -12.62,
            "gross_profit": 145648,
            "gross_margin": 9.33,
            "gross_margin_4q_avg": 10.24,
            "net_income": -117710,
            "net_income_4q": null,
            "revenue": 1560587,
            "revenue_4q": null,
            "common_shares": 1724005,
            "book_valuer_per_share": 15.64,
            "book_valuer_per_share_4q_avg": 16.3,
            "equity": 2668338,
            "current_ratio": 136.01,
            "debt_ratio": 59.41,
            "inventory_turnover_ratio": 1.1,
            "account_receivable_turnover_ratio": 0.73,
            "reinvestment_rate": 82.66,
            "research_to_sale_ratio": 5.46,
            "price_fair": 87.82,
            "eps_avg_yearly": 2.51,
            "eps_latest_yearly": 1.56,
            "eps_growth_yearly": 88.85
        },
        "20152": {
            "year_quarter": 20152,
            "year": 2015,
            "quarter": 2,
            "eps": -0.6,
            "eps_growth_year": null,
            "eps_4q": -2.35,
            "eps_4q_growth_year": -29230.03,
            "roe": -3.87,
            "roe_4q": -14.5,
            "gross_profit": 220518,
            "gross_margin": 9.8,
            "gross_margin_4q_avg": 9.28,
            "net_income": -101713,
            "net_income_4q": null,
            "revenue": 2249810,
            "revenue_4q": null,
            "common_shares": 1724005,
            "book_valuer_per_share": 15.13,
            "book_valuer_per_share_4q_avg": 15.89,
            "equity": 2582147,
            "current_ratio": 135.43,
            "debt_ratio": 59.7,
            "inventory_turnover_ratio": 1.62,
            "account_receivable_turnover_ratio": 1.12,
            "reinvestment_rate": 110.7,
            "research_to_sale_ratio": 3.69,
            "price_fair": 87.5,
            "eps_avg_yearly": 2.5,
            "eps_latest_yearly": 1.56,
            "eps_growth_yearly": 104.41
        },
        "20153": {
            "year_quarter": 20153,
            "year": 2015,
            "quarter": 3,
            "eps": -0.41,
            "eps_growth_year": null,
            "eps_4q": -2.18,
            "eps_4q_growth_year": null,
            "roe": -2.66,
            "roe_4q": -13.58,
            "gross_profit": 147920,
            "gross_margin": 7.07,
            "gross_margin_4q_avg": 8.84,
            "net_income": -67866,
            "net_income_4q": null,
            "revenue": 2092443,
            "revenue_4q": null,
            "common_shares": 1724005,
            "book_valuer_per_share": 14.99,
            "book_valuer_per_share_4q_avg": 15.54,
            "equity": 2526007,
            "current_ratio": 130.99,
            "debt_ratio": 61.17,
            "inventory_turnover_ratio": 1.66,
            "account_receivable_turnover_ratio": 1.07,
            "reinvestment_rate": 93.04,
            "research_to_sale_ratio": 4.32,
            "price_fair": 84.93,
            "eps_avg_yearly": 2.43,
            "eps_latest_yearly": 1.56,
            "eps_growth_yearly": 106.43
        },
        "20154": {
            "year_quarter": 20154,
            "year": 2015,
            "quarter": 4,
            "eps": -0.27,
            "eps_growth_year": null,
            "eps_4q": -2.02,
            "eps_4q_growth_year": null,
            "roe": -1.85,
            "roe_4q": -12.68,
            "gross_profit": 241540,
            "gross_margin": 10.4,
            "gross_margin_4q_avg": 9.15,
            "net_income": -45211,
            "net_income_4q": null,
            "revenue": 2321437,
            "revenue_4q": null,
            "common_shares": 1724005,
            "book_valuer_per_share": 14.25,
            "book_valuer_per_share_4q_avg": 15,
            "equity": 2363015,
            "current_ratio": 123.91,
            "debt_ratio": 64.82,
            "inventory_turnover_ratio": 1.77,
            "account_receivable_turnover_ratio": 1.15,
            "reinvestment_rate": 137.69,
            "research_to_sale_ratio": 3.69,
            "price_fair": 83.48,
            "eps_avg_yearly": 2.39,
            "eps_latest_yearly": 1.56,
            "eps_growth_yearly": 126.07
        },
        "20161": {
            "year_quarter": 20161,
            "year": 2016,
            "quarter": 1,
            "eps": -0.33,
            "eps_growth_year": null,
            "eps_4q": -1.64,
            "eps_4q_growth_year": null,
            "roe": -2.38,
            "roe_4q": -10.760000000000002,
            "gross_profit": 248579,
            "gross_margin": 12.57,
            "gross_margin_4q_avg": 9.96,
            "net_income": -55575,
            "net_income_4q": null,
            "revenue": 1977489,
            "revenue_4q": null,
            "common_shares": 1724005,
            "book_valuer_per_share": 13.95,
            "book_valuer_per_share_4q_avg": 14.58,
            "equity": 2312476,
            "current_ratio": 125.27,
            "debt_ratio": 63.6,
            "inventory_turnover_ratio": 1.52,
            "account_receivable_turnover_ratio": 0.98,
            "reinvestment_rate": 703.95,
            "research_to_sale_ratio": 4.35,
            "price_fair": 84.6,
            "eps_avg_yearly": 2.42,
            "eps_latest_yearly": 1.56,
            "eps_growth_yearly": 156.5
        },
        "20162": {
            "year_quarter": 20162,
            "year": 2016,
            "quarter": 2,
            "eps": -0.25,
            "eps_growth_year": null,
            "eps_4q": -1.28,
            "eps_4q_growth_year": null,
            "roe": -1.78,
            "roe_4q": -8.67,
            "gross_profit": 234198,
            "gross_margin": 11.17,
            "gross_margin_4q_avg": 10.3,
            "net_income": -40247,
            "net_income_4q": null,
            "revenue": 2095997,
            "revenue_4q": null,
            "common_shares": 1724005,
            "book_valuer_per_share": 13.35,
            "book_valuer_per_share_4q_avg": 14.14,
            "equity": 2213679,
            "current_ratio": 122.99,
            "debt_ratio": 65.75,
            "inventory_turnover_ratio": 1.58,
            "account_receivable_turnover_ratio": 1.09,
            "reinvestment_rate": null,
            "research_to_sale_ratio": 4.45,
            "price_fair": 72.33,
            "eps_avg_yearly": 2.07,
            "eps_latest_yearly": 1.56,
            "eps_growth_yearly": 109.74
        },
        "20163": {
            "year_quarter": 20163,
            "year": 2016,
            "quarter": 3,
            "eps": 0.09,
            "eps_growth_year": null,
            "eps_4q": -0.77,
            "eps_4q_growth_year": null,
            "roe": 0.74,
            "roe_4q": -5.27,
            "gross_profit": 321878,
            "gross_margin": 13.87,
            "gross_margin_4q_avg": 12,
            "net_income": 16310,
            "net_income_4q": null,
            "revenue": 2320606,
            "revenue_4q": null,
            "common_shares": 1724005,
            "book_valuer_per_share": 13.17,
            "book_valuer_per_share_4q_avg": 13.68,
            "equity": 2186048,
            "current_ratio": 123.35,
            "debt_ratio": 67.03,
            "inventory_turnover_ratio": 1.59,
            "account_receivable_turnover_ratio": 1.12,
            "reinvestment_rate": null,
            "research_to_sale_ratio": 4.02,
            "price_fair": 65.8,
            "eps_avg_yearly": 1.88,
            "eps_latest_yearly": 1.56,
            "eps_growth_yearly": 158.59
        },
        "20164": {
            "year_quarter": 20164,
            "year": 2016,
            "quarter": 4,
            "eps": 0.18,
            "eps_growth_year": null,
            "eps_4q": -0.32,
            "eps_4q_growth_year": null,
            "roe": 1.26,
            "roe_4q": -2.16,
            "gross_profit": 314372,
            "gross_margin": 12.8,
            "gross_margin_4q_avg": 12.6,
            "net_income": 27412,
            "net_income_4q": null,
            "revenue": 2455933,
            "revenue_4q": null,
            "common_shares": 1724005,
            "book_valuer_per_share": 13.05,
            "book_valuer_per_share_4q_avg": 13.38,
            "equity": 2163710,
            "current_ratio": 121.23,
            "debt_ratio": 68.46,
            "inventory_turnover_ratio": 1.69,
            "account_receivable_turnover_ratio": 1.09,
            "reinvestment_rate": null,
            "research_to_sale_ratio": 3.73,
            "price_fair": 63.28,
            "eps_avg_yearly": 1.81,
            "eps_latest_yearly": 0.72,
            "eps_growth_yearly": 289.79
        },
        "20171": {
            "year_quarter": 20171,
            "year": 2017,
            "quarter": 1,
            "eps": 0.02,
            "eps_growth_year": null,
            "eps_4q": 0.04,
            "eps_4q_growth_year": null,
            "roe": 0.15,
            "roe_4q": 0.3699999999999999,
            "gross_profit": 268778,
            "gross_margin": 14.13,
            "gross_margin_4q_avg": 12.99,
            "net_income": 3230,
            "net_income_4q": null,
            "revenue": 1902295,
            "revenue_4q": null,
            "common_shares": 1724005,
            "book_valuer_per_share": 12.8,
            "book_valuer_per_share_4q_avg": 13.09,
            "equity": 2137183,
            "current_ratio": 123.01,
            "debt_ratio": 67.96,
            "inventory_turnover_ratio": 1.21,
            "account_receivable_turnover_ratio": 0.85,
            "reinvestment_rate": null,
            "research_to_sale_ratio": 4.54,
            "price_fair": 25.59,
            "eps_avg_yearly": 1.06,
            "eps_latest_yearly": 0.08,
            "eps_growth_yearly": 14.24
        },
        "20172": {
            "year_quarter": 20172,
            "year": 2017,
            "quarter": 2,
            "eps": 0.05,
            "eps_growth_year": null,
            "eps_4q": 0.33,
            "eps_4q_growth_year": null,
            "roe": 0.28,
            "roe_4q": 2.4299999999999997,
            "gross_profit": 270613,
            "gross_margin": 12.14,
            "gross_margin_4q_avg": 13.24,
            "net_income": 6076,
            "net_income_4q": null,
            "revenue": 2229677,
            "revenue_4q": null,
            "common_shares": 1724005,
            "book_valuer_per_share": 12.98,
            "book_valuer_per_share_4q_avg": 13,
            "equity": 2165108,
            "current_ratio": 124.14,
            "debt_ratio": 66.56,
            "inventory_turnover_ratio": 1.37,
            "account_receivable_turnover_ratio": 1.02,
            "reinvestment_rate": null,
            "research_to_sale_ratio": 3.91,
            "price_fair": 22.96,
            "eps_avg_yearly": 0.66,
            "eps_latest_yearly": 0.2,
            "eps_growth_yearly": 168.4
        },
        "20173": {
            "year_quarter": 20173,
            "year": 2017,
            "quarter": 3,
            "eps": -0.41,
            "eps_growth_year": -555.56,
            "eps_4q": -0.16,
            "eps_4q_growth_year": null,
            "roe": -3.26,
            "roe_4q": -1.5699999999999996,
            "gross_profit": 213542,
            "gross_margin": 11.03,
            "gross_margin_4q_avg": 12.53,
            "net_income": -69109,
            "net_income_4q": null,
            "revenue": 1936821,
            "revenue_4q": null,
            "common_shares": 1724005,
            "book_valuer_per_share": 12.4,
            "book_valuer_per_share_4q_avg": 12.81,
            "equity": 2078238,
            "current_ratio": 122.22,
            "debt_ratio": 67.65,
            "inventory_turnover_ratio": 1.18,
            "account_receivable_turnover_ratio": 0.85,
            "reinvestment_rate": null,
            "research_to_sale_ratio": 4.69,
            "price_fair": 22.4,
            "eps_avg_yearly": 0.64,
            "eps_latest_yearly": 0.2,
            "eps_growth_yearly": 277.78
        },
        "20174": {
            "year_quarter": 20174,
            "year": 2017,
            "quarter": 4,
            "eps": -0.82,
            "eps_growth_year": -567.03,
            "eps_4q": -1.16,
            "eps_4q_growth_year": null,
            "roe": -6.86,
            "roe_4q": -9.690000000000001,
            "gross_profit": 128011,
            "gross_margin": 6.13,
            "gross_margin_4q_avg": 10.86,
            "net_income": -138480,
            "net_income_4q": null,
            "revenue": 2089404,
            "revenue_4q": null,
            "common_shares": 1724005,
            "book_valuer_per_share": 11.68,
            "book_valuer_per_share_4q_avg": 12.47,
            "equity": 1957289,
            "current_ratio": 122.02,
            "debt_ratio": 67.16,
            "inventory_turnover_ratio": 1.48,
            "account_receivable_turnover_ratio": 0.9,
            "reinvestment_rate": null,
            "research_to_sale_ratio": 4.27,
            "price_fair": 11.67,
            "eps_avg_yearly": 0.33,
            "eps_latest_yearly": 0.2,
            "eps_growth_yearly": 214.81
        },
        "20181": {
            "year_quarter": 20181,
            "year": 2018,
            "quarter": 1,
            "eps": -1.03,
            "eps_growth_year": -5250,
            "eps_4q": -2.2,
            "eps_4q_growth_year": -6388.74,
            "roe": -9.19,
            "roe_4q": -19.03,
            "gross_profit": 95490,
            "gross_margin": 6.43,
            "gross_margin_4q_avg": 8.93,
            "net_income": -174558,
            "net_income_4q": null,
            "revenue": 1484202,
            "revenue_4q": null,
            "common_shares": 1694005,
            "book_valuer_per_share": 10.91,
            "book_valuer_per_share_4q_avg": 11.99,
            "equity": 1842652,
            "current_ratio": 118.62,
            "debt_ratio": 68.94,
            "inventory_turnover_ratio": 1.05,
            "account_receivable_turnover_ratio": 0.68,
            "reinvestment_rate": null,
            "research_to_sale_ratio": 6.06,
            "price_fair": 11.67,
            "eps_avg_yearly": 0.33,
            "eps_latest_yearly": 0.2,
            "eps_growth_yearly": 214.81
        },
        "20182": {
            "year_quarter": 20182,
            "year": 2018,
            "quarter": 2,
            "eps": -0.65,
            "eps_growth_year": -1400,
            "eps_4q": -2.9,
            "eps_4q_growth_year": -967.68,
            "roe": -6.3,
            "roe_4q": -25.61,
            "gross_profit": 147725,
            "gross_margin": 7.3,
            "gross_margin_4q_avg": 7.72,
            "net_income": -112080,
            "net_income_4q": null,
            "revenue": 2022412,
            "revenue_4q": null,
            "common_shares": 1694005,
            "book_valuer_per_share": 10.18,
            "book_valuer_per_share_4q_avg": 11.29,
            "equity": 1715910,
            "current_ratio": 115.82,
            "debt_ratio": 70.99,
            "inventory_turnover_ratio": 1.3,
            "account_receivable_turnover_ratio": 0.96,
            "reinvestment_rate": null,
            "research_to_sale_ratio": 4.47,
            "price_fair": 11.67,
            "eps_avg_yearly": 0.33,
            "eps_latest_yearly": 0.2,
            "eps_growth_yearly": 214.81
        },
        "20183": {
            "year_quarter": 20183,
            "year": 2018,
            "quarter": 3,
            "eps": -0.23,
            "eps_growth_year": null,
            "eps_4q": -2.72,
            "eps_4q_growth_year": null,
            "roe": -2.43,
            "roe_4q": -24.78,
            "gross_profit": 170108,
            "gross_margin": 10.32,
            "gross_margin_4q_avg": 7.55,
            "net_income": -40830,
            "net_income_4q": null,
            "revenue": 1648764,
            "revenue_4q": null,
            "common_shares": 1694005,
            "book_valuer_per_share": 9.76,
            "book_valuer_per_share_4q_avg": 10.63,
            "equity": 1651390,
            "current_ratio": 118.1,
            "debt_ratio": 68.47,
            "inventory_turnover_ratio": 1.22,
            "account_receivable_turnover_ratio": 0.77,
            "reinvestment_rate": null,
            "research_to_sale_ratio": 5.21,
            "price_fair": 11.67,
            "eps_avg_yearly": 0.33,
            "eps_latest_yearly": 0.2,
            "eps_growth_yearly": 214.81
        },
        "20184": {
            "year_quarter": 20184,
            "year": 2018,
            "quarter": 4,
            "eps": -1.62,
            "eps_growth_year": null,
            "eps_4q": -3.53,
            "eps_4q_growth_year": null,
            "roe": -17.93,
            "roe_4q": -35.85,
            "gross_profit": 86271,
            "gross_margin": 7.27,
            "gross_margin_4q_avg": 7.83,
            "net_income": -272613,
            "net_income_4q": null,
            "revenue": 1187105,
            "revenue_4q": null,
            "common_shares": 1677385,
            "book_valuer_per_share": 8.2,
            "book_valuer_per_share_4q_avg": 9.76,
            "equity": 1388803,
            "current_ratio": 113.16,
            "debt_ratio": 70.85,
            "inventory_turnover_ratio": 1.16,
            "account_receivable_turnover_ratio": 0.67,
            "reinvestment_rate": null,
            "research_to_sale_ratio": 7.04,
            "price_fair": 11.67,
            "eps_avg_yearly": 0.33,
            "eps_latest_yearly": 0.2,
            "eps_growth_yearly": 214.81
        },
        "20191": {
            "year_quarter": 20191,
            "year": 2019,
            "quarter": 1,
            "eps": -0.41,
            "eps_growth_year": null,
            "eps_4q": -2.92,
            "eps_4q_growth_year": null,
            "roe": -5.13,
            "roe_4q": -31.79,
            "gross_profit": 98734,
            "gross_margin": 11.2,
            "gross_margin_4q_avg": 9.02,
            "net_income": -69843,
            "net_income_4q": null,
            "revenue": 881675,
            "revenue_4q": null,
            "common_shares": 1677385,
            "book_valuer_per_share": 7.88,
            "book_valuer_per_share_4q_avg": 9.01,
            "equity": 1335180,
            "current_ratio": 112.53,
            "debt_ratio": 69.82,
            "inventory_turnover_ratio": 0.95,
            "account_receivable_turnover_ratio": 0.68,
            "reinvestment_rate": null,
            "research_to_sale_ratio": 8.17,
            "price_fair": 11.67,
            "eps_avg_yearly": 0.33,
            "eps_latest_yearly": 0.2,
            "eps_growth_yearly": 214.81
        },
        "20192": {
            "year_quarter": 20192,
            "year": 2019,
            "quarter": 2,
            "eps": 0.19,
            "eps_growth_year": null,
            "eps_4q": -2.08,
            "eps_4q_growth_year": null,
            "roe": 2.39,
            "roe_4q": -23.099999999999998,
            "gross_profit": 132423,
            "gross_margin": 11.36,
            "gross_margin_4q_avg": 10.04,
            "net_income": 32139,
            "net_income_4q": null,
            "revenue": 1166139,
            "revenue_4q": null,
            "common_shares": 1677385,
            "book_valuer_per_share": 7.93,
            "book_valuer_per_share_4q_avg": 8.44,
            "equity": 1353615,
            "current_ratio": 117.8,
            "debt_ratio": 67.36,
            "inventory_turnover_ratio": 1.34,
            "account_receivable_turnover_ratio": 0.91,
            "reinvestment_rate": null,
            "research_to_sale_ratio": 6.38,
            "price_fair": 11.67,
            "eps_avg_yearly": 0.33,
            "eps_latest_yearly": 0.2,
            "eps_growth_yearly": 214.81
        },
        "20193": {
            "year_quarter": 20193,
            "year": 2019,
            "quarter": 3,
            "eps": 0.12,
            "eps_growth_year": null,
            "eps_4q": -1.72,
            "eps_4q_growth_year": null,
            "roe": 1.48,
            "roe_4q": -19.189999999999998,
            "gross_profit": 189819,
            "gross_margin": 14.59,
            "gross_margin_4q_avg": 11.11,
            "net_income": 20050,
            "net_income_4q": null,
            "revenue": 1301254,
            "revenue_4q": null,
            "common_shares": 1677385,
            "book_valuer_per_share": 7.92,
            "book_valuer_per_share_4q_avg": 7.98,
            "equity": 1351405,
            "current_ratio": 120.4,
            "debt_ratio": 66.36,
            "inventory_turnover_ratio": 1.6,
            "account_receivable_turnover_ratio": 0.88,
            "reinvestment_rate": null,
            "research_to_sale_ratio": 5.01,
            "price_fair": 12.95,
            "eps_avg_yearly": 0.37,
            "eps_latest_yearly": 0.48,
            "eps_growth_yearly": 124.27
        },
        "20194": {
            "year_quarter": 20194,
            "year": 2019,
            "quarter": 4,
            "eps": 0.18,
            "eps_growth_year": null,
            "eps_4q": 0.08,
            "eps_4q_growth_year": null,
            "roe": 2.25,
            "roe_4q": 0.9900000000000002,
            "gross_profit": 238698,
            "gross_margin": 20.11,
            "gross_margin_4q_avg": 14.32,
            "net_income": 30522,
            "net_income_4q": null,
            "revenue": 1186674,
            "revenue_4q": null,
            "common_shares": 1677385,
            "book_valuer_per_share": 8.04,
            "book_valuer_per_share_4q_avg": 7.94,
            "equity": 1360708,
            "current_ratio": 126.67,
            "debt_ratio": 62.43,
            "inventory_turnover_ratio": 1.84,
            "account_receivable_turnover_ratio": 0.93,
            "reinvestment_rate": null,
            "research_to_sale_ratio": 5.49,
            "price_fair": 15.4,
            "eps_avg_yearly": 0.44,
            "eps_latest_yearly": 0.72,
            "eps_growth_yearly": 139.42
        },
        "20201": {
            "year_quarter": 20201,
            "year": 2020,
            "quarter": 1,
            "eps": -0.21,
            "eps_growth_year": null,
            "eps_4q": 0.29,
            "eps_4q_growth_year": null,
            "roe": -2.6,
            "roe_4q": 3.52,
            "gross_profit": 83743,
            "gross_margin": 20.58,
            "gross_margin_4q_avg": 16.66,
            "net_income": -34850,
            "net_income_4q": null,
            "revenue": 406851,
            "revenue_4q": null,
            "common_shares": 1677385,
            "book_valuer_per_share": 7.77,
            "book_valuer_per_share_4q_avg": 7.92,
            "equity": 1316155,
            "current_ratio": 137.17,
            "debt_ratio": 55.22,
            "inventory_turnover_ratio": 0.77,
            "account_receivable_turnover_ratio": 0.49,
            "reinvestment_rate": null,
            "research_to_sale_ratio": 13.57,
            "price_fair": 15.4,
            "eps_avg_yearly": 0.44,
            "eps_latest_yearly": 0.72,
            "eps_growth_yearly": 139.42
        },
        "20202": {
            "year_quarter": 20202,
            "year": 2020,
            "quarter": 2,
            "eps": -0.04,
            "eps_growth_year": -121.05,
            "eps_4q": 0.06,
            "eps_4q_growth_year": null,
            "roe": -0.51,
            "roe_4q": 0.6199999999999997,
            "gross_profit": 126491,
            "gross_margin": 18.22,
            "gross_margin_4q_avg": 18.38,
            "net_income": -6659,
            "net_income_4q": null,
            "revenue": 694188,
            "revenue_4q": null,
            "common_shares": 1677385,
            "book_valuer_per_share": 7.65,
            "book_valuer_per_share_4q_avg": 7.85,
            "equity": 1296567,
            "current_ratio": 132.48,
            "debt_ratio": 59.25,
            "inventory_turnover_ratio": 1.1,
            "account_receivable_turnover_ratio": 1.01,
            "reinvestment_rate": null,
            "research_to_sale_ratio": 8.71,
            "price_fair": 15.4,
            "eps_avg_yearly": 0.44,
            "eps_latest_yearly": 0.72,
            "eps_growth_yearly": 139.42
        },
        "20203": {
            "year_quarter": 20203,
            "year": 2020,
            "quarter": 3,
            "eps": 0.26,
            "eps_growth_year": 116.67,
            "eps_4q": 0.19,
            "eps_4q_growth_year": null,
            "roe": 3.31,
            "roe_4q": 2.4499999999999997,
            "gross_profit": 158334,
            "gross_margin": 16.78,
            "gross_margin_4q_avg": 18.92,
            "net_income": 43504,
            "net_income_4q": null,
            "revenue": 943381,
            "revenue_4q": null,
            "common_shares": 1677385,
            "book_valuer_per_share": 7.85,
            "book_valuer_per_share_4q_avg": 7.83,
            "equity": 1328982,
            "current_ratio": 140.11,
            "debt_ratio": 57.49,
            "inventory_turnover_ratio": 1.32,
            "account_receivable_turnover_ratio": 1.16,
            "reinvestment_rate": null,
            "research_to_sale_ratio": 6.24,
            "price_fair": 15.4,
            "eps_avg_yearly": 0.44,
            "eps_latest_yearly": 0.72,
            "eps_growth_yearly": 139.42
        },
        "20204": {
            "year_quarter": 20204,
            "year": 2020,
            "quarter": 4,
            "eps": 0.12,
            "eps_growth_year": -33.03,
            "eps_4q": 0.13,
            "eps_4q_growth_year": 59.7,
            "roe": 1.62,
            "roe_4q": 1.8199999999999998,
            "gross_profit": 172698,
            "gross_margin": 17.09,
            "gross_margin_4q_avg": 18.17,
            "net_income": 22061,
            "net_income_4q": null,
            "revenue": 1010543,
            "revenue_4q": null,
            "common_shares": 1677385,
            "book_valuer_per_share": 8.26,
            "book_valuer_per_share_4q_avg": 7.88,
            "equity": 1398879,
            "current_ratio": 137.78,
            "debt_ratio": 59.55,
            "inventory_turnover_ratio": 1.34,
            "account_receivable_turnover_ratio": 1.1,
            "reinvestment_rate": null,
            "research_to_sale_ratio": 6.09,
            "price_fair": 10.32,
            "eps_avg_yearly": 0.39,
            "eps_latest_yearly": 0.48,
            "eps_growth_yearly": 16.34
        },
        "20211": {
            "year_quarter": 20211,
            "year": 2021,
            "quarter": 1,
            "eps": -0.17,
            "eps_growth_year": null,
            "eps_4q": 0.18,
            "eps_4q_growth_year": -38.76,
            "roe": -2,
            "roe_4q": 2.42,
            "gross_profit": 94965,
            "gross_margin": 14.01,
            "gross_margin_4q_avg": 16.53,
            "net_income": -27541,
            "net_income_4q": null,
            "revenue": 677787,
            "revenue_4q": null,
            "common_shares": 1677385,
            "book_valuer_per_share": 8,
            "book_valuer_per_share_4q_avg": 7.94,
            "equity": 1355881,
            "current_ratio": 137.54,
            "debt_ratio": 60.13,
            "inventory_turnover_ratio": 0.82,
            "account_receivable_turnover_ratio": 0.73,
            "reinvestment_rate": null,
            "research_to_sale_ratio": 8.37,
            "price_fair": 16.45,
            "eps_avg_yearly": 0.47,
            "eps_latest_yearly": 0.48,
            "eps_growth_yearly": 109.31
        },
        "20212": {
            "year_quarter": 20212,
            "year": 2021,
            "quarter": 2,
            "eps": -0.1,
            "eps_growth_year": null,
            "eps_4q": 0.11,
            "eps_4q_growth_year": 95.48,
            "roe": -1.29,
            "roe_4q": 1.6400000000000001,
            "gross_profit": 128985,
            "gross_margin": 14.73,
            "gross_margin_4q_avg": 15.65,
            "net_income": -17276,
            "net_income_4q": null,
            "revenue": 875650,
            "revenue_4q": null,
            "common_shares": 1677385,
            "book_valuer_per_share": 7.78,
            "book_valuer_per_share_4q_avg": 7.97,
            "equity": 1318305,
            "current_ratio": 131.7,
            "debt_ratio": 63.97,
            "inventory_turnover_ratio": 0.86,
            "account_receivable_turnover_ratio": 1.07,
            "reinvestment_rate": null,
            "research_to_sale_ratio": 6.49,
            "price_fair": 1.68,
            "eps_avg_yearly": 0.56,
            "eps_latest_yearly": 0.48,
            "eps_growth_yearly": -54.25
        },
        "20213": {
            "year_quarter": 20213,
            "year": 2021,
            "quarter": 3,
            "eps": 0.04,
            "eps_growth_year": -84.62,
            "eps_4q": -0.11,
            "eps_4q_growth_year": -154.57,
            "roe": 0.59,
            "roe_4q": -1.08,
            "gross_profit": 137575,
            "gross_margin": 13.59,
            "gross_margin_4q_avg": 14.86,
            "net_income": 7754,
            "net_income_4q": null,
            "revenue": 1012195,
            "revenue_4q": null,
            "common_shares": 1677385,
            "book_valuer_per_share": 7.81,
            "book_valuer_per_share_4q_avg": 7.96,
            "equity": 1324542,
            "current_ratio": 134.42,
            "debt_ratio": 63.54,
            "inventory_turnover_ratio": 0.89,
            "account_receivable_turnover_ratio": 1.24,
            "reinvestment_rate": null,
            "research_to_sale_ratio": 5.78,
            "price_fair": 1.68,
            "eps_avg_yearly": 0.56,
            "eps_latest_yearly": 0.48,
            "eps_growth_yearly": -54.25
        },
        "20214": {
            "year_quarter": 20214,
            "year": 2021,
            "quarter": 4,
            "eps": 0.28,
            "eps_growth_year": 129.41,
            "eps_4q": 0.05,
            "eps_4q_growth_year": -60.43,
            "roe": 3.58,
            "roe_4q": 0.8799999999999999,
            "gross_profit": 199943,
            "gross_margin": 16.29,
            "gross_margin_4q_avg": 14.66,
            "net_income": 48464,
            "net_income_4q": null,
            "revenue": 1227608,
            "revenue_4q": null,
            "common_shares": 1677385,
            "book_valuer_per_share": 8.16,
            "book_valuer_per_share_4q_avg": 7.94,
            "equity": 1384303,
            "current_ratio": 143.83,
            "debt_ratio": 59.16,
            "inventory_turnover_ratio": 1.18,
            "account_receivable_turnover_ratio": 1.28,
            "reinvestment_rate": null,
            "research_to_sale_ratio": 4.31,
            "price_fair": 24.5,
            "eps_avg_yearly": 0.7,
            "eps_latest_yearly": 1.12,
            "eps_growth_yearly": 559.31
        },
        "20221": {
            "year_quarter": 20221,
            "year": 2022,
            "quarter": 1,
            "eps": 0.02,
            "eps_growth_year": null,
            "eps_4q": 0.24,
            "eps_4q_growth_year": 35.67,
            "roe": 0.27,
            "roe_4q": 3.1500000000000004,
            "gross_profit": 77840,
            "gross_margin": 13.46,
            "gross_margin_4q_avg": 14.52,
            "net_income": 3739,
            "net_income_4q": null,
            "revenue": 578379,
            "revenue_4q": null,
            "common_shares": 1677385,
            "book_valuer_per_share": 8.36,
            "book_valuer_per_share_4q_avg": 8.03,
            "equity": 1417938,
            "current_ratio": 150.39,
            "debt_ratio": 56.04,
            "inventory_turnover_ratio": 0.61,
            "account_receivable_turnover_ratio": 0.69,
            "reinvestment_rate": null,
            "research_to_sale_ratio": 8.99,
            "price_fair": 20.16,
            "eps_avg_yearly": 0.58,
            "eps_latest_yearly": 0.08,
            "eps_growth_yearly": 373.16
        },
        "20222": {
            "year_quarter": 20222,
            "year": 2022,
            "quarter": 2,
            "eps": 0.12,
            "eps_growth_year": null,
            "eps_4q": 0.47,
            "eps_4q_growth_year": 319.15,
            "roe": 1.61,
            "roe_4q": 6.05,
            "gross_profit": 123256,
            "gross_margin": 12.14,
            "gross_margin_4q_avg": 13.87,
            "net_income": 23114,
            "net_income_4q": null,
            "revenue": 1015105,
            "revenue_4q": null,
            "common_shares": 1677385,
            "book_valuer_per_share": 8.53,
            "book_valuer_per_share_4q_avg": 8.22,
            "equity": 1448702,
            "current_ratio": 142.89,
            "debt_ratio": 59.68,
            "inventory_turnover_ratio": 0.95,
            "account_receivable_turnover_ratio": 1.34,
            "reinvestment_rate": null,
            "research_to_sale_ratio": 5.25,
            "price_fair": 19.6,
            "eps_avg_yearly": 0.56,
            "eps_latest_yearly": 0.48,
            "eps_growth_yearly": 644.3
        },
        "20223": {
            "year_quarter": 20223,
            "year": 2022,
            "quarter": 3,
            "eps": 0.56,
            "eps_growth_year": 1300,
            "eps_4q": 0.98,
            "eps_4q_growth_year": null,
            "roe": 6.31,
            "roe_4q": 11.77,
            "gross_profit": 191335,
            "gross_margin": 15.48,
            "gross_margin_4q_avg": 14.34,
            "net_income": 93867,
            "net_income_4q": null,
            "revenue": 1236296,
            "revenue_4q": null,
            "common_shares": 1677385,
            "book_valuer_per_share": 8.99,
            "book_valuer_per_share_4q_avg": 8.51,
            "equity": 1527329,
            "current_ratio": 144.41,
            "debt_ratio": 59.31,
            "inventory_turnover_ratio": 1.09,
            "account_receivable_turnover_ratio": 1.16,
            "reinvestment_rate": null,
            "research_to_sale_ratio": 4.31,
            "price_fair": 28,
            "eps_avg_yearly": 0.8,
            "eps_latest_yearly": 2.24,
            "eps_growth_yearly": 761.78
        },
        "20224": {
            "year_quarter": 20224,
            "year": 2022,
            "quarter": 4,
            "eps": 0.11,
            "eps_growth_year": -61.38,
            "eps_4q": 0.81,
            "eps_4q_growth_year": 1427.59,
            "roe": 1.19,
            "roe_4q": 9.379999999999999,
            "gross_profit": 199719,
            "gross_margin": 17.99,
            "gross_margin_4q_avg": 14.77,
            "net_income": 18333,
            "net_income_4q": null,
            "revenue": 1110054,
            "revenue_4q": null,
            "common_shares": 1677385,
            "book_valuer_per_share": 9.09,
            "book_valuer_per_share_4q_avg": 8.74,
            "equity": 1543833,
            "current_ratio": 162.72,
            "debt_ratio": 51.29,
            "inventory_turnover_ratio": 1.16,
            "account_receivable_turnover_ratio": 1.01,
            "reinvestment_rate": -251.69,
            "research_to_sale_ratio": 4.75,
            "price_fair": 26.43,
            "eps_avg_yearly": 0.76,
            "eps_latest_yearly": 0.44,
            "eps_growth_yearly": 626.38
        },
        "20231": {
            "year_quarter": 20231,
            "year": 2023,
            "quarter": 1,
            "eps": -0.24,
            "eps_growth_year": -1300,
            "eps_4q": 0.55,
            "eps_4q_growth_year": 129.66,
            "roe": -2.73,
            "roe_4q": 6.38,
            "gross_profit": 88752,
            "gross_margin": 15.73,
            "gross_margin_4q_avg": 15.34,
            "net_income": -41489,
            "net_income_4q": null,
            "revenue": 564247,
            "revenue_4q": null,
            "common_shares": 1677385,
            "book_valuer_per_share": 8.82,
            "book_valuer_per_share_4q_avg": 8.86,
            "equity": 1497196,
            "current_ratio": 178.31,
            "debt_ratio": 46.24,
            "inventory_turnover_ratio": 0.75,
            "account_receivable_turnover_ratio": 0.71,
            "reinvestment_rate": -181.45,
            "research_to_sale_ratio": 9.1,
            "price_fair": 26.43,
            "eps_avg_yearly": 0.76,
            "eps_latest_yearly": 0.44,
            "eps_growth_yearly": 626.38
        },
        "20232": {
            "year_quarter": 20232,
            "year": 2023,
            "quarter": 2,
            "eps": 0.05,
            "eps_growth_year": -58.33,
            "eps_4q": 0.48,
            "eps_4q_growth_year": 2.24,
            "roe": 0.55,
            "roe_4q": 5.32,
            "gross_profit": 117291,
            "gross_margin": 17.75,
            "gross_margin_4q_avg": 16.74,
            "net_income": 8269,
            "net_income_4q": null,
            "revenue": 660613,
            "revenue_4q": null,
            "common_shares": 1677385,
            "book_valuer_per_share": 8.75,
            "book_valuer_per_share_4q_avg": 8.91,
            "equity": 1485404,
            "current_ratio": 185.01,
            "debt_ratio": 44.41,
            "inventory_turnover_ratio": 0.93,
            "account_receivable_turnover_ratio": 1.1,
            "reinvestment_rate": -185.12,
            "research_to_sale_ratio": 8.22,
            "price_fair": 26.43,
            "eps_avg_yearly": 0.76,
            "eps_latest_yearly": 0.44,
            "eps_growth_yearly": 626.38
        },
        "20233": {
            "year_quarter": 20233,
            "year": 2023,
            "quarter": 3,
            "eps": 0.13,
            "eps_growth_year": -76.79,
            "eps_4q": 0.05,
            "eps_4q_growth_year": -95.3,
            "roe": 1.4,
            "roe_4q": 0.4099999999999999,
            "gross_profit": 91593,
            "gross_margin": 21.24,
            "gross_margin_4q_avg": 18.18,
            "net_income": 20966,
            "net_income_4q": null,
            "revenue": 431132,
            "revenue_4q": null,
            "common_shares": 1677385,
            "book_valuer_per_share": 8.95,
            "book_valuer_per_share_4q_avg": 8.9,
            "equity": 1518559,
            "current_ratio": 197.94,
            "debt_ratio": 43.6,
            "inventory_turnover_ratio": 0.56,
            "account_receivable_turnover_ratio": 0.79,
            "reinvestment_rate": -160.41,
            "research_to_sale_ratio": 12.3,
            "price_fair": 26.6,
            "eps_avg_yearly": 0.76,
            "eps_latest_yearly": 0.52,
            "eps_growth_yearly": 724.8
        },
        "20234": {
            "year_quarter": 20234,
            "year": 2023,
            "quarter": 4,
            "eps": -0.06,
            "eps_growth_year": -154.27,
            "eps_4q": -0.12,
            "eps_4q_growth_year": -115.06,
            "roe": -0.65,
            "roe_4q": -1.4300000000000002,
            "gross_profit": 110707,
            "gross_margin": 20.76,
            "gross_margin_4q_avg": 18.87,
            "net_income": -9865,
            "net_income_4q": null,
            "revenue": 533257,
            "revenue_4q": null,
            "common_shares": 1677385,
            "book_valuer_per_share": 8.89,
            "book_valuer_per_share_4q_avg": 8.85,
            "equity": 1508543,
            "current_ratio": 189.59,
            "debt_ratio": 45.72,
            "inventory_turnover_ratio": 0.65,
            "account_receivable_turnover_ratio": 1.2,
            "reinvestment_rate": -178.92,
            "research_to_sale_ratio": 11.13,
            "price_fair": 26.8,
            "eps_avg_yearly": 0.77,
            "eps_latest_yearly": 0.52,
            "eps_growth_yearly": 799.77
        }
    },
    "months": {
        "2002-04": {
            "month": "2002-04",
            "price": "77.75",
            "revenue": 67412
        },
        "2002-05": {
            "month": "2002-05",
            "price": "57.95",
            "revenue": 71261
        },
        "2002-06": {
            "month": "2002-06",
            "price": "43.46",
            "revenue": 81076
        },
        "2002-07": {
            "month": "2002-07",
            "price": "29.88",
            "revenue": 83835
        },
        "2002-08": {
            "month": "2002-08",
            "price": "28.81",
            "revenue": 94719
        },
        "2002-09": {
            "month": "2002-09",
            "price": "25.27",
            "revenue": 102231
        },
        "2002-10": {
            "month": "2002-10",
            "price": "20.76",
            "revenue": 147351
        },
        "2002-11": {
            "month": "2002-11",
            "price": "21.39",
            "revenue": 141691
        },
        "2002-12": {
            "month": "2002-12",
            "price": "25.08",
            "revenue": 162441
        },
        "2003-01": {
            "month": "2003-01",
            "price": "22.08",
            "revenue": 158187
        },
        "2003-02": {
            "month": "2003-02",
            "price": "20.57",
            "revenue": 111973
        },
        "2003-03": {
            "month": "2003-03",
            "price": "19.55",
            "revenue": 198593
        },
        "2003-04": {
            "month": "2003-04",
            "price": "20.57",
            "revenue": 300916
        },
        "2003-05": {
            "month": "2003-05",
            "price": "25.93",
            "revenue": 299645
        },
        "2003-06": {
            "month": "2003-06",
            "price": "34.12",
            "revenue": 225048
        },
        "2003-07": {
            "month": "2003-07",
            "price": "32.46",
            "revenue": 231382
        },
        "2003-08": {
            "month": "2003-08",
            "price": "36.98",
            "revenue": 223176
        },
        "2003-09": {
            "month": "2003-09",
            "price": "42.32",
            "revenue": 350563
        },
        "2003-10": {
            "month": "2003-10",
            "price": "48.75",
            "revenue": 477176
        },
        "2003-11": {
            "month": "2003-11",
            "price": "55.95",
            "revenue": 508920
        },
        "2003-12": {
            "month": "2003-12",
            "price": "59.96",
            "revenue": 549008
        },
        "2004-01": {
            "month": "2004-01",
            "price": "69.07",
            "revenue": 364265
        },
        "2004-02": {
            "month": "2004-02",
            "price": "80.12",
            "revenue": 400777
        },
        "2004-03": {
            "month": "2004-03",
            "price": "76.93",
            "revenue": 402512
        },
        "2004-04": {
            "month": "2004-04",
            "price": "67.23",
            "revenue": 407107
        },
        "2004-05": {
            "month": "2004-05",
            "price": "57.60",
            "revenue": 438907
        },
        "2004-06": {
            "month": "2004-06",
            "price": "62.02",
            "revenue": 452040
        },
        "2004-07": {
            "month": "2004-07",
            "price": "54.60",
            "revenue": 499580
        },
        "2004-08": {
            "month": "2004-08",
            "price": "48.45",
            "revenue": 502099
        },
        "2004-09": {
            "month": "2004-09",
            "price": "51.38",
            "revenue": 508450
        },
        "2004-10": {
            "month": "2004-10",
            "price": "46.84",
            "revenue": 505548
        },
        "2004-11": {
            "month": "2004-11",
            "price": "42.66",
            "revenue": 559000
        },
        "2004-12": {
            "month": "2004-12",
            "price": "42.45",
            "revenue": 516395
        },
        "2005-01": {
            "month": "2005-01",
            "price": "40.20",
            "revenue": 417588
        },
        "2005-02": {
            "month": "2005-02",
            "price": "41.44",
            "revenue": 359033
        },
        "2005-03": {
            "month": "2005-03",
            "price": "40.49",
            "revenue": 390494
        },
        "2005-04": {
            "month": "2005-04",
            "price": "33.28",
            "revenue": 389366
        },
        "2005-05": {
            "month": "2005-05",
            "price": "26.18",
            "revenue": 317691
        },
        "2005-06": {
            "month": "2005-06",
            "price": "26.51",
            "revenue": 367426
        },
        "2005-07": {
            "month": "2005-07",
            "price": "22.91",
            "revenue": 379127
        },
        "2005-08": {
            "month": "2005-08",
            "price": "20.15",
            "revenue": 303248
        },
        "2005-09": {
            "month": "2005-09",
            "price": "20.09",
            "revenue": 259307
        },
        "2005-10": {
            "month": "2005-10",
            "price": "16.67",
            "revenue": 310954
        },
        "2005-11": {
            "month": "2005-11",
            "price": "16.57",
            "revenue": 440572
        },
        "2005-12": {
            "month": "2005-12",
            "price": "24.19",
            "revenue": 470732
        },
        "2006-01": {
            "month": "2006-01",
            "price": "32.23",
            "revenue": 345337
        },
        "2006-02": {
            "month": "2006-02",
            "price": "26.11",
            "revenue": 255252
        },
        "2006-03": {
            "month": "2006-03",
            "price": "25.04",
            "revenue": 354504
        },
        "2006-04": {
            "month": "2006-04",
            "price": "26.13",
            "revenue": 369299
        },
        "2006-05": {
            "month": "2006-05",
            "price": "23.61",
            "revenue": 362681
        },
        "2006-06": {
            "month": "2006-06",
            "price": "20.21",
            "revenue": 317116
        },
        "2006-07": {
            "month": "2006-07",
            "price": "19.27",
            "revenue": 269563
        },
        "2006-08": {
            "month": "2006-08",
            "price": "18.80",
            "revenue": 280361
        },
        "2006-09": {
            "month": "2006-09",
            "price": "17.52",
            "revenue": 281303
        },
        "2006-10": {
            "month": "2006-10",
            "price": "20.35",
            "revenue": 419434
        },
        "2006-11": {
            "month": "2006-11",
            "price": "22.81",
            "revenue": 524302
        },
        "2006-12": {
            "month": "2006-12",
            "price": "23.92",
            "revenue": 460091
        },
        "2007-01": {
            "month": "2007-01",
            "price": "22.93",
            "revenue": 475386
        },
        "2007-02": {
            "month": "2007-02",
            "price": "23.78",
            "revenue": 433597
        },
        "2007-03": {
            "month": "2007-03",
            "price": "33.62",
            "revenue": 546782
        },
        "2007-04": {
            "month": "2007-04",
            "price": "39.19",
            "revenue": 526600
        },
        "2007-05": {
            "month": "2007-05",
            "price": "40.67",
            "revenue": 411605
        },
        "2007-06": {
            "month": "2007-06",
            "price": "45.14",
            "revenue": 441829
        },
        "2007-07": {
            "month": "2007-07",
            "price": "52.35",
            "revenue": 418109
        },
        "2007-08": {
            "month": "2007-08",
            "price": "54.09",
            "revenue": 501048
        },
        "2007-09": {
            "month": "2007-09",
            "price": "56.25",
            "revenue": 481047
        },
        "2007-10": {
            "month": "2007-10",
            "price": "51.04",
            "revenue": 584823
        },
        "2007-11": {
            "month": "2007-11",
            "price": "39.89",
            "revenue": 521093
        },
        "2007-12": {
            "month": "2007-12",
            "price": "36.10",
            "revenue": 507602
        },
        "2008-01": {
            "month": "2008-01",
            "price": "31.94",
            "revenue": 449409
        },
        "2008-02": {
            "month": "2008-02",
            "price": "30.04",
            "revenue": 251922
        },
        "2008-03": {
            "month": "2008-03",
            "price": "30.58",
            "revenue": 446312
        },
        "2008-04": {
            "month": "2008-04",
            "price": "31.34",
            "revenue": 469711
        },
        "2008-05": {
            "month": "2008-05",
            "price": "33.24",
            "revenue": 495323
        },
        "2008-06": {
            "month": "2008-06",
            "price": "26.52",
            "revenue": 433304
        },
        "2008-07": {
            "month": "2008-07",
            "price": "24.10",
            "revenue": 461523
        },
        "2008-08": {
            "month": "2008-08",
            "price": "21.56",
            "revenue": 520299
        },
        "2008-09": {
            "month": "2008-09",
            "price": "18.42",
            "revenue": 507959
        },
        "2008-10": {
            "month": "2008-10",
            "price": "14.19",
            "revenue": 620541
        },
        "2008-11": {
            "month": "2008-11",
            "price": "12.75",
            "revenue": 761436
        },
        "2008-12": {
            "month": "2008-12",
            "price": "14.86",
            "revenue": 1044948
        },
        "2009-01": {
            "month": "2009-01",
            "price": "16.83",
            "revenue": 683916
        },
        "2009-02": {
            "month": "2009-02",
            "price": "17.82",
            "revenue": 509524
        },
        "2009-03": {
            "month": "2009-03",
            "price": "22.03",
            "revenue": 771601
        },
        "2009-04": {
            "month": "2009-04",
            "price": "26.15",
            "revenue": 757305
        },
        "2009-05": {
            "month": "2009-05",
            "price": "34.40",
            "revenue": 664736
        },
        "2009-06": {
            "month": "2009-06",
            "price": "31.73",
            "revenue": 533905
        },
        "2009-07": {
            "month": "2009-07",
            "price": "34.24",
            "revenue": 622361
        },
        "2009-08": {
            "month": "2009-08",
            "price": "33.43",
            "revenue": 670404
        },
        "2009-09": {
            "month": "2009-09",
            "price": "35.35",
            "revenue": 696398
        },
        "2009-10": {
            "month": "2009-10",
            "price": "35.51",
            "revenue": 807221
        },
        "2009-11": {
            "month": "2009-11",
            "price": "35.85",
            "revenue": 840779
        },
        "2009-12": {
            "month": "2009-12",
            "price": "38.47",
            "revenue": 897638
        },
        "2010-01": {
            "month": "2010-01",
            "price": "36.88",
            "revenue": 854651
        },
        "2010-02": {
            "month": "2010-02",
            "price": "31.94",
            "revenue": 608164
        },
        "2010-03": {
            "month": "2010-03",
            "price": "34.40",
            "revenue": 796756
        },
        "2010-04": {
            "month": "2010-04",
            "price": "34.46",
            "revenue": 769239
        },
        "2010-05": {
            "month": "2010-05",
            "price": "31.42",
            "revenue": 956154
        },
        "2010-06": {
            "month": "2010-06",
            "price": "30.60",
            "revenue": 930569
        },
        "2010-07": {
            "month": "2010-07",
            "price": "31.84",
            "revenue": 1090441
        },
        "2010-08": {
            "month": "2010-08",
            "price": "30.32",
            "revenue": 1145351
        },
        "2010-09": {
            "month": "2010-09",
            "price": "30.53",
            "revenue": 1022499
        },
        "2010-10": {
            "month": "2010-10",
            "price": "30.00",
            "revenue": 1107046
        },
        "2010-11": {
            "month": "2010-11",
            "price": "28.40",
            "revenue": 1237776
        },
        "2010-12": {
            "month": "2010-12",
            "price": "29.98",
            "revenue": 1369326
        },
        "2011-01": {
            "month": "2011-01",
            "price": "28.77",
            "revenue": 1098185
        },
        "2011-02": {
            "month": "2011-02",
            "price": "26.92",
            "revenue": 573328
        },
        "2011-03": {
            "month": "2011-03",
            "price": "25.55",
            "revenue": 1049226
        },
        "2011-04": {
            "month": "2011-04",
            "price": "27.02",
            "revenue": 1090813
        },
        "2011-05": {
            "month": "2011-05",
            "price": "28.14",
            "revenue": 1025260
        },
        "2011-06": {
            "month": "2011-06",
            "price": "28.27",
            "revenue": 893271
        },
        "2011-07": {
            "month": "2011-07",
            "price": "28.37",
            "revenue": 927570
        },
        "2011-08": {
            "month": "2011-08",
            "price": "25.84",
            "revenue": 985770
        },
        "2011-09": {
            "month": "2011-09",
            "price": "24.64",
            "revenue": 1071304
        },
        "2011-10": {
            "month": "2011-10",
            "price": "25.16",
            "revenue": 1005877
        },
        "2011-11": {
            "month": "2011-11",
            "price": "24.65",
            "revenue": 953913
        },
        "2011-12": {
            "month": "2011-12",
            "price": "22.63",
            "revenue": 955572
        },
        "2012-01": {
            "month": "2012-01",
            "price": "23.14",
            "revenue": 640880
        },
        "2012-02": {
            "month": "2012-02",
            "price": "25.78",
            "revenue": 705283
        },
        "2012-03": {
            "month": "2012-03",
            "price": "26.58",
            "revenue": 1105504
        },
        "2012-04": {
            "month": "2012-04",
            "price": "24.69",
            "revenue": 1052631
        },
        "2012-05": {
            "month": "2012-05",
            "price": "24.70",
            "revenue": 1152807
        },
        "2012-06": {
            "month": "2012-06",
            "price": "24.46",
            "revenue": 1254195
        },
        "2012-07": {
            "month": "2012-07",
            "price": "26.10",
            "revenue": 1086392
        },
        "2012-08": {
            "month": "2012-08",
            "price": "26.13",
            "revenue": 1039865
        },
        "2012-09": {
            "month": "2012-09",
            "price": "27.11",
            "revenue": 1237203
        },
        "2012-10": {
            "month": "2012-10",
            "price": "26.82",
            "revenue": 1215238
        },
        "2012-11": {
            "month": "2012-11",
            "price": "25.57",
            "revenue": 1125505
        },
        "2012-12": {
            "month": "2012-12",
            "price": "25.70",
            "revenue": 1075914
        },
        "2013-01": {
            "month": "2013-01",
            "price": "26.45",
            "revenue": 1048941
        },
        "2013-02": {
            "month": "2013-02",
            "price": "27.05",
            "revenue": 508852
        },
        "2013-03": {
            "month": "2013-03",
            "price": "26.88",
            "revenue": 1291978
        },
        "2013-04": {
            "month": "2013-04",
            "price": "26.39",
            "revenue": 949853
        },
        "2013-05": {
            "month": "2013-05",
            "price": "27.42",
            "revenue": 1168007
        },
        "2013-06": {
            "month": "2013-06",
            "price": "27.75",
            "revenue": 1151429
        },
        "2013-07": {
            "month": "2013-07",
            "price": "27.47",
            "revenue": 924274
        },
        "2013-08": {
            "month": "2013-08",
            "price": "24.63",
            "revenue": 895197
        },
        "2013-09": {
            "month": "2013-09",
            "price": "24.63",
            "revenue": 778493
        },
        "2013-10": {
            "month": "2013-10",
            "price": "23.23",
            "revenue": 981658
        },
        "2013-11": {
            "month": "2013-11",
            "price": "22.18",
            "revenue": 1065998
        },
        "2013-12": {
            "month": "2013-12",
            "price": "22.07",
            "revenue": 1036316
        },
        "2014-01": {
            "month": "2014-01",
            "price": "23.48",
            "revenue": 802763
        },
        "2014-02": {
            "month": "2014-02",
            "price": "22.77",
            "revenue": 417588
        },
        "2014-03": {
            "month": "2014-03",
            "price": "22.60",
            "revenue": 691399
        },
        "2014-04": {
            "month": "2014-04",
            "price": "22.59",
            "revenue": 611815
        },
        "2014-05": {
            "month": "2014-05",
            "price": "21.54",
            "revenue": 654495
        },
        "2014-06": {
            "month": "2014-06",
            "price": "20.52",
            "revenue": 527766
        },
        "2014-07": {
            "month": "2014-07",
            "price": "18.52",
            "revenue": 500995
        },
        "2014-08": {
            "month": "2014-08",
            "price": "15.91",
            "revenue": 463679
        },
        "2014-09": {
            "month": "2014-09",
            "price": "15.27",
            "revenue": 566185
        },
        "2014-10": {
            "month": "2014-10",
            "price": "12.78",
            "revenue": 647625
        },
        "2014-11": {
            "month": "2014-11",
            "price": "12.74",
            "revenue": 770200
        },
        "2014-12": {
            "month": "2014-12",
            "price": "13.52",
            "revenue": 769594
        },
        "2015-01": {
            "month": "2015-01",
            "price": "13.84",
            "revenue": 610474
        },
        "2015-02": {
            "month": "2015-02",
            "price": "13.32",
            "revenue": 383859
        },
        "2015-03": {
            "month": "2015-03",
            "price": "13.01",
            "revenue": 563763
        },
        "2015-04": {
            "month": "2015-04",
            "price": "11.84",
            "revenue": 762426
        },
        "2015-05": {
            "month": "2015-05",
            "price": "11.35",
            "revenue": 749077
        },
        "2015-06": {
            "month": "2015-06",
            "price": "9.72",
            "revenue": 745178
        },
        "2015-07": {
            "month": "2015-07",
            "price": "9.19",
            "revenue": 689673
        },
        "2015-08": {
            "month": "2015-08",
            "price": "7.76",
            "revenue": 764282
        },
        "2015-09": {
            "month": "2015-09",
            "price": "7.70",
            "revenue": 647769
        },
        "2015-10": {
            "month": "2015-10",
            "price": "8.84",
            "revenue": 610771
        },
        "2015-11": {
            "month": "2015-11",
            "price": "7.55",
            "revenue": 763622
        },
        "2015-12": {
            "month": "2015-12",
            "price": "7.11",
            "revenue": 983961
        },
        "2016-01": {
            "month": "2016-01",
            "price": "7.09",
            "revenue": 698241
        },
        "2016-02": {
            "month": "2016-02",
            "price": "7.80",
            "revenue": 430309
        },
        "2016-03": {
            "month": "2016-03",
            "price": "10.49",
            "revenue": 853460
        },
        "2016-04": {
            "month": "2016-04",
            "price": "11.24",
            "revenue": 635042
        },
        "2016-05": {
            "month": "2016-05",
            "price": "10.26",
            "revenue": 721519
        },
        "2016-06": {
            "month": "2016-06",
            "price": "10.29",
            "revenue": 747317
        },
        "2016-07": {
            "month": "2016-07",
            "price": "10.30",
            "revenue": 753511
        },
        "2016-08": {
            "month": "2016-08",
            "price": "10.03",
            "revenue": 742751
        },
        "2016-09": {
            "month": "2016-09",
            "price": "9.68",
            "revenue": 845019
        },
        "2016-10": {
            "month": "2016-10",
            "price": "9.57",
            "revenue": 778906
        },
        "2016-11": {
            "month": "2016-11",
            "price": "9.33",
            "revenue": 875212
        },
        "2016-12": {
            "month": "2016-12",
            "price": "9.89",
            "revenue": 837226
        },
        "2017-01": {
            "month": "2017-01",
            "price": "9.98",
            "revenue": 564702
        },
        "2017-02": {
            "month": "2017-02",
            "price": "10.20",
            "revenue": 528914
        },
        "2017-03": {
            "month": "2017-03",
            "price": "10.17",
            "revenue": 818330
        },
        "2017-04": {
            "month": "2017-04",
            "price": "9.69",
            "revenue": 668958
        },
        "2017-05": {
            "month": "2017-05",
            "price": "9.30",
            "revenue": 819288
        },
        "2017-06": {
            "month": "2017-06",
            "price": "9.61",
            "revenue": 749387
        },
        "2017-07": {
            "month": "2017-07",
            "price": "9.76",
            "revenue": 550498
        },
        "2017-08": {
            "month": "2017-08",
            "price": "9.30",
            "revenue": 746065
        },
        "2017-09": {
            "month": "2017-09",
            "price": "9.37",
            "revenue": 634710
        },
        "2017-10": {
            "month": "2017-10",
            "price": "9.16",
            "revenue": 517776
        },
        "2017-11": {
            "month": "2017-11",
            "price": "8.89",
            "revenue": 810901
        },
        "2017-12": {
            "month": "2017-12",
            "price": "8.46",
            "revenue": 752160
        },
        "2018-01": {
            "month": "2018-01",
            "price": "9.02",
            "revenue": 606173
        },
        "2018-02": {
            "month": "2018-02",
            "price": "8.35",
            "revenue": 291077
        },
        "2018-03": {
            "month": "2018-03",
            "price": "8.31",
            "revenue": 583613
        },
        "2018-04": {
            "month": "2018-04",
            "price": "7.96",
            "revenue": 754150
        },
        "2018-05": {
            "month": "2018-05",
            "price": "7.44",
            "revenue": 670923
        },
        "2018-06": {
            "month": "2018-06",
            "price": "8.76",
            "revenue": 591792
        },
        "2018-07": {
            "month": "2018-07",
            "price": "7.91",
            "revenue": 461629
        },
        "2018-08": {
            "month": "2018-08",
            "price": "7.14",
            "revenue": 735343
        },
        "2018-09": {
            "month": "2018-09",
            "price": "6.20",
            "revenue": 469358
        },
        "2018-10": {
            "month": "2018-10",
            "price": "4.76",
            "revenue": 484176
        },
        "2018-11": {
            "month": "2018-11",
            "price": "4.50",
            "revenue": 414126
        },
        "2018-12": {
            "month": "2018-12",
            "price": "4.62",
            "revenue": 306533
        },
        "2019-01": {
            "month": "2019-01",
            "price": "4.53",
            "revenue": 412600
        },
        "2019-02": {
            "month": "2019-02",
            "price": "4.86",
            "revenue": 140095
        },
        "2019-03": {
            "month": "2019-03",
            "price": "4.74",
            "revenue": 328170
        },
        "2019-04": {
            "month": "2019-04",
            "price": "4.82",
            "revenue": 342185
        },
        "2019-05": {
            "month": "2019-05",
            "price": "4.74",
            "revenue": 422561
        },
        "2019-06": {
            "month": "2019-06",
            "price": "4.98",
            "revenue": 402127
        },
        "2019-07": {
            "month": "2019-07",
            "price": "5.97",
            "revenue": 435258
        },
        "2019-08": {
            "month": "2019-08",
            "price": "6.39",
            "revenue": 428311
        },
        "2019-09": {
            "month": "2019-09",
            "price": "7.22",
            "revenue": 443877
        },
        "2019-10": {
            "month": "2019-10",
            "price": "7.07",
            "revenue": 382013
        },
        "2019-11": {
            "month": "2019-11",
            "price": "7.01",
            "revenue": 376276
        },
        "2019-12": {
            "month": "2019-12",
            "price": "7.15",
            "revenue": 439174
        },
        "2020-01": {
            "month": "2020-01",
            "price": "7.13",
            "revenue": 156951
        },
        "2020-02": {
            "month": "2020-02",
            "price": "6.38",
            "revenue": 91348
        },
        "2020-03": {
            "month": "2020-03",
            "price": "5.02",
            "revenue": 158944
        },
        "2020-04": {
            "month": "2020-04",
            "price": "5.60",
            "revenue": 168752
        },
        "2020-05": {
            "month": "2020-05",
            "price": "6.11",
            "revenue": 225791
        },
        "2020-06": {
            "month": "2020-06",
            "price": "6.01",
            "revenue": 301892
        },
        "2020-07": {
            "month": "2020-07",
            "price": "6.70",
            "revenue": 296484
        },
        "2020-08": {
            "month": "2020-08",
            "price": "7.40",
            "revenue": 313602
        },
        "2020-09": {
            "month": "2020-09",
            "price": "8.88",
            "revenue": 333184
        },
        "2020-10": {
            "month": "2020-10",
            "price": "9.36",
            "revenue": 268070
        },
        "2020-11": {
            "month": "2020-11",
            "price": "11.34",
            "revenue": 328982
        },
        "2020-12": {
            "month": "2020-12",
            "price": "12.85",
            "revenue": 410507
        },
        "2021-01": {
            "month": "2021-01",
            "price": "11.60",
            "revenue": 247593
        },
        "2021-02": {
            "month": "2021-02",
            "price": "9.86",
            "revenue": 212880
        },
        "2021-03": {
            "month": "2021-03",
            "price": "10.48",
            "revenue": 217431
        },
        "2021-04": {
            "month": "2021-04",
            "price": "12.33",
            "revenue": 277482
        },
        "2021-05": {
            "month": "2021-05",
            "price": "10.64",
            "revenue": 294859
        },
        "2021-06": {
            "month": "2021-06",
            "price": "10.32",
            "revenue": 303743
        },
        "2021-07": {
            "month": "2021-07",
            "price": "9.97",
            "revenue": 329175
        },
        "2021-08": {
            "month": "2021-08",
            "price": "8.74",
            "revenue": 289351
        },
        "2021-09": {
            "month": "2021-09",
            "price": "8.31",
            "revenue": 394330
        },
        "2021-10": {
            "month": "2021-10",
            "price": "8.34",
            "revenue": 395591
        },
        "2021-11": {
            "month": "2021-11",
            "price": "10.10",
            "revenue": 352245
        },
        "2021-12": {
            "month": "2021-12",
            "price": "11.71",
            "revenue": 479605
        },
        "2022-01": {
            "month": "2022-01",
            "price": "11.48",
            "revenue": 227266
        },
        "2022-02": {
            "month": "2022-02",
            "price": "10.55",
            "revenue": 176771
        },
        "2022-03": {
            "month": "2022-03",
            "price": "9.80",
            "revenue": 174063
        },
        "2022-04": {
            "month": "2022-04",
            "price": "9.17",
            "revenue": 304669
        },
        "2022-05": {
            "month": "2022-05",
            "price": "9.17",
            "revenue": 326274
        },
        "2022-06": {
            "month": "2022-06",
            "price": "9.61",
            "revenue": 384021
        },
        "2022-07": {
            "month": "2022-07",
            "price": "9.66",
            "revenue": 341758
        },
        "2022-08": {
            "month": "2022-08",
            "price": "10.89",
            "revenue": 482327
        },
        "2022-09": {
            "month": "2022-09",
            "price": "11.08",
            "revenue": 412127
        },
        "2022-10": {
            "month": "2022-10",
            "price": "9.94",
            "revenue": 453053
        },
        "2022-11": {
            "month": "2022-11",
            "price": "10.73",
            "revenue": 298993
        },
        "2022-12": {
            "month": "2022-12",
            "price": "10.38",
            "revenue": 358120
        },
        "2023-01": {
            "month": "2023-01",
            "price": "9.89",
            "revenue": 128310
        },
        "2023-02": {
            "month": "2023-02",
            "price": "9.99",
            "revenue": 192489
        },
        "2023-03": {
            "month": "2023-03",
            "price": "10.39",
            "revenue": 243583
        },
        "2023-04": {
            "month": "2023-04",
            "price": "11.90",
            "revenue": 191759
        },
        "2023-05": {
            "month": "2023-05",
            "price": "10.96",
            "revenue": 152093
        },
        "2023-06": {
            "month": "2023-06",
            "price": "10.41",
            "revenue": 317206
        },
        "2023-07": {
            "month": "2023-07",
            "price": "10.33",
            "revenue": 156640
        },
        "2023-08": {
            "month": "2023-08",
            "price": "10.29",
            "revenue": 146800
        },
        "2023-09": {
            "month": "2023-09",
            "price": "10.17",
            "revenue": 127948
        },
        "2023-10": {
            "month": "2023-10",
            "price": "9.60",
            "revenue": 212756
        },
        "2023-11": {
            "month": "2023-11",
            "price": "9.82",
            "revenue": 164735
        },
        "2023-12": {
            "month": "2023-12",
            "price": "10.30",
            "revenue": 155756
        }
    }
}
