{
    "summary": {
        "stock_name": "嘉聯益",
        "stock_id": "6153",
        "category": "電子零組件",
        "main_business": "軟性電路板(FPC)之設計、研究、開發、製造、加工及買賣之業務",
        "website_url": "http://www.careergroups.com",
        "ceo": "張家豪",
        "pe_ratio": -18,
        "report_year_from": 2001,
        "report_year_to": 2023,
        "age": 22,
        "eps_negative_percentage": 9,
        "eps_growth_avg": {
            "last_all": -5.38,
            "last_2y": -37.1,
            "last_4y": -7.04,
            "last_8y": -21.47,
            "last_12y": -8.27,
            "last_16y": -11.01,
            "last_20y": -5.38,
            "at_2006_last_3y": 23.15,
            "at_2007_last_3y": -13.35,
            "at_2008_last_3y": -55.39,
            "at_2009_last_3y": -19.21,
            "at_2010_last_3y": 12.51,
            "at_2011_last_3y": 33.22,
            "at_2012_last_3y": 51.4,
            "at_2013_last_3y": 18.12,
            "at_2014_last_3y": -16.41,
            "at_2015_last_3y": -10.2,
            "at_2016_last_3y": -26.47,
            "at_2017_last_3y": -35.9,
            "at_2018_last_3y": -1.37,
            "at_2019_last_3y": -28.06,
            "at_2020_last_3y": 0.25,
            "at_2021_last_3y": -7.04,
            "at_2022_last_3y": -42.72,
            "at_2023_last_3y": -42.72,
            "at_2006_last_all": 8.32,
            "at_2007_last_all": -2.21,
            "at_2008_last_all": -15.48,
            "at_2009_last_all": -1.05,
            "at_2010_last_all": 10.18,
            "at_2011_last_all": 11.96,
            "at_2012_last_all": 8.84,
            "at_2013_last_all": 5.34,
            "at_2014_last_all": 2,
            "at_2015_last_all": 5.63,
            "at_2016_last_all": -0.58,
            "at_2017_last_all": -4.97,
            "at_2018_last_all": 1.21,
            "at_2019_last_all": -1.86,
            "at_2020_last_all": -0.4,
            "at_2021_last_all": -5.38,
            "at_2022_last_all": -5.38,
            "at_2023_last_all": -5.38
        },
        "latest_eps": -1.32,
        "latest_price": 23.9,
        "latest_roe": -5.19,
        "latest_gross_margin": -9.89,
        "latest_equity": 13819086,
        "latest_revenue": 2789887,
        "latest_gross_profit": -276048,
        "latest_net_income": -589331,
        "latest_debt_ratio": 41.92,
        "latest_current_ratio": 166.17,
        "latest_account_receivable_turnover_ratio": 1.14,
        "latest_inventory_turnover_ratio": 1.92,
        "latest_reinvestment_rate": null,
        "latest_research_to_sale_ratio": 5.97
    },
    "eps_dividends": {
        "2001": {
            "cash": 1,
            "stock": 3,
            "eps": 3.45
        },
        "2002": {
            "cash": 1,
            "stock": 2,
            "eps": 1.69
        },
        "2003": {
            "cash": 0,
            "stock": 1.5,
            "eps": 3.23
        },
        "2004": {
            "cash": 0.61,
            "stock": 1.01,
            "eps": 5.59
        },
        "2005": {
            "cash": 1.84,
            "stock": 1.84,
            "eps": 3.09
        },
        "2006": {
            "cash": 1.2,
            "stock": 1.2,
            "eps": 2.26
        },
        "2007": {
            "cash": 1,
            "stock": 0.5,
            "eps": 1.02
        },
        "2008": {
            "cash": 0.6,
            "stock": 0.1,
            "eps": 0.05
        },
        "2009": {
            "cash": 0,
            "stock": 0,
            "eps": 1.33
        },
        "2010": {
            "cash": 1.09,
            "stock": 0,
            "eps": 3.04
        },
        "2011": {
            "cash": 4,
            "stock": 0,
            "eps": 3.89
        },
        "2012": {
            "cash": 0,
            "stock": 0,
            "eps": 3.02
        },
        "2013": {
            "cash": 1.5,
            "stock": 0,
            "eps": 2.02
        },
        "2014": {
            "cash": 1,
            "stock": 0,
            "eps": 1.25
        },
        "2015": {
            "cash": 0.63,
            "stock": 0,
            "eps": 1.91
        },
        "2016": {
            "cash": 1,
            "stock": 0,
            "eps": 0.24
        },
        "2017": {
            "cash": 0.5,
            "stock": 0,
            "eps": 0.07
        },
        "2018": {
            "cash": 0.2,
            "stock": 0,
            "eps": 2.02
        },
        "2019": {
            "cash": 0.3,
            "stock": 0.3,
            "eps": 0.93
        },
        "2020": {
            "cash": 0.05,
            "stock": 0.2,
            "eps": 1.17
        },
        "2021": {
            "cash": 0.5,
            "stock": 0,
            "eps": -0.88
        },
        "2022": {
            "cash": 0,
            "stock": 0,
            "eps": 0.81
        },
        "2023": {
            "cash": 0.24,
            "stock": 0,
            "eps": -2.61
        }
    },
    "dividends": {
        "2001-05-08": {
            "cash": 1,
            "stock": 3
        },
        "2002-06-28": {
            "cash": 1,
            "stock": 2
        },
        "2003-04-15": {
            "cash": 0,
            "stock": 1.5
        },
        "2004-03-25": {
            "cash": 0.61,
            "stock": 1.01
        },
        "2005-04-28": {
            "cash": 1.84,
            "stock": 1.84
        },
        "2006-03-28": {
            "cash": 1.2,
            "stock": 1.2
        },
        "2007-03-27": {
            "cash": 1,
            "stock": 0.5
        },
        "2008-03-25": {
            "cash": 0.6,
            "stock": 0.1
        },
        "2010-03-12": {
            "cash": 1.09,
            "stock": 0
        },
        "2011-01-01": {
            "cash": 2,
            "stock": 0
        },
        "2011-06-09": {
            "cash": 2,
            "stock": 0
        },
        "2013-03-26": {
            "cash": 1.5,
            "stock": 0
        },
        "2014-06-06": {
            "cash": 1,
            "stock": 0
        },
        "2015-09-25": {
            "cash": 0.63,
            "stock": 0
        },
        "2016-09-27": {
            "cash": 1,
            "stock": 0
        },
        "2017-09-29": {
            "cash": 0.5,
            "stock": 0
        },
        "2018-09-27": {
            "cash": 0.2,
            "stock": 0
        },
        "2019-09-11": {
            "cash": 0.3,
            "stock": 0.3
        },
        "2020-09-17": {
            "cash": 0.05,
            "stock": 0.2
        },
        "2021-09-16": {
            "cash": 0.5,
            "stock": 0
        },
        "2023-09-21": {
            "cash": 0.24,
            "stock": 0
        }
    },
    "prices": {
        "200101": "無",
        "200102": "無",
        "200103": "無",
        "200104": "無",
        "200105": "無",
        "200106": "無",
        "200107": "無",
        "200108": "無",
        "200109": "無",
        "200110": "無",
        "200111": "無",
        "200112": "無",
        "200201": "無",
        "200202": "62.15",
        "200203": "68.60",
        "200204": "64.43",
        "200205": "48.99",
        "200206": "47.70",
        "200207": "43.21",
        "200208": "28.64",
        "200209": "25.28",
        "200210": "27.09",
        "200211": "29.22",
        "200212": "33.73",
        "200301": "31.33",
        "200302": "31.96",
        "200303": "28.66",
        "200304": "28.33",
        "200305": "28.42",
        "200306": "34.95",
        "200307": "38.17",
        "200308": "43.60",
        "200309": "44.38",
        "200310": "48.03",
        "200311": "47.34",
        "200312": "46.97",
        "200401": "57.59",
        "200402": "59.28",
        "200403": "55.78",
        "200404": "61.18",
        "200405": "59.98",
        "200406": "52.36",
        "200407": "47.45",
        "200408": "49.72",
        "200409": "52.23",
        "200410": "50.06",
        "200411": "45.71",
        "200412": "46.00",
        "200501": "43.12",
        "200502": "48.12",
        "200503": "48.79",
        "200504": "46.71",
        "200505": "42.14",
        "200506": "46.97",
        "200507": "50.34",
        "200508": "44.93",
        "200509": "38.76",
        "200510": "33.86",
        "200511": "30.41",
        "200512": "34.49",
        "200601": "34.68",
        "200602": "32.46",
        "200603": "31.12",
        "200604": "35.63",
        "200605": "30.60",
        "200606": "25.56",
        "200607": "25.60",
        "200608": "25.22",
        "200609": "25.88",
        "200610": "26.88",
        "200611": "25.95",
        "200612": "26.61",
        "200701": "28.93",
        "200702": "27.30",
        "200703": "28.22",
        "200704": "28.61",
        "200705": "26.40",
        "200706": "28.65",
        "200707": "29.23",
        "200708": "27.16",
        "200709": "24.43",
        "200710": "23.98",
        "200711": "20.90",
        "200712": "17.46",
        "200801": "14.37",
        "200802": "14.09",
        "200803": "14.15",
        "200804": "15.47",
        "200805": "15.24",
        "200806": "12.86",
        "200807": "9.42",
        "200808": "11.64",
        "200809": "11.01",
        "200810": "9.75",
        "200811": "8.43",
        "200812": "8.18",
        "200901": "8.35",
        "200902": "8.80",
        "200903": "10.99",
        "200904": "12.55",
        "200905": "13.71",
        "200906": "14.04",
        "200907": "15.12",
        "200908": "15.36",
        "200909": "20.74",
        "200910": "21.81",
        "200911": "21.02",
        "200912": "24.95",
        "201001": "24.88",
        "201002": "22.71",
        "201003": "25.02",
        "201004": "27.61",
        "201005": "29.66",
        "201006": "30.49",
        "201007": "29.91",
        "201008": "34.68",
        "201009": "44.04",
        "201010": "40.12",
        "201011": "39.73",
        "201012": "44.78",
        "201101": "49.43",
        "201102": "52.23",
        "201103": "51.44",
        "201104": "57.91",
        "201105": "57.27",
        "201106": "58.79",
        "201107": "62.10",
        "201108": "59.87",
        "201109": "55.75",
        "201110": "46.28",
        "201111": "41.65",
        "201112": "36.96",
        "201201": "42.60",
        "201202": "54.66",
        "201203": "53.84",
        "201204": "45.96",
        "201205": "43.55",
        "201206": "46.40",
        "201207": "44.58",
        "201208": "44.09",
        "201209": "42.62",
        "201210": "40.82",
        "201211": "40.61",
        "201212": "40.51",
        "201301": "37.60",
        "201302": "37.16",
        "201303": "36.25",
        "201304": "35.80",
        "201305": "34.16",
        "201306": "30.54",
        "201307": "28.44",
        "201308": "30.53",
        "201309": "30.31",
        "201310": "29.09",
        "201311": "25.78",
        "201312": "27.48",
        "201401": "31.95",
        "201402": "32.37",
        "201403": "33.16",
        "201404": "38.44",
        "201405": "43.06",
        "201406": "45.92",
        "201407": "44.06",
        "201408": "42.26",
        "201409": "41.62",
        "201410": "36.34",
        "201411": "33.78",
        "201412": "32.04",
        "201501": "33.96",
        "201502": "33.86",
        "201503": "34.90",
        "201504": "31.22",
        "201505": "28.25",
        "201506": "24.00",
        "201507": "25.66",
        "201508": "23.98",
        "201509": "24.79",
        "201510": "26.20",
        "201511": "25.82",
        "201512": "25.35",
        "201601": "21.53",
        "201602": "22.12",
        "201603": "23.04",
        "201604": "20.70",
        "201605": "17.55",
        "201606": "16.84",
        "201607": "17.49",
        "201608": "19.24",
        "201609": "19.29",
        "201610": "20.42",
        "201611": "18.70",
        "201612": "18.45",
        "201701": "17.80",
        "201702": "18.95",
        "201703": "19.44",
        "201704": "20.54",
        "201705": "19.90",
        "201706": "20.60",
        "201707": "20.12",
        "201708": "19.03",
        "201709": "22.69",
        "201710": "30.49",
        "201711": "41.60",
        "201712": "42.26",
        "201801": "45.03",
        "201802": "39.69",
        "201803": "40.43",
        "201804": "42.07",
        "201805": "60.12",
        "201806": "67.02",
        "201807": "55.25",
        "201808": "54.85",
        "201809": "42.57",
        "201810": "37.76",
        "201811": "32.78",
        "201812": "28.57",
        "201901": "25.48",
        "201902": "28.83",
        "201903": "31.18",
        "201904": "33.58",
        "201905": "29.43",
        "201906": "29.61",
        "201907": "32.56",
        "201908": "32.21",
        "201909": "35.20",
        "201910": "37.58",
        "201911": "36.93",
        "201912": "35.37",
        "202001": "34.63",
        "202002": "32.19",
        "202003": "26.38",
        "202004": "26.75",
        "202005": "27.35",
        "202006": "29.10",
        "202007": "29.54",
        "202008": "29.47",
        "202009": "28.12",
        "202010": "28.35",
        "202011": "33.51",
        "202012": "36.00",
        "202101": "35.79",
        "202102": "34.39",
        "202103": "36.18",
        "202104": "37.10",
        "202105": "29.29",
        "202106": "30.35",
        "202107": "30.66",
        "202108": "27.82",
        "202109": "25.98",
        "202110": "24.12",
        "202111": "25.42",
        "202112": "25.21",
        "202201": "25.30",
        "202202": "24.24",
        "202203": "23.30",
        "202204": "21.95",
        "202205": "20.86",
        "202206": "23.30",
        "202207": "21.40",
        "202208": "24.55",
        "202209": "26.89",
        "202210": "24.86",
        "202211": "28.17",
        "202212": "25.11",
        "202301": "24.00",
        "202302": "24.38",
        "202303": "23.86",
        "202304": "23.70",
        "202305": "23.10",
        "202306": "24.06",
        "202307": "24.69",
        "202308": "22.48",
        "202309": "22.67"
    },
    "quarters": {
        "20011": {
            "year_quarter": 20011,
            "year": 2001,
            "quarter": 1,
            "eps": 1.06,
            "eps_growth_year": null,
            "eps_4q": null,
            "eps_4q_growth_year": null,
            "roe": 4.63,
            "roe_4q": 4.63,
            "gross_profit": 78410,
            "gross_margin": 25.8,
            "gross_margin_4q_avg": 25.8,
            "net_income": 44664,
            "revenue": 303947,
            "common_shares": 422663,
            "book_valuer_per_share": 23.26,
            "book_valuer_per_share_4q_avg": 23.26,
            "equity": 983152,
            "current_ratio": 376.95,
            "debt_ratio": 19.72,
            "inventory_turnover_ratio": 0.93,
            "account_receivable_turnover_ratio": null,
            "reinvestment_rate": null,
            "research_to_sale_ratio": null,
            "price_fair": 0,
            "eps_avg_yearly": 0,
            "eps_latest_yearly": 0,
            "eps_growth_yearly": 0
        },
        "20012": {
            "year_quarter": 20012,
            "year": 2001,
            "quarter": 2,
            "eps": 0.86,
            "eps_growth_year": null,
            "eps_4q": null,
            "eps_4q_growth_year": null,
            "roe": 4.85,
            "roe_4q": 9.48,
            "gross_profit": 74222,
            "gross_margin": 27.96,
            "gross_margin_4q_avg": 26.88,
            "net_income": 47900,
            "revenue": 265490,
            "common_shares": 422663,
            "book_valuer_per_share": 23.49,
            "book_valuer_per_share_4q_avg": 23.38,
            "equity": 993033,
            "current_ratio": 295.95,
            "debt_ratio": 23.81,
            "inventory_turnover_ratio": 0.79,
            "account_receivable_turnover_ratio": null,
            "reinvestment_rate": null,
            "research_to_sale_ratio": null,
            "price_fair": 0,
            "eps_avg_yearly": 0,
            "eps_latest_yearly": 0,
            "eps_growth_yearly": 0
        },
        "20013": {
            "year_quarter": 20013,
            "year": 2001,
            "quarter": 3,
            "eps": 0.85,
            "eps_growth_year": null,
            "eps_4q": null,
            "eps_4q_growth_year": null,
            "roe": 4.68,
            "roe_4q": 14.16,
            "gross_profit": 93776,
            "gross_margin": 29.1,
            "gross_margin_4q_avg": 27.62,
            "net_income": 47638,
            "revenue": 322295,
            "common_shares": 559870,
            "book_valuer_per_share": 18.64,
            "book_valuer_per_share_4q_avg": 21.8,
            "equity": 1043622,
            "current_ratio": 340.34,
            "debt_ratio": 20.61,
            "inventory_turnover_ratio": 0.9,
            "account_receivable_turnover_ratio": null,
            "reinvestment_rate": null,
            "research_to_sale_ratio": null,
            "price_fair": 0,
            "eps_avg_yearly": 0,
            "eps_latest_yearly": 0,
            "eps_growth_yearly": 0
        },
        "20014": {
            "year_quarter": 20014,
            "year": 2001,
            "quarter": 4,
            "eps": 0.68,
            "eps_growth_year": null,
            "eps_4q": 3.2,
            "eps_4q_growth_year": null,
            "roe": 3.56,
            "roe_4q": 17.72,
            "gross_profit": 71711,
            "gross_margin": 26.01,
            "gross_margin_4q_avg": 27.22,
            "net_income": 37894,
            "revenue": 275756,
            "common_shares": 559870,
            "book_valuer_per_share": 19.42,
            "book_valuer_per_share_4q_avg": 21.2,
            "equity": 1087503,
            "current_ratio": 373.67,
            "debt_ratio": 18.69,
            "inventory_turnover_ratio": 0.8,
            "account_receivable_turnover_ratio": null,
            "reinvestment_rate": null,
            "research_to_sale_ratio": null,
            "price_fair": 0,
            "eps_avg_yearly": 0,
            "eps_latest_yearly": 0,
            "eps_growth_yearly": 0
        },
        "20021": {
            "year_quarter": 20021,
            "year": 2002,
            "quarter": 1,
            "eps": 0.5,
            "eps_growth_year": -52.83,
            "eps_4q": 2.91,
            "eps_4q_growth_year": null,
            "roe": 2.52,
            "roe_4q": 15.61,
            "gross_profit": 64074,
            "gross_margin": 25.39,
            "gross_margin_4q_avg": 27.12,
            "net_income": 27730,
            "revenue": 252325,
            "common_shares": 559870,
            "book_valuer_per_share": 19.92,
            "book_valuer_per_share_4q_avg": 20.37,
            "equity": 1115242,
            "current_ratio": 439.36,
            "debt_ratio": 15.62,
            "inventory_turnover_ratio": 0.73,
            "account_receivable_turnover_ratio": null,
            "reinvestment_rate": null,
            "research_to_sale_ratio": null,
            "price_fair": 6,
            "eps_avg_yearly": 2,
            "eps_latest_yearly": 2,
            "eps_growth_yearly": -105.88
        },
        "20022": {
            "year_quarter": 20022,
            "year": 2002,
            "quarter": 2,
            "eps": 0.31,
            "eps_growth_year": -63.95,
            "eps_4q": 2.3,
            "eps_4q_growth_year": null,
            "roe": 1.61,
            "roe_4q": 12.37,
            "gross_profit": 58625,
            "gross_margin": 23.25,
            "gross_margin_4q_avg": 25.94,
            "net_income": 17613,
            "revenue": 252104,
            "common_shares": 559870,
            "book_valuer_per_share": 19.07,
            "book_valuer_per_share_4q_avg": 19.26,
            "equity": 1067743,
            "current_ratio": 297.45,
            "debt_ratio": 23.25,
            "inventory_turnover_ratio": 0.7,
            "account_receivable_turnover_ratio": null,
            "reinvestment_rate": null,
            "research_to_sale_ratio": null,
            "price_fair": 4.86,
            "eps_avg_yearly": 1.62,
            "eps_latest_yearly": 1.24,
            "eps_growth_yearly": -128.94
        },
        "20023": {
            "year_quarter": 20023,
            "year": 2002,
            "quarter": 3,
            "eps": 0.35,
            "eps_growth_year": -58.82,
            "eps_4q": 1.58,
            "eps_4q_growth_year": null,
            "roe": 2.17,
            "roe_4q": 9.860000000000001,
            "gross_profit": 58224,
            "gross_margin": 21.38,
            "gross_margin_4q_avg": 24.01,
            "net_income": 23602,
            "revenue": 272333,
            "common_shares": 681464,
            "book_valuer_per_share": 16.21,
            "book_valuer_per_share_4q_avg": 18.66,
            "equity": 1104396,
            "current_ratio": 326.9,
            "debt_ratio": 19.63,
            "inventory_turnover_ratio": 0.69,
            "account_receivable_turnover_ratio": null,
            "reinvestment_rate": null,
            "research_to_sale_ratio": null,
            "price_fair": 4.64,
            "eps_avg_yearly": 1.55,
            "eps_latest_yearly": 1.4,
            "eps_growth_yearly": -68.76
        },
        "20024": {
            "year_quarter": 20024,
            "year": 2002,
            "quarter": 4,
            "eps": 0.53,
            "eps_growth_year": -22.06,
            "eps_4q": 1.54,
            "eps_4q_growth_year": -51.85,
            "roe": 3.24,
            "roe_4q": 9.540000000000001,
            "gross_profit": 79002,
            "gross_margin": 21.24,
            "gross_margin_4q_avg": 22.82,
            "net_income": 36219,
            "revenue": 371906,
            "common_shares": 681464,
            "book_valuer_per_share": 16.63,
            "book_valuer_per_share_4q_avg": 17.96,
            "equity": 1133906,
            "current_ratio": 232.6,
            "debt_ratio": 28.86,
            "inventory_turnover_ratio": 0.8,
            "account_receivable_turnover_ratio": null,
            "reinvestment_rate": null,
            "research_to_sale_ratio": null,
            "price_fair": 5.07,
            "eps_avg_yearly": 1.69,
            "eps_latest_yearly": 2.12,
            "eps_growth_yearly": -0.14
        },
        "20031": {
            "year_quarter": 20031,
            "year": 2003,
            "quarter": 1,
            "eps": 0.58,
            "eps_growth_year": 16,
            "eps_4q": 1.71,
            "eps_4q_growth_year": -41.04,
            "roe": 3.45,
            "roe_4q": 10.469999999999999,
            "gross_profit": 85996,
            "gross_margin": 20.87,
            "gross_margin_4q_avg": 21.69,
            "net_income": 39633,
            "revenue": 412116,
            "common_shares": 681464,
            "book_valuer_per_share": 17.11,
            "book_valuer_per_share_4q_avg": 17.26,
            "equity": 1166192,
            "current_ratio": 202.95,
            "debt_ratio": 30.66,
            "inventory_turnover_ratio": 0.74,
            "account_receivable_turnover_ratio": null,
            "reinvestment_rate": null,
            "research_to_sale_ratio": null,
            "price_fair": 31.66,
            "eps_avg_yearly": 1.82,
            "eps_latest_yearly": 2.32,
            "eps_growth_yearly": 7.44
        },
        "20032": {
            "year_quarter": 20032,
            "year": 2003,
            "quarter": 2,
            "eps": 0.83,
            "eps_growth_year": 167.74,
            "eps_4q": 1.87,
            "eps_4q_growth_year": -19.01,
            "roe": 4.83,
            "roe_4q": 13.690000000000001,
            "gross_profit": 187772,
            "gross_margin": 21.46,
            "gross_margin_4q_avg": 21.24,
            "net_income": 79714,
            "revenue": 874855,
            "common_shares": 1364391,
            "book_valuer_per_share": 15.67,
            "book_valuer_per_share_4q_avg": 16.41,
            "equity": 2137878,
            "current_ratio": 184.3,
            "debt_ratio": 35.94,
            "inventory_turnover_ratio": 1.09,
            "account_receivable_turnover_ratio": null,
            "reinvestment_rate": null,
            "research_to_sale_ratio": null,
            "price_fair": 72.33,
            "eps_avg_yearly": 2.07,
            "eps_latest_yearly": 3.32,
            "eps_growth_yearly": 34.93
        },
        "20033": {
            "year_quarter": 20033,
            "year": 2003,
            "quarter": 3,
            "eps": 0.67,
            "eps_growth_year": 91.43,
            "eps_4q": 1.86,
            "eps_4q_growth_year": 17.44,
            "roe": 3.99,
            "roe_4q": 15.51,
            "gross_profit": 260292,
            "gross_margin": 24.04,
            "gross_margin_4q_avg": 21.9,
            "net_income": 87535,
            "revenue": 1082748,
            "common_shares": 1579220,
            "book_valuer_per_share": 14.22,
            "book_valuer_per_share_4q_avg": 15.91,
            "equity": 2245056,
            "current_ratio": 219.24,
            "debt_ratio": 45.53,
            "inventory_turnover_ratio": 0.94,
            "account_receivable_turnover_ratio": null,
            "reinvestment_rate": null,
            "research_to_sale_ratio": null,
            "price_fair": 62.32,
            "eps_avg_yearly": 2.15,
            "eps_latest_yearly": 2.68,
            "eps_growth_yearly": 18.93
        },
        "20034": {
            "year_quarter": 20034,
            "year": 2003,
            "quarter": 4,
            "eps": 1.15,
            "eps_growth_year": 116.98,
            "eps_4q": 2.65,
            "eps_4q_growth_year": 71.93,
            "roe": 6.35,
            "roe_4q": 18.62,
            "gross_profit": 339792,
            "gross_margin": 22.82,
            "gross_margin_4q_avg": 22.3,
            "net_income": 159059,
            "revenue": 1488919,
            "common_shares": 1708953,
            "book_valuer_per_share": 16.17,
            "book_valuer_per_share_4q_avg": 15.79,
            "equity": 2764094,
            "current_ratio": 259.98,
            "debt_ratio": 54.05,
            "inventory_turnover_ratio": 1.1,
            "account_receivable_turnover_ratio": null,
            "reinvestment_rate": null,
            "research_to_sale_ratio": null,
            "price_fair": 86.1,
            "eps_avg_yearly": 2.46,
            "eps_latest_yearly": 4.6,
            "eps_growth_yearly": 52.38
        },
        "20041": {
            "year_quarter": 20041,
            "year": 2004,
            "quarter": 1,
            "eps": 1.47,
            "eps_growth_year": 153.45,
            "eps_4q": 3.38,
            "eps_4q_growth_year": 97.37,
            "roe": 8.41,
            "roe_4q": 23.58,
            "gross_profit": 342815,
            "gross_margin": 23.32,
            "gross_margin_4q_avg": 22.91,
            "net_income": 250953,
            "revenue": 1470144,
            "common_shares": 1757164,
            "book_valuer_per_share": 18.22,
            "book_valuer_per_share_4q_avg": 16.07,
            "equity": 3201645,
            "current_ratio": 275.94,
            "debt_ratio": 46.3,
            "inventory_turnover_ratio": 1.04,
            "account_receivable_turnover_ratio": null,
            "reinvestment_rate": null,
            "research_to_sale_ratio": null,
            "price_fair": 99.4,
            "eps_avg_yearly": 2.84,
            "eps_latest_yearly": 5.88,
            "eps_growth_yearly": 58.93
        },
        "20042": {
            "year_quarter": 20042,
            "year": 2004,
            "quarter": 2,
            "eps": 1.72,
            "eps_growth_year": 107.23,
            "eps_4q": 4.59,
            "eps_4q_growth_year": 145.81,
            "roe": 8.93,
            "roe_4q": 27.68,
            "gross_profit": 449327,
            "gross_margin": 26.3,
            "gross_margin_4q_avg": 24.12,
            "net_income": 298627,
            "revenue": 1708658,
            "common_shares": 1783356,
            "book_valuer_per_share": 19.55,
            "book_valuer_per_share_4q_avg": 17.04,
            "equity": 3486983,
            "current_ratio": 266.54,
            "debt_ratio": 44.37,
            "inventory_turnover_ratio": 1.24,
            "account_receivable_turnover_ratio": null,
            "reinvestment_rate": null,
            "research_to_sale_ratio": null,
            "price_fair": 113.54,
            "eps_avg_yearly": 3.24,
            "eps_latest_yearly": 6.88,
            "eps_growth_yearly": 59.84
        },
        "20043": {
            "year_quarter": 20043,
            "year": 2004,
            "quarter": 3,
            "eps": 1.66,
            "eps_growth_year": 147.76,
            "eps_4q": 5.28,
            "eps_4q_growth_year": 183.67,
            "roe": 8.54,
            "roe_4q": 32.23,
            "gross_profit": 452638,
            "gross_margin": 25.22,
            "gross_margin_4q_avg": 24.42,
            "net_income": 325115,
            "revenue": 1794428,
            "common_shares": 2060173,
            "book_valuer_per_share": 20.04,
            "book_valuer_per_share_4q_avg": 18.5,
            "equity": 4128623,
            "current_ratio": 272.48,
            "debt_ratio": 38.1,
            "inventory_turnover_ratio": 1.38,
            "account_receivable_turnover_ratio": null,
            "reinvestment_rate": null,
            "research_to_sale_ratio": null,
            "price_fair": 124.35,
            "eps_avg_yearly": 3.55,
            "eps_latest_yearly": 6.64,
            "eps_growth_yearly": 53.13
        },
        "20044": {
            "year_quarter": 20044,
            "year": 2004,
            "quarter": 4,
            "eps": 0.74,
            "eps_growth_year": -35.65,
            "eps_4q": 5.18,
            "eps_4q_growth_year": 95.73,
            "roe": 3.46,
            "roe_4q": 29.34,
            "gross_profit": 461337,
            "gross_margin": 23.6,
            "gross_margin_4q_avg": 24.61,
            "net_income": 145832,
            "revenue": 1954854,
            "common_shares": 2083577,
            "book_valuer_per_share": 20.6,
            "book_valuer_per_share_4q_avg": 19.6,
            "equity": 4292091,
            "current_ratio": 270.85,
            "debt_ratio": 39.56,
            "inventory_turnover_ratio": 1.46,
            "account_receivable_turnover_ratio": null,
            "reinvestment_rate": 74.13,
            "research_to_sale_ratio": null,
            "price_fair": 122.62,
            "eps_avg_yearly": 3.5,
            "eps_latest_yearly": 2.96,
            "eps_growth_yearly": 30.23
        },
        "20051": {
            "year_quarter": 20051,
            "year": 2005,
            "quarter": 1,
            "eps": 1.06,
            "eps_growth_year": -27.89,
            "eps_4q": 4.77,
            "eps_4q_growth_year": 41.04,
            "roe": 4.95,
            "roe_4q": 25.88,
            "gross_profit": 358534,
            "gross_margin": 21.1,
            "gross_margin_4q_avg": 24.06,
            "net_income": 219925,
            "revenue": 1698876,
            "common_shares": 2105603,
            "book_valuer_per_share": 21.82,
            "book_valuer_per_share_4q_avg": 20.5,
            "equity": 4594709,
            "current_ratio": 311.34,
            "debt_ratio": 31.95,
            "inventory_turnover_ratio": 1.34,
            "account_receivable_turnover_ratio": null,
            "reinvestment_rate": 31.92,
            "research_to_sale_ratio": null,
            "price_fair": 124.6,
            "eps_avg_yearly": 3.56,
            "eps_latest_yearly": 4.24,
            "eps_growth_yearly": 41.21
        },
        "20052": {
            "year_quarter": 20052,
            "year": 2005,
            "quarter": 2,
            "eps": 1.03,
            "eps_growth_year": -40.12,
            "eps_4q": 4.34,
            "eps_4q_growth_year": -5.34,
            "roe": 4.76,
            "roe_4q": 21.71,
            "gross_profit": 349430,
            "gross_margin": 21.18,
            "gross_margin_4q_avg": 22.78,
            "net_income": 214942,
            "revenue": 1649844,
            "common_shares": 2110354,
            "book_valuer_per_share": 20.99,
            "book_valuer_per_share_4q_avg": 20.86,
            "equity": 4429193,
            "current_ratio": 264.88,
            "debt_ratio": 35.3,
            "inventory_turnover_ratio": 1.49,
            "account_receivable_turnover_ratio": null,
            "reinvestment_rate": 26.84,
            "research_to_sale_ratio": null,
            "price_fair": 126,
            "eps_avg_yearly": 3.6,
            "eps_latest_yearly": 4.12,
            "eps_growth_yearly": 37.46
        },
        "20053": {
            "year_quarter": 20053,
            "year": 2005,
            "quarter": 3,
            "eps": 0.85,
            "eps_growth_year": -48.8,
            "eps_4q": 3.12,
            "eps_4q_growth_year": -40.86,
            "roe": 4.7,
            "roe_4q": 17.87,
            "gross_profit": 307649,
            "gross_margin": 18.77,
            "gross_margin_4q_avg": 21.16,
            "net_income": 217312,
            "revenue": 1639219,
            "common_shares": 2584780,
            "book_valuer_per_share": 18.67,
            "book_valuer_per_share_4q_avg": 20.52,
            "equity": 4825790,
            "current_ratio": 231.99,
            "debt_ratio": 30.44,
            "inventory_turnover_ratio": 1.5,
            "account_receivable_turnover_ratio": null,
            "reinvestment_rate": 27.32,
            "research_to_sale_ratio": null,
            "price_fair": 125.53,
            "eps_avg_yearly": 3.59,
            "eps_latest_yearly": 3.4,
            "eps_growth_yearly": 30.3
        },
        "20054": {
            "year_quarter": 20054,
            "year": 2005,
            "quarter": 4,
            "eps": 0.15,
            "eps_growth_year": -79.73,
            "eps_4q": 2.74,
            "eps_4q_growth_year": -47.07,
            "roe": 0.77,
            "roe_4q": 15.18,
            "gross_profit": 384281,
            "gross_margin": 19.93,
            "gross_margin_4q_avg": 20.25,
            "net_income": 37759,
            "revenue": 1928518,
            "common_shares": 2591015,
            "book_valuer_per_share": 18.99,
            "book_valuer_per_share_4q_avg": 20.12,
            "equity": 4920487,
            "current_ratio": 214.65,
            "debt_ratio": 37.98,
            "inventory_turnover_ratio": 1.41,
            "account_receivable_turnover_ratio": null,
            "reinvestment_rate": 66.98,
            "research_to_sale_ratio": null,
            "price_fair": 60.58,
            "eps_avg_yearly": 3.4,
            "eps_latest_yearly": 0.6,
            "eps_growth_yearly": 7.82
        },
        "20061": {
            "year_quarter": 20061,
            "year": 2006,
            "quarter": 1,
            "eps": 0.51,
            "eps_growth_year": -51.89,
            "eps_4q": 2.31,
            "eps_4q_growth_year": -51.55,
            "roe": 2.67,
            "roe_4q": 12.9,
            "gross_profit": 304667,
            "gross_margin": 19.31,
            "gross_margin_4q_avg": 19.8,
            "net_income": 133107,
            "revenue": 1577615,
            "common_shares": 2592095,
            "book_valuer_per_share": 19.53,
            "book_valuer_per_share_4q_avg": 19.55,
            "equity": 5063260,
            "current_ratio": 238.56,
            "debt_ratio": 28.49,
            "inventory_turnover_ratio": 1.18,
            "account_receivable_turnover_ratio": null,
            "reinvestment_rate": 28.5,
            "research_to_sale_ratio": null,
            "price_fair": 119.09,
            "eps_avg_yearly": 3.4,
            "eps_latest_yearly": 2.04,
            "eps_growth_yearly": 74.44
        },
        "20062": {
            "year_quarter": 20062,
            "year": 2006,
            "quarter": 2,
            "eps": 0.67,
            "eps_growth_year": -34.95,
            "eps_4q": 2.17,
            "eps_4q_growth_year": -50.04,
            "roe": 3.48,
            "roe_4q": 11.620000000000001,
            "gross_profit": 305415,
            "gross_margin": 19.36,
            "gross_margin_4q_avg": 19.34,
            "net_income": 173543,
            "revenue": 1577453,
            "common_shares": 2593669,
            "book_valuer_per_share": 18.94,
            "book_valuer_per_share_4q_avg": 19.03,
            "equity": 4913182,
            "current_ratio": 192.49,
            "debt_ratio": 32.25,
            "inventory_turnover_ratio": 1.33,
            "account_receivable_turnover_ratio": null,
            "reinvestment_rate": 30.71,
            "research_to_sale_ratio": null,
            "price_fair": 122.24,
            "eps_avg_yearly": 3.49,
            "eps_latest_yearly": 2.68,
            "eps_growth_yearly": 91.78
        },
        "20063": {
            "year_quarter": 20063,
            "year": 2006,
            "quarter": 3,
            "eps": 0.74,
            "eps_growth_year": -12.94,
            "eps_4q": 1.91,
            "eps_4q_growth_year": -38.73,
            "roe": 4.31,
            "roe_4q": 11.229999999999999,
            "gross_profit": 358844,
            "gross_margin": 18.37,
            "gross_margin_4q_avg": 19.24,
            "net_income": 217364,
            "revenue": 1953371,
            "common_shares": 2943346,
            "book_valuer_per_share": 17.58,
            "book_valuer_per_share_4q_avg": 18.76,
            "equity": 5174158,
            "current_ratio": 191.85,
            "debt_ratio": 31.79,
            "inventory_turnover_ratio": 1.6,
            "account_receivable_turnover_ratio": null,
            "reinvestment_rate": 31.5,
            "research_to_sale_ratio": null,
            "price_fair": 125.65,
            "eps_avg_yearly": 3.59,
            "eps_latest_yearly": 2.96,
            "eps_growth_yearly": 91.16
        },
        "20064": {
            "year_quarter": 20064,
            "year": 2006,
            "quarter": 4,
            "eps": 0.34,
            "eps_growth_year": 126.67,
            "eps_4q": 2.15,
            "eps_4q_growth_year": -21.71,
            "roe": 1.89,
            "roe_4q": 12.35,
            "gross_profit": 277572,
            "gross_margin": 15.35,
            "gross_margin_4q_avg": 18.1,
            "net_income": 98665,
            "revenue": 1808832,
            "common_shares": 2945566,
            "book_valuer_per_share": 17.93,
            "book_valuer_per_share_4q_avg": 18.5,
            "equity": 5282941,
            "current_ratio": 204.06,
            "debt_ratio": 35.66,
            "inventory_turnover_ratio": 1.34,
            "account_receivable_turnover_ratio": null,
            "reinvestment_rate": 70.49,
            "research_to_sale_ratio": null,
            "price_fair": 123.99,
            "eps_avg_yearly": 3.54,
            "eps_latest_yearly": 1.36,
            "eps_growth_yearly": 64.79
        },
        "20071": {
            "year_quarter": 20071,
            "year": 2007,
            "quarter": 1,
            "eps": 0.28,
            "eps_growth_year": -45.1,
            "eps_4q": 1.91,
            "eps_4q_growth_year": -17.15,
            "roe": 1.57,
            "roe_4q": 11.25,
            "gross_profit": 241531,
            "gross_margin": 16.06,
            "gross_margin_4q_avg": 17.29,
            "net_income": 83865,
            "revenue": 1504026,
            "common_shares": 2953516,
            "book_valuer_per_share": 18.28,
            "book_valuer_per_share_4q_avg": 18.18,
            "equity": 5399084,
            "current_ratio": 203.24,
            "debt_ratio": 27.96,
            "inventory_turnover_ratio": 1.13,
            "account_receivable_turnover_ratio": null,
            "reinvestment_rate": 34.31,
            "research_to_sale_ratio": null,
            "price_fair": 121.36,
            "eps_avg_yearly": 3.47,
            "eps_latest_yearly": 1.12,
            "eps_growth_yearly": 58.02
        },
        "20072": {
            "year_quarter": 20072,
            "year": 2007,
            "quarter": 2,
            "eps": 0.3,
            "eps_growth_year": -55.22,
            "eps_4q": 1.67,
            "eps_4q_growth_year": -23.15,
            "roe": 1.65,
            "roe_4q": 9.419999999999998,
            "gross_profit": 295791,
            "gross_margin": 18.47,
            "gross_margin_4q_avg": 17.06,
            "net_income": 87787,
            "revenue": 1601680,
            "common_shares": 2954346,
            "book_valuer_per_share": 17.71,
            "book_valuer_per_share_4q_avg": 17.88,
            "equity": 5230939,
            "current_ratio": 169.86,
            "debt_ratio": 32.56,
            "inventory_turnover_ratio": 1.37,
            "account_receivable_turnover_ratio": null,
            "reinvestment_rate": 24.1,
            "research_to_sale_ratio": null,
            "price_fair": 116.73,
            "eps_avg_yearly": 3.34,
            "eps_latest_yearly": 1.2,
            "eps_growth_yearly": 49.03
        },
        "20073": {
            "year_quarter": 20073,
            "year": 2007,
            "quarter": 3,
            "eps": 0.36,
            "eps_growth_year": -51.35,
            "eps_4q": 1.22,
            "eps_4q_growth_year": -36.06,
            "roe": 2.13,
            "roe_4q": 7.239999999999999,
            "gross_profit": 298801,
            "gross_margin": 18.47,
            "gross_margin_4q_avg": 17.09,
            "net_income": 112779,
            "revenue": 1617579,
            "common_shares": 3141754,
            "book_valuer_per_share": 17.13,
            "book_valuer_per_share_4q_avg": 17.76,
            "equity": 5381281,
            "current_ratio": 182.69,
            "debt_ratio": 36.6,
            "inventory_turnover_ratio": 1.34,
            "account_receivable_turnover_ratio": null,
            "reinvestment_rate": 30.31,
            "research_to_sale_ratio": null,
            "price_fair": 114.01,
            "eps_avg_yearly": 3.26,
            "eps_latest_yearly": 1.44,
            "eps_growth_yearly": 58.85
        },
        "20074": {
            "year_quarter": 20074,
            "year": 2007,
            "quarter": 4,
            "eps": 0.08,
            "eps_growth_year": -76.47,
            "eps_4q": 0.97,
            "eps_4q_growth_year": -55.01,
            "roe": 0.47,
            "roe_4q": 5.82,
            "gross_profit": 293901,
            "gross_margin": 16.17,
            "gross_margin_4q_avg": 17.29,
            "net_income": 25700,
            "revenue": 1818069,
            "common_shares": 3142384,
            "book_valuer_per_share": 17.5,
            "book_valuer_per_share_4q_avg": 17.66,
            "equity": 5498558,
            "current_ratio": 193.31,
            "debt_ratio": 40.13,
            "inventory_turnover_ratio": 1.22,
            "account_receivable_turnover_ratio": null,
            "reinvestment_rate": 71.16,
            "research_to_sale_ratio": null,
            "price_fair": 94.18,
            "eps_avg_yearly": 2.99,
            "eps_latest_yearly": 0.32,
            "eps_growth_yearly": 21.5
        },
        "20081": {
            "year_quarter": 20081,
            "year": 2008,
            "quarter": 1,
            "eps": -0.42,
            "eps_growth_year": -250,
            "eps_4q": 0.29,
            "eps_4q_growth_year": -84.66,
            "roe": -2.48,
            "roe_4q": 1.77,
            "gross_profit": 232808,
            "gross_margin": 13.93,
            "gross_margin_4q_avg": 16.76,
            "net_income": -133165,
            "revenue": 1671241,
            "common_shares": 3142384,
            "book_valuer_per_share": 16.74,
            "book_valuer_per_share_4q_avg": 17.27,
            "equity": 5259667,
            "current_ratio": 203.75,
            "debt_ratio": 37.19,
            "inventory_turnover_ratio": 1.02,
            "account_receivable_turnover_ratio": null,
            "reinvestment_rate": 108.45,
            "research_to_sale_ratio": null,
            "price_fair": 71.36,
            "eps_avg_yearly": 2.8,
            "eps_latest_yearly": 0.32,
            "eps_growth_yearly": 15.51
        },
        "20082": {
            "year_quarter": 20082,
            "year": 2008,
            "quarter": 2,
            "eps": -0.05,
            "eps_growth_year": -116.67,
            "eps_4q": -0.04,
            "eps_4q_growth_year": -102.15,
            "roe": -0.32,
            "roe_4q": -0.20000000000000018,
            "gross_profit": 247162,
            "gross_margin": 15.92,
            "gross_margin_4q_avg": 16.12,
            "net_income": -16613,
            "revenue": 1553016,
            "common_shares": 3142384,
            "book_valuer_per_share": 16.21,
            "book_valuer_per_share_4q_avg": 16.9,
            "equity": 5094932,
            "current_ratio": 174.52,
            "debt_ratio": 41.7,
            "inventory_turnover_ratio": 1.02,
            "account_receivable_turnover_ratio": null,
            "reinvestment_rate": 128.83,
            "research_to_sale_ratio": null,
            "price_fair": 54.52,
            "eps_avg_yearly": 2.51,
            "eps_latest_yearly": 0.32,
            "eps_growth_yearly": 11.76
        },
        "20083": {
            "year_quarter": 20083,
            "year": 2008,
            "quarter": 3,
            "eps": 0.27,
            "eps_growth_year": -25,
            "eps_4q": -0.11,
            "eps_4q_growth_year": -109.26,
            "roe": 1.68,
            "roe_4q": -0.6500000000000001,
            "gross_profit": 334457,
            "gross_margin": 16.78,
            "gross_margin_4q_avg": 15.7,
            "net_income": 87404,
            "revenue": 1993349,
            "common_shares": 3198030,
            "book_valuer_per_share": 16.69,
            "book_valuer_per_share_4q_avg": 16.79,
            "equity": 5337704,
            "current_ratio": 162.6,
            "debt_ratio": 43.74,
            "inventory_turnover_ratio": 1.17,
            "account_receivable_turnover_ratio": null,
            "reinvestment_rate": 155.56,
            "research_to_sale_ratio": null,
            "price_fair": 51.93,
            "eps_avg_yearly": 2.19,
            "eps_latest_yearly": 0.32,
            "eps_growth_yearly": 13.74
        },
        "20084": {
            "year_quarter": 20084,
            "year": 2008,
            "quarter": 4,
            "eps": 0.25,
            "eps_growth_year": 212.5,
            "eps_4q": 0.05,
            "eps_4q_growth_year": -94.46,
            "roe": 1.47,
            "roe_4q": 0.3500000000000001,
            "gross_profit": 330061,
            "gross_margin": 12.16,
            "gross_margin_4q_avg": 14.7,
            "net_income": 79354,
            "revenue": 2714938,
            "common_shares": 3198031,
            "book_valuer_per_share": 17.12,
            "book_valuer_per_share_4q_avg": 16.69,
            "equity": 5475313,
            "current_ratio": 149.4,
            "debt_ratio": 40.93,
            "inventory_turnover_ratio": 1.61,
            "account_receivable_turnover_ratio": 1.57,
            "reinvestment_rate": 120.18,
            "research_to_sale_ratio": null,
            "price_fair": 71.29,
            "eps_avg_yearly": 2.04,
            "eps_latest_yearly": 1,
            "eps_growth_yearly": 28.51
        },
        "20091": {
            "year_quarter": 20091,
            "year": 2009,
            "quarter": 1,
            "eps": 0.02,
            "eps_growth_year": null,
            "eps_4q": 0.49,
            "eps_4q_growth_year": 66.79,
            "roe": 0.12,
            "roe_4q": 2.9499999999999997,
            "gross_profit": 173333,
            "gross_margin": 11.8,
            "gross_margin_4q_avg": 14.17,
            "net_income": 6391,
            "revenue": 1468952,
            "common_shares": 3198031,
            "book_valuer_per_share": 17.3,
            "book_valuer_per_share_4q_avg": 16.83,
            "equity": 5533665,
            "current_ratio": 170.67,
            "debt_ratio": 33.41,
            "inventory_turnover_ratio": 1.03,
            "account_receivable_turnover_ratio": 0.5,
            "reinvestment_rate": 188.94,
            "research_to_sale_ratio": null,
            "price_fair": 5.15,
            "eps_avg_yearly": 1.72,
            "eps_latest_yearly": 0.08,
            "eps_growth_yearly": -13.1
        },
        "20092": {
            "year_quarter": 20092,
            "year": 2009,
            "quarter": 2,
            "eps": 0.06,
            "eps_growth_year": null,
            "eps_4q": 0.58,
            "eps_4q_growth_year": null,
            "roe": 0.37,
            "roe_4q": 3.6399999999999997,
            "gross_profit": 339551,
            "gross_margin": 17.47,
            "gross_margin_4q_avg": 14.55,
            "net_income": 20145,
            "revenue": 1943780,
            "common_shares": 3198031,
            "book_valuer_per_share": 17.11,
            "book_valuer_per_share_4q_avg": 17.06,
            "equity": 5470646,
            "current_ratio": 187.53,
            "debt_ratio": 35.46,
            "inventory_turnover_ratio": 1.44,
            "account_receivable_turnover_ratio": 0.81,
            "reinvestment_rate": 206.51,
            "research_to_sale_ratio": null,
            "price_fair": 49.65,
            "eps_avg_yearly": 1.42,
            "eps_latest_yearly": 0.24,
            "eps_growth_yearly": 49.31
        },
        "20093": {
            "year_quarter": 20093,
            "year": 2009,
            "quarter": 3,
            "eps": 0.65,
            "eps_growth_year": 140.74,
            "eps_4q": 0.99,
            "eps_4q_growth_year": null,
            "roe": 3.69,
            "roe_4q": 5.6499999999999995,
            "gross_profit": 444636,
            "gross_margin": 18.72,
            "gross_margin_4q_avg": 15.04,
            "net_income": 205337,
            "revenue": 2375569,
            "common_shares": 3198031,
            "book_valuer_per_share": 17.7,
            "book_valuer_per_share_4q_avg": 17.31,
            "equity": 5660244,
            "current_ratio": 196.57,
            "debt_ratio": 31.8,
            "inventory_turnover_ratio": 2.02,
            "account_receivable_turnover_ratio": 0.94,
            "reinvestment_rate": 197.41,
            "research_to_sale_ratio": null,
            "price_fair": 47.49,
            "eps_avg_yearly": 1.36,
            "eps_latest_yearly": 2.6,
            "eps_growth_yearly": 357.25
        },
        "20094": {
            "year_quarter": 20094,
            "year": 2009,
            "quarter": 4,
            "eps": 0.6,
            "eps_growth_year": 140,
            "eps_4q": 1.32,
            "eps_4q_growth_year": 2374.59,
            "roe": 3.3,
            "roe_4q": 7.48,
            "gross_profit": 398835,
            "gross_margin": 18.35,
            "gross_margin_4q_avg": 16.59,
            "net_income": 189848,
            "revenue": 2173184,
            "common_shares": 3198031,
            "book_valuer_per_share": 18.4,
            "book_valuer_per_share_4q_avg": 17.63,
            "equity": 5862500,
            "current_ratio": 200.26,
            "debt_ratio": 31.8,
            "inventory_turnover_ratio": 2.36,
            "account_receivable_turnover_ratio": 1.7,
            "reinvestment_rate": 299.12,
            "research_to_sale_ratio": null,
            "price_fair": 52.34,
            "eps_avg_yearly": 1.5,
            "eps_latest_yearly": 2.4,
            "eps_growth_yearly": 380.22
        },
        "20101": {
            "year_quarter": 20101,
            "year": 2010,
            "quarter": 1,
            "eps": 0.36,
            "eps_growth_year": 1700,
            "eps_4q": 1.66,
            "eps_4q_growth_year": 238.36,
            "roe": 1.93,
            "roe_4q": 9.29,
            "gross_profit": 444949,
            "gross_margin": 22.62,
            "gross_margin_4q_avg": 19.29,
            "net_income": 114116,
            "revenue": 1967225,
            "common_shares": 3221807,
            "book_valuer_per_share": 18.7,
            "book_valuer_per_share_4q_avg": 17.98,
            "equity": 5972690,
            "current_ratio": 204.06,
            "debt_ratio": 31.91,
            "inventory_turnover_ratio": 2.23,
            "account_receivable_turnover_ratio": 0.8,
            "reinvestment_rate": 382.67,
            "research_to_sale_ratio": 7.16,
            "price_fair": 50.72,
            "eps_avg_yearly": 1.45,
            "eps_latest_yearly": 1.44,
            "eps_growth_yearly": 294.07
        },
        "20102": {
            "year_quarter": 20102,
            "year": 2010,
            "quarter": 2,
            "eps": 0.9,
            "eps_growth_year": 1395,
            "eps_4q": 2.49,
            "eps_4q_growth_year": 332.7,
            "roe": 4.78,
            "roe_4q": 13.7,
            "gross_profit": 713602,
            "gross_margin": 27.27,
            "gross_margin_4q_avg": 21.74,
            "net_income": 286638,
            "revenue": 2617237,
            "common_shares": 3222907,
            "book_valuer_per_share": 18.82,
            "book_valuer_per_share_4q_avg": 18.41,
            "equity": 6014333,
            "current_ratio": 170.71,
            "debt_ratio": 39.55,
            "inventory_turnover_ratio": 2.57,
            "account_receivable_turnover_ratio": 0.97,
            "reinvestment_rate": 156.62,
            "research_to_sale_ratio": 5.93,
            "price_fair": 53.2,
            "eps_avg_yearly": 1.52,
            "eps_latest_yearly": 3.6,
            "eps_growth_yearly": 330.57
        },
        "20103": {
            "year_quarter": 20103,
            "year": 2010,
            "quarter": 3,
            "eps": 1.09,
            "eps_growth_year": 68.09,
            "eps_4q": 2.92,
            "eps_4q_growth_year": 196.84,
            "roe": 5.69,
            "roe_4q": 15.7,
            "gross_profit": 748603,
            "gross_margin": 25.74,
            "gross_margin_4q_avg": 23.5,
            "net_income": 352272,
            "revenue": 2907807,
            "common_shares": 3222907,
            "book_valuer_per_share": 19.72,
            "book_valuer_per_share_4q_avg": 18.91,
            "equity": 6358394,
            "current_ratio": 189.21,
            "debt_ratio": 36.07,
            "inventory_turnover_ratio": 2.61,
            "account_receivable_turnover_ratio": 0.93,
            "reinvestment_rate": 344.76,
            "research_to_sale_ratio": 5.59,
            "price_fair": 56.97,
            "eps_avg_yearly": 1.63,
            "eps_latest_yearly": 4.36,
            "eps_growth_yearly": 333.85
        },
        "20104": {
            "year_quarter": 20104,
            "year": 2010,
            "quarter": 4,
            "eps": 0.69,
            "eps_growth_year": 14.28,
            "eps_4q": 3.01,
            "eps_4q_growth_year": 127.71,
            "roe": 3.48,
            "roe_4q": 15.879999999999999,
            "gross_profit": 666018,
            "gross_margin": 24.37,
            "gross_margin_4q_avg": 25,
            "net_income": 221734,
            "revenue": 2732685,
            "common_shares": 3224287,
            "book_valuer_per_share": 19.78,
            "book_valuer_per_share_4q_avg": 19.26,
            "equity": 6397837,
            "current_ratio": 183.22,
            "debt_ratio": 37.25,
            "inventory_turnover_ratio": 2.57,
            "account_receivable_turnover_ratio": 0.88,
            "reinvestment_rate": 216.92,
            "research_to_sale_ratio": 5.74,
            "price_fair": 60.74,
            "eps_avg_yearly": 1.74,
            "eps_latest_yearly": 2.76,
            "eps_growth_yearly": 339.19
        },
        "20111": {
            "year_quarter": 20111,
            "year": 2011,
            "quarter": 1,
            "eps": 0.92,
            "eps_growth_year": 155.56,
            "eps_4q": 3.57,
            "eps_4q_growth_year": 115.5,
            "roe": 4.54,
            "roe_4q": 18.490000000000002,
            "gross_profit": 707315,
            "gross_margin": 28.89,
            "gross_margin_4q_avg": 26.57,
            "net_income": 298607,
            "revenue": 2448525,
            "common_shares": 3244467,
            "book_valuer_per_share": 20.84,
            "book_valuer_per_share_4q_avg": 19.79,
            "equity": 6763569,
            "current_ratio": 190.69,
            "debt_ratio": 36.02,
            "inventory_turnover_ratio": 2.21,
            "account_receivable_turnover_ratio": 0.83,
            "reinvestment_rate": 269.3,
            "research_to_sale_ratio": 6.18,
            "price_fair": 67.63,
            "eps_avg_yearly": 1.93,
            "eps_latest_yearly": 3.68,
            "eps_growth_yearly": 354.88
        },
        "20112": {
            "year_quarter": 20112,
            "year": 2011,
            "quarter": 2,
            "eps": 0.9,
            "eps_growth_year": 0.34,
            "eps_4q": 3.59,
            "eps_4q_growth_year": 44.05,
            "roe": 4.45,
            "roe_4q": 18.16,
            "gross_profit": 789629,
            "gross_margin": 27.91,
            "gross_margin_4q_avg": 26.73,
            "net_income": 292198,
            "revenue": 2829687,
            "common_shares": 3245667,
            "book_valuer_per_share": 19.64,
            "book_valuer_per_share_4q_avg": 20,
            "equity": 6375448,
            "current_ratio": 160.4,
            "debt_ratio": 43.23,
            "inventory_turnover_ratio": 2.49,
            "account_receivable_turnover_ratio": 0.91,
            "reinvestment_rate": 94.41,
            "research_to_sale_ratio": 7.28,
            "price_fair": 74.09,
            "eps_avg_yearly": 2.12,
            "eps_latest_yearly": 3.6,
            "eps_growth_yearly": 352.01
        },
        "20113": {
            "year_quarter": 20113,
            "year": 2011,
            "quarter": 3,
            "eps": 1.08,
            "eps_growth_year": -1.25,
            "eps_4q": 3.58,
            "eps_4q_growth_year": 22.48,
            "roe": 5.22,
            "roe_4q": 17.69,
            "gross_profit": 779944,
            "gross_margin": 24.58,
            "gross_margin_4q_avg": 26.44,
            "net_income": 350273,
            "revenue": 3172956,
            "common_shares": 3245667,
            "book_valuer_per_share": 21.67,
            "book_valuer_per_share_4q_avg": 20.48,
            "equity": 7035317,
            "current_ratio": 187.48,
            "debt_ratio": 43.12,
            "inventory_turnover_ratio": 2.97,
            "account_receivable_turnover_ratio": 0.89,
            "reinvestment_rate": 254.96,
            "research_to_sale_ratio": 5.48,
            "price_fair": 81.85,
            "eps_avg_yearly": 2.34,
            "eps_latest_yearly": 4.32,
            "eps_growth_yearly": 352.01
        },
        "20114": {
            "year_quarter": 20114,
            "year": 2011,
            "quarter": 4,
            "eps": 0.99,
            "eps_growth_year": 44.34,
            "eps_4q": 3.89,
            "eps_4q_growth_year": 29,
            "roe": 4.47,
            "roe_4q": 18.68,
            "gross_profit": 651213,
            "gross_margin": 21.93,
            "gross_margin_4q_avg": 25.83,
            "net_income": 321308,
            "revenue": 2969608,
            "common_shares": 3246437,
            "book_valuer_per_share": 22.62,
            "book_valuer_per_share_4q_avg": 21.19,
            "equity": 7343542,
            "current_ratio": 183.7,
            "debt_ratio": 43.06,
            "inventory_turnover_ratio": 2.45,
            "account_receivable_turnover_ratio": 0.78,
            "reinvestment_rate": 177.34,
            "research_to_sale_ratio": 6.69,
            "price_fair": 91.65,
            "eps_avg_yearly": 2.62,
            "eps_latest_yearly": 3.96,
            "eps_growth_yearly": 373.38
        },
        "20121": {
            "year_quarter": 20121,
            "year": 2012,
            "quarter": 1,
            "eps": 0.56,
            "eps_growth_year": -39.13,
            "eps_4q": 3.53,
            "eps_4q_growth_year": -1.23,
            "roe": 2.46,
            "roe_4q": 16.599999999999998,
            "gross_profit": 599120,
            "gross_margin": 19.48,
            "gross_margin_4q_avg": 23.48,
            "net_income": 181639,
            "revenue": 3074792,
            "common_shares": 3246437,
            "book_valuer_per_share": 22.88,
            "book_valuer_per_share_4q_avg": 21.7,
            "equity": 7430530,
            "current_ratio": 183.43,
            "debt_ratio": 42.63,
            "inventory_turnover_ratio": 2.11,
            "account_receivable_turnover_ratio": 0.83,
            "reinvestment_rate": 153.38,
            "research_to_sale_ratio": 5.92,
            "price_fair": 90.7,
            "eps_avg_yearly": 2.59,
            "eps_latest_yearly": 2.24,
            "eps_growth_yearly": 334.3
        },
        "20122": {
            "year_quarter": 20122,
            "year": 2012,
            "quarter": 2,
            "eps": 0.36,
            "eps_growth_year": -60.41,
            "eps_4q": 2.98,
            "eps_4q_growth_year": -16.84,
            "roe": 1.61,
            "roe_4q": 13.759999999999998,
            "gross_profit": 494696,
            "gross_margin": 16.05,
            "gross_margin_4q_avg": 20.51,
            "net_income": 115721,
            "revenue": 3082407,
            "common_shares": 3246927,
            "book_valuer_per_share": 21.28,
            "book_valuer_per_share_4q_avg": 22.11,
            "equity": 6911476,
            "current_ratio": 158,
            "debt_ratio": 47.79,
            "inventory_turnover_ratio": 2.08,
            "account_receivable_turnover_ratio": 0.81,
            "reinvestment_rate": 148.54,
            "research_to_sale_ratio": 6.23,
            "price_fair": 88.01,
            "eps_avg_yearly": 2.51,
            "eps_latest_yearly": 1.44,
            "eps_growth_yearly": 302.49
        },
        "20123": {
            "year_quarter": 20123,
            "year": 2012,
            "quarter": 3,
            "eps": 0.83,
            "eps_growth_year": -23.26,
            "eps_4q": 2.73,
            "eps_4q_growth_year": -23.71,
            "roe": 3.83,
            "roe_4q": 12.370000000000001,
            "gross_profit": 674034,
            "gross_margin": 18.65,
            "gross_margin_4q_avg": 19.03,
            "net_income": 268918,
            "revenue": 3613621,
            "common_shares": 3247137,
            "book_valuer_per_share": 22.01,
            "book_valuer_per_share_4q_avg": 22.2,
            "equity": 7147725,
            "current_ratio": 137.03,
            "debt_ratio": 47.37,
            "inventory_turnover_ratio": 2.17,
            "account_receivable_turnover_ratio": 0.85,
            "reinvestment_rate": 150.45,
            "research_to_sale_ratio": 5.18,
            "price_fair": 89.78,
            "eps_avg_yearly": 2.57,
            "eps_latest_yearly": 3.32,
            "eps_growth_yearly": 316.22
        },
        "20124": {
            "year_quarter": 20124,
            "year": 2012,
            "quarter": 4,
            "eps": 1.27,
            "eps_growth_year": 28.05,
            "eps_4q": 3.01,
            "eps_4q_growth_year": -22.57,
            "roe": 5.6,
            "roe_4q": 13.5,
            "gross_profit": 949929,
            "gross_margin": 20.83,
            "gross_margin_4q_avg": 18.75,
            "net_income": 411639,
            "revenue": 4560572,
            "common_shares": 3247937,
            "book_valuer_per_share": 23.24,
            "book_valuer_per_share_4q_avg": 22.35,
            "equity": 7546632,
            "current_ratio": 139.6,
            "debt_ratio": 48.23,
            "inventory_turnover_ratio": 2.54,
            "account_receivable_turnover_ratio": 0.85,
            "reinvestment_rate": 144.47,
            "research_to_sale_ratio": 4.8,
            "price_fair": 98.7,
            "eps_avg_yearly": 2.82,
            "eps_latest_yearly": 5.08,
            "eps_growth_yearly": 331.32
        },
        "20131": {
            "year_quarter": 20131,
            "year": 2013,
            "quarter": 1,
            "eps": 0.3,
            "eps_growth_year": -46.43,
            "eps_4q": 2.75,
            "eps_4q_growth_year": -22.09,
            "roe": 1.26,
            "roe_4q": 12.299999999999999,
            "gross_profit": 392048,
            "gross_margin": 13.47,
            "gross_margin_4q_avg": 17.25,
            "net_income": 96375,
            "revenue": 2911093,
            "common_shares": 3247937,
            "book_valuer_per_share": 23.69,
            "book_valuer_per_share_4q_avg": 22.56,
            "equity": 7692818,
            "current_ratio": 151.22,
            "debt_ratio": 43.39,
            "inventory_turnover_ratio": 1.98,
            "account_receivable_turnover_ratio": 0.57,
            "reinvestment_rate": 36.55,
            "research_to_sale_ratio": 5.49,
            "price_fair": 101.15,
            "eps_avg_yearly": 2.89,
            "eps_latest_yearly": 1.2,
            "eps_growth_yearly": 335.23
        },
        "20132": {
            "year_quarter": 20132,
            "year": 2013,
            "quarter": 2,
            "eps": -0.17,
            "eps_growth_year": -147.7,
            "eps_4q": 2.22,
            "eps_4q_growth_year": -25.57,
            "roe": -0.74,
            "roe_4q": 9.95,
            "gross_profit": 366650,
            "gross_margin": 15.06,
            "gross_margin_4q_avg": 17,
            "net_income": -55537,
            "revenue": 2435065,
            "common_shares": 3247937,
            "book_valuer_per_share": 22.23,
            "book_valuer_per_share_4q_avg": 22.79,
            "equity": 7219191,
            "current_ratio": 148.24,
            "debt_ratio": 42.51,
            "inventory_turnover_ratio": 1.86,
            "account_receivable_turnover_ratio": 0.66,
            "reinvestment_rate": 40.36,
            "research_to_sale_ratio": 7.54,
            "price_fair": 107.33,
            "eps_avg_yearly": 3.07,
            "eps_latest_yearly": 1.2,
            "eps_growth_yearly": 304.25
        },
        "20133": {
            "year_quarter": 20133,
            "year": 2013,
            "quarter": 3,
            "eps": 0.59,
            "eps_growth_year": -28.74,
            "eps_4q": 1.99,
            "eps_4q_growth_year": -27.25,
            "roe": 2.65,
            "roe_4q": 8.77,
            "gross_profit": 713418,
            "gross_margin": 20.58,
            "gross_margin_4q_avg": 17.49,
            "net_income": 193243,
            "revenue": 3466539,
            "common_shares": 3247937,
            "book_valuer_per_share": 22.64,
            "book_valuer_per_share_4q_avg": 22.95,
            "equity": 7352619,
            "current_ratio": 156.57,
            "debt_ratio": 39.53,
            "inventory_turnover_ratio": 2.35,
            "account_receivable_turnover_ratio": 0.94,
            "reinvestment_rate": 42.72,
            "research_to_sale_ratio": 5.4,
            "price_fair": 108.5,
            "eps_avg_yearly": 3.1,
            "eps_latest_yearly": 1.2,
            "eps_growth_yearly": 45.03
        },
        "20134": {
            "year_quarter": 20134,
            "year": 2013,
            "quarter": 4,
            "eps": 1.3,
            "eps_growth_year": 2.32,
            "eps_4q": 2.02,
            "eps_4q_growth_year": -32.99,
            "roe": 5.53,
            "roe_4q": 8.7,
            "gross_profit": 990193,
            "gross_margin": 21.08,
            "gross_margin_4q_avg": 17.55,
            "net_income": 421174,
            "revenue": 4696577,
            "common_shares": 3247937,
            "book_valuer_per_share": 24.22,
            "book_valuer_per_share_4q_avg": 23.2,
            "equity": 7868101,
            "current_ratio": 152.6,
            "debt_ratio": 44.07,
            "inventory_turnover_ratio": 2.77,
            "account_receivable_turnover_ratio": 0.97,
            "reinvestment_rate": -28.64,
            "research_to_sale_ratio": 4.03,
            "price_fair": 115.5,
            "eps_avg_yearly": 3.3,
            "eps_latest_yearly": 5.2,
            "eps_growth_yearly": 81.61
        },
        "20141": {
            "year_quarter": 20141,
            "year": 2014,
            "quarter": 1,
            "eps": 0.21,
            "eps_growth_year": -30,
            "eps_4q": 1.93,
            "eps_4q_growth_year": -29.8,
            "roe": 0.86,
            "roe_4q": 8.3,
            "gross_profit": 450043,
            "gross_margin": 15.49,
            "gross_margin_4q_avg": 18.05,
            "net_income": 67796,
            "revenue": 2906058,
            "common_shares": 3247937,
            "book_valuer_per_share": 24.38,
            "book_valuer_per_share_4q_avg": 23.37,
            "equity": 7917194,
            "current_ratio": 168.1,
            "debt_ratio": 39.15,
            "inventory_turnover_ratio": 1.87,
            "account_receivable_turnover_ratio": 0.6,
            "reinvestment_rate": -35.65,
            "research_to_sale_ratio": 7.31,
            "price_fair": 114,
            "eps_avg_yearly": 3.26,
            "eps_latest_yearly": 0.84,
            "eps_growth_yearly": 69.08
        },
        "20142": {
            "year_quarter": 20142,
            "year": 2014,
            "quarter": 2,
            "eps": 0.09,
            "eps_growth_year": null,
            "eps_4q": 2.19,
            "eps_4q_growth_year": -1.25,
            "roe": 0.39,
            "roe_4q": 9.43,
            "gross_profit": 539493,
            "gross_margin": 16.4,
            "gross_margin_4q_avg": 18.39,
            "net_income": 30189,
            "revenue": 3290026,
            "common_shares": 3247937,
            "book_valuer_per_share": 23.21,
            "book_valuer_per_share_4q_avg": 23.61,
            "equity": 7538076,
            "current_ratio": 163.33,
            "debt_ratio": 39.94,
            "inventory_turnover_ratio": 2.27,
            "account_receivable_turnover_ratio": 0.79,
            "reinvestment_rate": 35.98,
            "research_to_sale_ratio": 8.63,
            "price_fair": 60.2,
            "eps_avg_yearly": 3.03,
            "eps_latest_yearly": 0.36,
            "eps_growth_yearly": 9.89
        },
        "20143": {
            "year_quarter": 20143,
            "year": 2014,
            "quarter": 3,
            "eps": 0.29,
            "eps_growth_year": -50.85,
            "eps_4q": 1.89,
            "eps_4q_growth_year": -5.16,
            "roe": 1.22,
            "roe_4q": 8,
            "gross_profit": 815079,
            "gross_margin": 18.96,
            "gross_margin_4q_avg": 17.98,
            "net_income": 93238,
            "revenue": 4298568,
            "common_shares": 3247937,
            "book_valuer_per_share": 23.86,
            "book_valuer_per_share_4q_avg": 23.92,
            "equity": 7750346,
            "current_ratio": 135.03,
            "debt_ratio": 49.21,
            "inventory_turnover_ratio": 1.99,
            "account_receivable_turnover_ratio": 0.94,
            "reinvestment_rate": -43.55,
            "research_to_sale_ratio": 6.14,
            "price_fair": 97.9,
            "eps_avg_yearly": 2.8,
            "eps_latest_yearly": 1.16,
            "eps_growth_yearly": 67.35
        },
        "20144": {
            "year_quarter": 20144,
            "year": 2014,
            "quarter": 4,
            "eps": 0.66,
            "eps_growth_year": -48.72,
            "eps_4q": 1.25,
            "eps_4q_growth_year": -37.86,
            "roe": 2.71,
            "roe_4q": 5.18,
            "gross_profit": 830874,
            "gross_margin": 14.77,
            "gross_margin_4q_avg": 16.41,
            "net_income": 215973,
            "revenue": 5624373,
            "common_shares": 3247937,
            "book_valuer_per_share": 25.2,
            "book_valuer_per_share_4q_avg": 24.16,
            "equity": 8185809,
            "current_ratio": 141.69,
            "debt_ratio": 57.67,
            "inventory_turnover_ratio": 1.93,
            "account_receivable_turnover_ratio": 1.01,
            "reinvestment_rate": -13.45,
            "research_to_sale_ratio": 4.17,
            "price_fair": 97.6,
            "eps_avg_yearly": 2.79,
            "eps_latest_yearly": 2.64,
            "eps_growth_yearly": 114.29
        },
        "20151": {
            "year_quarter": 20151,
            "year": 2015,
            "quarter": 1,
            "eps": -0.26,
            "eps_growth_year": -223.81,
            "eps_4q": 0.79,
            "eps_4q_growth_year": -59.1,
            "roe": -1.02,
            "roe_4q": 3.3000000000000003,
            "gross_profit": 228623,
            "gross_margin": 6.39,
            "gross_margin_4q_avg": 14.13,
            "net_income": -83059,
            "revenue": 3576719,
            "common_shares": 3247937,
            "book_valuer_per_share": 24.81,
            "book_valuer_per_share_4q_avg": 24.27,
            "equity": 8058479,
            "current_ratio": 157.93,
            "debt_ratio": 50.78,
            "inventory_turnover_ratio": 1.39,
            "account_receivable_turnover_ratio": 0.68,
            "reinvestment_rate": -32.78,
            "research_to_sale_ratio": 4.25,
            "price_fair": 95.2,
            "eps_avg_yearly": 2.72,
            "eps_latest_yearly": 2.64,
            "eps_growth_yearly": 112.83
        },
        "20152": {
            "year_quarter": 20152,
            "year": 2015,
            "quarter": 2,
            "eps": -0.16,
            "eps_growth_year": -277.78,
            "eps_4q": 0.54,
            "eps_4q_growth_year": -75.53,
            "roe": -0.66,
            "roe_4q": 2.25,
            "gross_profit": 297759,
            "gross_margin": 8.03,
            "gross_margin_4q_avg": 12.04,
            "net_income": -52233,
            "revenue": 3707084,
            "common_shares": 3247937,
            "book_valuer_per_share": 23.81,
            "book_valuer_per_share_4q_avg": 24.42,
            "equity": 7715175,
            "current_ratio": 165.19,
            "debt_ratio": 48.7,
            "inventory_turnover_ratio": 1.7,
            "account_receivable_turnover_ratio": 0.85,
            "reinvestment_rate": 75.6,
            "research_to_sale_ratio": 4.4,
            "price_fair": 92.63,
            "eps_avg_yearly": 2.65,
            "eps_latest_yearly": 2.64,
            "eps_growth_yearly": 122.96
        },
        "20153": {
            "year_quarter": 20153,
            "year": 2015,
            "quarter": 3,
            "eps": 1.43,
            "eps_growth_year": 393.1,
            "eps_4q": 1.68,
            "eps_4q_growth_year": -10.87,
            "roe": 5.75,
            "roe_4q": 6.78,
            "gross_profit": 794554,
            "gross_margin": 19.27,
            "gross_margin_4q_avg": 12.12,
            "net_income": 462428,
            "revenue": 4123662,
            "common_shares": 3247937,
            "book_valuer_per_share": 25.89,
            "book_valuer_per_share_4q_avg": 24.93,
            "equity": 8365213,
            "current_ratio": 174.87,
            "debt_ratio": 46.99,
            "inventory_turnover_ratio": 1.78,
            "account_receivable_turnover_ratio": 0.85,
            "reinvestment_rate": -79.69,
            "research_to_sale_ratio": 4.33,
            "price_fair": 87.31,
            "eps_avg_yearly": 2.49,
            "eps_latest_yearly": 2.64,
            "eps_growth_yearly": 126.86
        },
        "20154": {
            "year_quarter": 20154,
            "year": 2015,
            "quarter": 4,
            "eps": 0.9,
            "eps_growth_year": 35.39,
            "eps_4q": 1.91,
            "eps_4q_growth_year": 52.55,
            "roe": 3.46,
            "roe_4q": 7.530000000000001,
            "gross_profit": 751589,
            "gross_margin": 17.45,
            "gross_margin_4q_avg": 12.79,
            "net_income": 290936,
            "revenue": 4307086,
            "common_shares": 3231597,
            "book_valuer_per_share": 26.12,
            "book_valuer_per_share_4q_avg": 25.16,
            "equity": 8440223,
            "current_ratio": 179.31,
            "debt_ratio": 46.96,
            "inventory_turnover_ratio": 1.87,
            "account_receivable_turnover_ratio": 0.9,
            "reinvestment_rate": -98.15,
            "research_to_sale_ratio": 5.12,
            "price_fair": 86.16,
            "eps_avg_yearly": 2.46,
            "eps_latest_yearly": 3.6,
            "eps_growth_yearly": 116.41
        },
        "20161": {
            "year_quarter": 20161,
            "year": 2016,
            "quarter": 1,
            "eps": -0.36,
            "eps_growth_year": null,
            "eps_4q": 1.81,
            "eps_4q_growth_year": 128.95,
            "roe": -1.4,
            "roe_4q": 7.15,
            "gross_profit": 298677,
            "gross_margin": 9.54,
            "gross_margin_4q_avg": 13.57,
            "net_income": -117181,
            "revenue": 3132405,
            "common_shares": 3231597,
            "book_valuer_per_share": 25.69,
            "book_valuer_per_share_4q_avg": 25.38,
            "equity": 8300750,
            "current_ratio": 191.07,
            "debt_ratio": 44.28,
            "inventory_turnover_ratio": 1.67,
            "account_receivable_turnover_ratio": 0.82,
            "reinvestment_rate": -109.95,
            "research_to_sale_ratio": 5.87,
            "price_fair": 86.94,
            "eps_avg_yearly": 2.48,
            "eps_latest_yearly": 3.6,
            "eps_growth_yearly": 145.43
        },
        "20162": {
            "year_quarter": 20162,
            "year": 2016,
            "quarter": 2,
            "eps": 0.12,
            "eps_growth_year": null,
            "eps_4q": 2.09,
            "eps_4q_growth_year": 288.85,
            "roe": 0.47,
            "roe_4q": 8.280000000000001,
            "gross_profit": 383700,
            "gross_margin": 12.21,
            "gross_margin_4q_avg": 14.62,
            "net_income": 38155,
            "revenue": 3143469,
            "common_shares": 3231597,
            "book_valuer_per_share": 24.39,
            "book_valuer_per_share_4q_avg": 25.52,
            "equity": 7882029,
            "current_ratio": 192.44,
            "debt_ratio": 44.36,
            "inventory_turnover_ratio": 1.91,
            "account_receivable_turnover_ratio": 0.96,
            "reinvestment_rate": -128.25,
            "research_to_sale_ratio": 5.84,
            "price_fair": 91,
            "eps_avg_yearly": 2.6,
            "eps_latest_yearly": 3.6,
            "eps_growth_yearly": 177.46
        },
        "20163": {
            "year_quarter": 20163,
            "year": 2016,
            "quarter": 3,
            "eps": 0.13,
            "eps_growth_year": -90.91,
            "eps_4q": 0.78,
            "eps_4q_growth_year": -53.46,
            "roe": 0.52,
            "roe_4q": 3.05,
            "gross_profit": 478388,
            "gross_margin": 13.49,
            "gross_margin_4q_avg": 13.17,
            "net_income": 40850,
            "revenue": 3545107,
            "common_shares": 3231597,
            "book_valuer_per_share": 24.02,
            "book_valuer_per_share_4q_avg": 25.06,
            "equity": 7761960,
            "current_ratio": 190.03,
            "debt_ratio": 45.28,
            "inventory_turnover_ratio": 2.15,
            "account_receivable_turnover_ratio": 1.01,
            "reinvestment_rate": -177.02,
            "research_to_sale_ratio": 5.15,
            "price_fair": 80.11,
            "eps_avg_yearly": 2.29,
            "eps_latest_yearly": 0.52,
            "eps_growth_yearly": 123.14
        },
        "20164": {
            "year_quarter": 20164,
            "year": 2016,
            "quarter": 4,
            "eps": 0.35,
            "eps_growth_year": -61.41,
            "eps_4q": 0.23,
            "eps_4q_growth_year": -88.01,
            "roe": 1.45,
            "roe_4q": 1.04,
            "gross_profit": 552166,
            "gross_margin": 13.39,
            "gross_margin_4q_avg": 12.16,
            "net_income": 112278,
            "revenue": 4124099,
            "common_shares": 3231597,
            "book_valuer_per_share": 23.93,
            "book_valuer_per_share_4q_avg": 24.51,
            "equity": 7733507,
            "current_ratio": 139.79,
            "debt_ratio": 50.12,
            "inventory_turnover_ratio": 2.52,
            "account_receivable_turnover_ratio": 0.99,
            "reinvestment_rate": -231.09,
            "research_to_sale_ratio": 4.58,
            "price_fair": 65.8,
            "eps_avg_yearly": 1.88,
            "eps_latest_yearly": 1.4,
            "eps_growth_yearly": 174.79
        },
        "20171": {
            "year_quarter": 20171,
            "year": 2017,
            "quarter": 1,
            "eps": -0.26,
            "eps_growth_year": null,
            "eps_4q": 0.33,
            "eps_4q_growth_year": -81.85,
            "roe": -1.13,
            "roe_4q": 1.31,
            "gross_profit": 336007,
            "gross_margin": 10.72,
            "gross_margin_4q_avg": 12.45,
            "net_income": -85294,
            "revenue": 3134558,
            "common_shares": 3231597,
            "book_valuer_per_share": 22.98,
            "book_valuer_per_share_4q_avg": 23.83,
            "equity": 7425466,
            "current_ratio": 144.57,
            "debt_ratio": 46.83,
            "inventory_turnover_ratio": 2.29,
            "account_receivable_turnover_ratio": 0.78,
            "reinvestment_rate": -18.63,
            "research_to_sale_ratio": 4.88,
            "price_fair": 68.78,
            "eps_avg_yearly": 1.97,
            "eps_latest_yearly": 1.4,
            "eps_growth_yearly": 234.83
        },
        "20172": {
            "year_quarter": 20172,
            "year": 2017,
            "quarter": 2,
            "eps": 0,
            "eps_growth_year": -100,
            "eps_4q": 0.21,
            "eps_4q_growth_year": -89.88,
            "roe": 0.01,
            "roe_4q": 0.8500000000000001,
            "gross_profit": 318826,
            "gross_margin": 11.7,
            "gross_margin_4q_avg": 12.33,
            "net_income": 398,
            "revenue": 2723908,
            "common_shares": 3231597,
            "book_valuer_per_share": 22.73,
            "book_valuer_per_share_4q_avg": 23.42,
            "equity": 7346394,
            "current_ratio": 147.31,
            "debt_ratio": 45.44,
            "inventory_turnover_ratio": 2.16,
            "account_receivable_turnover_ratio": 0.83,
            "reinvestment_rate": -18.85,
            "research_to_sale_ratio": 5.9,
            "price_fair": 68.78,
            "eps_avg_yearly": 1.97,
            "eps_latest_yearly": 1.4,
            "eps_growth_yearly": 234.83
        },
        "20173": {
            "year_quarter": 20173,
            "year": 2017,
            "quarter": 3,
            "eps": 0.22,
            "eps_growth_year": 69.23,
            "eps_4q": 0.31,
            "eps_4q_growth_year": -60.84,
            "roe": 0.97,
            "roe_4q": 1.3,
            "gross_profit": 484864,
            "gross_margin": 14.5,
            "gross_margin_4q_avg": 12.58,
            "net_income": 71607,
            "revenue": 3344278,
            "common_shares": 3231597,
            "book_valuer_per_share": 23.16,
            "book_valuer_per_share_4q_avg": 23.2,
            "equity": 7485766,
            "current_ratio": 142.33,
            "debt_ratio": 46.25,
            "inventory_turnover_ratio": 2.29,
            "account_receivable_turnover_ratio": 1,
            "reinvestment_rate": -7.39,
            "research_to_sale_ratio": 5.3,
            "price_fair": 68.78,
            "eps_avg_yearly": 1.97,
            "eps_latest_yearly": 1.4,
            "eps_growth_yearly": 234.83
        },
        "20174": {
            "year_quarter": 20174,
            "year": 2017,
            "quarter": 4,
            "eps": 0.11,
            "eps_growth_year": -68.04,
            "eps_4q": 0.07,
            "eps_4q_growth_year": -69.5,
            "roe": 0.48,
            "roe_4q": 0.33000000000000007,
            "gross_profit": 495111,
            "gross_margin": 13.27,
            "gross_margin_4q_avg": 12.55,
            "net_income": 35889,
            "revenue": 3730121,
            "common_shares": 3231597,
            "book_valuer_per_share": 23.21,
            "book_valuer_per_share_4q_avg": 23.02,
            "equity": 7501645,
            "current_ratio": 121.16,
            "debt_ratio": 55.29,
            "inventory_turnover_ratio": 2.27,
            "account_receivable_turnover_ratio": 0.93,
            "reinvestment_rate": 113.38,
            "research_to_sale_ratio": 6.33,
            "price_fair": 47.95,
            "eps_avg_yearly": 1.37,
            "eps_latest_yearly": 0.44,
            "eps_growth_yearly": 149.66
        },
        "20181": {
            "year_quarter": 20181,
            "year": 2018,
            "quarter": 1,
            "eps": 0.1,
            "eps_growth_year": null,
            "eps_4q": 0.35,
            "eps_4q_growth_year": 8.12,
            "roe": 0.38,
            "roe_4q": 1.84,
            "gross_profit": 480676,
            "gross_margin": 16.23,
            "gross_margin_4q_avg": 13.93,
            "net_income": 33949,
            "revenue": 2961595,
            "common_shares": 3999997,
            "book_valuer_per_share": 26.35,
            "book_valuer_per_share_4q_avg": 23.86,
            "equity": 10538940,
            "current_ratio": 130.07,
            "debt_ratio": 44.96,
            "inventory_turnover_ratio": 1.61,
            "account_receivable_turnover_ratio": 0.78,
            "reinvestment_rate": 306.28,
            "research_to_sale_ratio": 6.98,
            "price_fair": 46.03,
            "eps_avg_yearly": 1.32,
            "eps_latest_yearly": 0.4,
            "eps_growth_yearly": 187.04
        },
        "20182": {
            "year_quarter": 20182,
            "year": 2018,
            "quarter": 2,
            "eps": 0.29,
            "eps_growth_year": null,
            "eps_4q": 0.64,
            "eps_4q_growth_year": 203.52,
            "roe": 1.09,
            "roe_4q": 2.92,
            "gross_profit": 504677,
            "gross_margin": 15.99,
            "gross_margin_4q_avg": 15,
            "net_income": 114895,
            "revenue": 3157041,
            "common_shares": 3999997,
            "book_valuer_per_share": 26.3,
            "book_valuer_per_share_4q_avg": 24.76,
            "equity": 10518334,
            "current_ratio": 117.25,
            "debt_ratio": 49.21,
            "inventory_turnover_ratio": 1.56,
            "account_receivable_turnover_ratio": 0.9,
            "reinvestment_rate": 386.38,
            "research_to_sale_ratio": 7.76,
            "price_fair": 49.53,
            "eps_avg_yearly": 1.42,
            "eps_latest_yearly": 1.16,
            "eps_growth_yearly": 310.61
        },
        "20183": {
            "year_quarter": 20183,
            "year": 2018,
            "quarter": 3,
            "eps": 0.54,
            "eps_growth_year": 145.45,
            "eps_4q": 1,
            "eps_4q_growth_year": 226.91,
            "roe": 2.04,
            "roe_4q": 3.9899999999999998,
            "gross_profit": 688430,
            "gross_margin": 16.28,
            "gross_margin_4q_avg": 15.44,
            "net_income": 215816,
            "revenue": 4229053,
            "common_shares": 3999997,
            "book_valuer_per_share": 26.5,
            "book_valuer_per_share_4q_avg": 25.59,
            "equity": 10599457,
            "current_ratio": 126.32,
            "debt_ratio": 59.88,
            "inventory_turnover_ratio": 1.63,
            "account_receivable_turnover_ratio": 0.99,
            "reinvestment_rate": 419.88,
            "research_to_sale_ratio": 5.4,
            "price_fair": 53.9,
            "eps_avg_yearly": 1.54,
            "eps_latest_yearly": 2.16,
            "eps_growth_yearly": 242.6
        },
        "20184": {
            "year_quarter": 20184,
            "year": 2018,
            "quarter": 4,
            "eps": 1.09,
            "eps_growth_year": 881.99,
            "eps_4q": 2,
            "eps_4q_growth_year": 2763.01,
            "roe": 4.05,
            "roe_4q": 7.56,
            "gross_profit": 1014224,
            "gross_margin": 19.61,
            "gross_margin_4q_avg": 17.03,
            "net_income": 436227,
            "revenue": 5172687,
            "common_shares": 3999997,
            "book_valuer_per_share": 27.35,
            "book_valuer_per_share_4q_avg": 26.63,
            "equity": 10939144,
            "current_ratio": 132.36,
            "debt_ratio": 57.62,
            "inventory_turnover_ratio": 1.48,
            "account_receivable_turnover_ratio": 1.01,
            "reinvestment_rate": 346.4,
            "research_to_sale_ratio": 5.17,
            "price_fair": 61.43,
            "eps_avg_yearly": 1.76,
            "eps_latest_yearly": 4.36,
            "eps_growth_yearly": 229.73
        },
        "20191": {
            "year_quarter": 20191,
            "year": 2019,
            "quarter": 1,
            "eps": 0.09,
            "eps_growth_year": -10,
            "eps_4q": 2.01,
            "eps_4q_growth_year": 466.14,
            "roe": 0.33,
            "roe_4q": 7.51,
            "gross_profit": 493914,
            "gross_margin": 13.64,
            "gross_margin_4q_avg": 16.38,
            "net_income": 36091,
            "revenue": 3619732,
            "common_shares": 3999997,
            "book_valuer_per_share": 27.77,
            "book_valuer_per_share_4q_avg": 26.98,
            "equity": 11107428,
            "current_ratio": 146.99,
            "debt_ratio": 55.62,
            "inventory_turnover_ratio": 1.03,
            "account_receivable_turnover_ratio": 0.75,
            "reinvestment_rate": 335.87,
            "research_to_sale_ratio": 5.4,
            "price_fair": 56,
            "eps_avg_yearly": 1.6,
            "eps_latest_yearly": 0.36,
            "eps_growth_yearly": 163.43
        },
        "20192": {
            "year_quarter": 20192,
            "year": 2019,
            "quarter": 2,
            "eps": 0.35,
            "eps_growth_year": 20.69,
            "eps_4q": 2.01,
            "eps_4q_growth_year": 213.72,
            "roe": 1.29,
            "roe_4q": 7.71,
            "gross_profit": 566471,
            "gross_margin": 12.84,
            "gross_margin_4q_avg": 15.59,
            "net_income": 143491,
            "revenue": 4410469,
            "common_shares": 3999997,
            "book_valuer_per_share": 27.83,
            "book_valuer_per_share_4q_avg": 27.36,
            "equity": 11131499,
            "current_ratio": 137.69,
            "debt_ratio": 56.17,
            "inventory_turnover_ratio": 1.36,
            "account_receivable_turnover_ratio": 0.95,
            "reinvestment_rate": 366.7,
            "research_to_sale_ratio": 4.91,
            "price_fair": 55.3,
            "eps_avg_yearly": 1.58,
            "eps_latest_yearly": 1.4,
            "eps_growth_yearly": 262.65
        },
        "20193": {
            "year_quarter": 20193,
            "year": 2019,
            "quarter": 3,
            "eps": 0.44,
            "eps_growth_year": -18.52,
            "eps_4q": 1.64,
            "eps_4q_growth_year": 63.68,
            "roe": 1.66,
            "roe_4q": 7.33,
            "gross_profit": 875802,
            "gross_margin": 17.7,
            "gross_margin_4q_avg": 15.95,
            "net_income": 204942,
            "revenue": 4947270,
            "common_shares": 5007372,
            "book_valuer_per_share": 27.17,
            "book_valuer_per_share_4q_avg": 27.53,
            "equity": 13606237,
            "current_ratio": 159.09,
            "debt_ratio": 50.79,
            "inventory_turnover_ratio": 1.7,
            "account_receivable_turnover_ratio": 0.9,
            "reinvestment_rate": 455.1,
            "research_to_sale_ratio": 4.52,
            "price_fair": 55.87,
            "eps_avg_yearly": 1.6,
            "eps_latest_yearly": 1.76,
            "eps_growth_yearly": 248.12
        },
        "20194": {
            "year_quarter": 20194,
            "year": 2019,
            "quarter": 4,
            "eps": 0.05,
            "eps_growth_year": -95.53,
            "eps_4q": 0.76,
            "eps_4q_growth_year": -62.28,
            "roe": 0.19,
            "roe_4q": 3.4699999999999998,
            "gross_profit": 648253,
            "gross_margin": 16,
            "gross_margin_4q_avg": 15.05,
            "net_income": 26533,
            "revenue": 4051169,
            "common_shares": 5442796,
            "book_valuer_per_share": 27.66,
            "book_valuer_per_share_4q_avg": 27.61,
            "equity": 15052573,
            "current_ratio": 208.03,
            "debt_ratio": 51.8,
            "inventory_turnover_ratio": 1.76,
            "account_receivable_turnover_ratio": 0.73,
            "reinvestment_rate": 540.23,
            "research_to_sale_ratio": 4.45,
            "price_fair": 45.05,
            "eps_avg_yearly": 1.29,
            "eps_latest_yearly": 0.2,
            "eps_growth_yearly": 229.37
        },
        "20201": {
            "year_quarter": 20201,
            "year": 2020,
            "quarter": 1,
            "eps": -0.65,
            "eps_growth_year": -822.22,
            "eps_4q": 0.04,
            "eps_4q_growth_year": -97.82,
            "roe": -2.39,
            "roe_4q": 0.7499999999999998,
            "gross_profit": -110627,
            "gross_margin": -4.12,
            "gross_margin_4q_avg": 10.61,
            "net_income": -351177,
            "revenue": 2686847,
            "common_shares": 5442796,
            "book_valuer_per_share": 26.32,
            "book_valuer_per_share_4q_avg": 27.25,
            "equity": 14323304,
            "current_ratio": 133.1,
            "debt_ratio": 54.1,
            "inventory_turnover_ratio": 1.75,
            "account_receivable_turnover_ratio": 0.6,
            "reinvestment_rate": 1321.21,
            "research_to_sale_ratio": 5.11,
            "price_fair": 45.05,
            "eps_avg_yearly": 1.29,
            "eps_latest_yearly": 0.2,
            "eps_growth_yearly": 229.37
        },
        "20202": {
            "year_quarter": 20202,
            "year": 2020,
            "quarter": 2,
            "eps": 0.45,
            "eps_growth_year": 28.57,
            "eps_4q": 0.23,
            "eps_4q_growth_year": -88.66,
            "roe": 1.7,
            "roe_4q": 1.1599999999999997,
            "gross_profit": 634703,
            "gross_margin": 15.52,
            "gross_margin_4q_avg": 11.28,
            "net_income": 246529,
            "revenue": 4089836,
            "common_shares": 5442796,
            "book_valuer_per_share": 26.97,
            "book_valuer_per_share_4q_avg": 27.03,
            "equity": 14676604,
            "current_ratio": 137.69,
            "debt_ratio": 52.24,
            "inventory_turnover_ratio": 2.17,
            "account_receivable_turnover_ratio": 0.94,
            "reinvestment_rate": 1077.1,
            "research_to_sale_ratio": 3.2,
            "price_fair": 45.05,
            "eps_avg_yearly": 1.29,
            "eps_latest_yearly": 0.2,
            "eps_growth_yearly": 229.37
        },
        "20203": {
            "year_quarter": 20203,
            "year": 2020,
            "quarter": 3,
            "eps": 0.88,
            "eps_growth_year": 100,
            "eps_4q": 0.74,
            "eps_4q_growth_year": -55.08,
            "roe": 3.26,
            "roe_4q": 2.76,
            "gross_profit": 794356,
            "gross_margin": 16.85,
            "gross_margin_4q_avg": 11.06,
            "net_income": 487642,
            "revenue": 4715563,
            "common_shares": 5561777,
            "book_valuer_per_share": 27.43,
            "book_valuer_per_share_4q_avg": 27.1,
            "equity": 15254548,
            "current_ratio": 140.31,
            "debt_ratio": 51.98,
            "inventory_turnover_ratio": 2.24,
            "account_receivable_turnover_ratio": 0.86,
            "reinvestment_rate": 792.2,
            "research_to_sale_ratio": 2.98,
            "price_fair": 54.6,
            "eps_avg_yearly": 1.56,
            "eps_latest_yearly": 3.52,
            "eps_growth_yearly": 261.08
        },
        "20204": {
            "year_quarter": 20204,
            "year": 2020,
            "quarter": 4,
            "eps": 0.49,
            "eps_growth_year": 910.67,
            "eps_4q": 1.18,
            "eps_4q_growth_year": 56.42,
            "roe": 1.77,
            "roe_4q": 4.34,
            "gross_profit": 547334,
            "gross_margin": 12.04,
            "gross_margin_4q_avg": 10.07,
            "net_income": 274023,
            "revenue": 4544867,
            "common_shares": 5561777,
            "book_valuer_per_share": 28.31,
            "book_valuer_per_share_4q_avg": 27.26,
            "equity": 15743806,
            "current_ratio": 130.25,
            "debt_ratio": 51.22,
            "inventory_turnover_ratio": 2.23,
            "account_receivable_turnover_ratio": 0.77,
            "reinvestment_rate": 702.32,
            "research_to_sale_ratio": 3.88,
            "price_fair": 56.38,
            "eps_avg_yearly": 1.61,
            "eps_latest_yearly": 1.96,
            "eps_growth_yearly": 183.43
        },
        "20211": {
            "year_quarter": 20211,
            "year": 2021,
            "quarter": 1,
            "eps": -0.09,
            "eps_growth_year": null,
            "eps_4q": 1.72,
            "eps_4q_growth_year": 3836.64,
            "roe": -0.32,
            "roe_4q": 6.41,
            "gross_profit": 315964,
            "gross_margin": 7.98,
            "gross_margin_4q_avg": 13.1,
            "net_income": -51241,
            "revenue": 3961776,
            "common_shares": 5561777,
            "book_valuer_per_share": 28.46,
            "book_valuer_per_share_4q_avg": 27.79,
            "equity": 15828972,
            "current_ratio": 139.06,
            "debt_ratio": 49.46,
            "inventory_turnover_ratio": 2.23,
            "account_receivable_turnover_ratio": 0.68,
            "reinvestment_rate": 667.89,
            "research_to_sale_ratio": 3.96,
            "price_fair": 56.38,
            "eps_avg_yearly": 1.61,
            "eps_latest_yearly": 1.96,
            "eps_growth_yearly": 183.43
        },
        "20212": {
            "year_quarter": 20212,
            "year": 2021,
            "quarter": 2,
            "eps": -0.42,
            "eps_growth_year": -193.33,
            "eps_4q": 0.86,
            "eps_4q_growth_year": 275.06,
            "roe": -1.5,
            "roe_4q": 3.21,
            "gross_profit": 164713,
            "gross_margin": 5.27,
            "gross_margin_4q_avg": 10.54,
            "net_income": -234744,
            "revenue": 3124820,
            "common_shares": 5561777,
            "book_valuer_per_share": 27.88,
            "book_valuer_per_share_4q_avg": 28.02,
            "equity": 15506481,
            "current_ratio": 155.8,
            "debt_ratio": 46.4,
            "inventory_turnover_ratio": 2.06,
            "account_receivable_turnover_ratio": 0.61,
            "reinvestment_rate": 730.23,
            "research_to_sale_ratio": 5.41,
            "price_fair": 56.38,
            "eps_avg_yearly": 1.61,
            "eps_latest_yearly": 1.96,
            "eps_growth_yearly": 183.43
        },
        "20213": {
            "year_quarter": 20213,
            "year": 2021,
            "quarter": 3,
            "eps": 0.24,
            "eps_growth_year": -72.73,
            "eps_4q": 0.22,
            "eps_4q_growth_year": -70.3,
            "roe": 0.87,
            "roe_4q": 0.8200000000000001,
            "gross_profit": 428485,
            "gross_margin": 10.98,
            "gross_margin_4q_avg": 9.07,
            "net_income": 133587,
            "revenue": 3904050,
            "common_shares": 5561777,
            "book_valuer_per_share": 27.27,
            "book_valuer_per_share_4q_avg": 27.98,
            "equity": 15165673,
            "current_ratio": 160.85,
            "debt_ratio": 46.6,
            "inventory_turnover_ratio": 2.51,
            "account_receivable_turnover_ratio": 0.87,
            "reinvestment_rate": 665.77,
            "research_to_sale_ratio": 4,
            "price_fair": 56.38,
            "eps_avg_yearly": 1.61,
            "eps_latest_yearly": 1.96,
            "eps_growth_yearly": 183.43
        },
        "20214": {
            "year_quarter": 20214,
            "year": 2021,
            "quarter": 4,
            "eps": -0.61,
            "eps_growth_year": -223.26,
            "eps_4q": -0.88,
            "eps_4q_growth_year": -174.6,
            "roe": -2.24,
            "roe_4q": -3.19,
            "gross_profit": 193065,
            "gross_margin": 5.25,
            "gross_margin_4q_avg": 7.37,
            "net_income": -337748,
            "revenue": 3677259,
            "common_shares": 5561777,
            "book_valuer_per_share": 26.98,
            "book_valuer_per_share_4q_avg": 27.65,
            "equity": 15007200,
            "current_ratio": 152.72,
            "debt_ratio": 47.3,
            "inventory_turnover_ratio": 2.58,
            "account_receivable_turnover_ratio": 0.86,
            "reinvestment_rate": 710.54,
            "research_to_sale_ratio": 4.41,
            "price_fair": 60.48,
            "eps_avg_yearly": 1.73,
            "eps_latest_yearly": 1.96,
            "eps_growth_yearly": 221.77
        },
        "20221": {
            "year_quarter": 20221,
            "year": 2022,
            "quarter": 1,
            "eps": -0.26,
            "eps_growth_year": null,
            "eps_4q": -1.05,
            "eps_4q_growth_year": -161.02,
            "roe": -0.97,
            "roe_4q": -3.84,
            "gross_profit": 185809,
            "gross_margin": 6.13,
            "gross_margin_4q_avg": 6.91,
            "net_income": -145026,
            "revenue": 3032510,
            "common_shares": 5561777,
            "book_valuer_per_share": 26.85,
            "book_valuer_per_share_4q_avg": 27.25,
            "equity": 14935634,
            "current_ratio": 153.16,
            "debt_ratio": 46.93,
            "inventory_turnover_ratio": 2.22,
            "account_receivable_turnover_ratio": 0.76,
            "reinvestment_rate": 631.65,
            "research_to_sale_ratio": 4.68,
            "price_fair": 65.64,
            "eps_avg_yearly": 1.88,
            "eps_latest_yearly": 1.96,
            "eps_growth_yearly": 250.45
        },
        "20222": {
            "year_quarter": 20222,
            "year": 2022,
            "quarter": 2,
            "eps": -0.23,
            "eps_growth_year": null,
            "eps_4q": -0.87,
            "eps_4q_growth_year": -201.18,
            "roe": -0.88,
            "roe_4q": -3.2199999999999998,
            "gross_profit": 52240,
            "gross_margin": 2,
            "gross_margin_4q_avg": 6.09,
            "net_income": -128679,
            "revenue": 2606412,
            "common_shares": 5561777,
            "book_valuer_per_share": 25.97,
            "book_valuer_per_share_4q_avg": 26.77,
            "equity": 14341527,
            "current_ratio": 154.6,
            "debt_ratio": 46.34,
            "inventory_turnover_ratio": 1.57,
            "account_receivable_turnover_ratio": 0.74,
            "reinvestment_rate": 634.79,
            "research_to_sale_ratio": 6.01,
            "price_fair": 68.78,
            "eps_avg_yearly": 1.97,
            "eps_latest_yearly": 1.96,
            "eps_growth_yearly": 186.76
        },
        "20223": {
            "year_quarter": 20223,
            "year": 2022,
            "quarter": 3,
            "eps": 1.35,
            "eps_growth_year": 462.5,
            "eps_4q": 0.25,
            "eps_4q_growth_year": 12.46,
            "roe": 5.08,
            "roe_4q": 0.9900000000000002,
            "gross_profit": 1078749,
            "gross_margin": 19.89,
            "gross_margin_4q_avg": 8.32,
            "net_income": 747254,
            "revenue": 5423601,
            "common_shares": 5561777,
            "book_valuer_per_share": 27.27,
            "book_valuer_per_share_4q_avg": 26.77,
            "equity": 15058474,
            "current_ratio": 162.54,
            "debt_ratio": 42.69,
            "inventory_turnover_ratio": 2.24,
            "account_receivable_turnover_ratio": 1.42,
            "reinvestment_rate": 285.37,
            "research_to_sale_ratio": 2.98,
            "price_fair": 67.8,
            "eps_avg_yearly": 1.94,
            "eps_latest_yearly": 1.96,
            "eps_growth_yearly": 164.18
        },
        "20224": {
            "year_quarter": 20224,
            "year": 2022,
            "quarter": 4,
            "eps": -0.05,
            "eps_growth_year": null,
            "eps_4q": 0.8,
            "eps_4q_growth_year": null,
            "roe": -0.19,
            "roe_4q": 3.04,
            "gross_profit": 410527,
            "gross_margin": 11.16,
            "gross_margin_4q_avg": 9.8,
            "net_income": -28326,
            "revenue": 3679938,
            "common_shares": 5561777,
            "book_valuer_per_share": 27.15,
            "book_valuer_per_share_4q_avg": 26.81,
            "equity": 15046332,
            "current_ratio": 169.01,
            "debt_ratio": 40.37,
            "inventory_turnover_ratio": 1.76,
            "account_receivable_turnover_ratio": 0.94,
            "reinvestment_rate": 343.94,
            "research_to_sale_ratio": 4.22,
            "price_fair": 53.67,
            "eps_avg_yearly": 1.53,
            "eps_latest_yearly": 1.96,
            "eps_growth_yearly": 123.64
        },
        "20231": {
            "year_quarter": 20231,
            "year": 2023,
            "quarter": 1,
            "eps": -1.55,
            "eps_growth_year": null,
            "eps_4q": -0.49,
            "eps_4q_growth_year": null,
            "roe": -5.86,
            "roe_4q": -1.8500000000000005,
            "gross_profit": -520219,
            "gross_margin": -27.83,
            "gross_margin_4q_avg": 1.31,
            "net_income": -860911,
            "revenue": 1869061,
            "common_shares": 5561777,
            "book_valuer_per_share": 25.84,
            "book_valuer_per_share_4q_avg": 26.56,
            "equity": 14321250,
            "current_ratio": 160.36,
            "debt_ratio": 39.73,
            "inventory_turnover_ratio": 1.34,
            "account_receivable_turnover_ratio": 0.67,
            "reinvestment_rate": 2675.71,
            "research_to_sale_ratio": 7.73,
            "price_fair": 61.88,
            "eps_avg_yearly": 1.77,
            "eps_latest_yearly": 1.96,
            "eps_growth_yearly": 221.76
        },
        "20232": {
            "year_quarter": 20232,
            "year": 2023,
            "quarter": 2,
            "eps": -1.06,
            "eps_growth_year": null,
            "eps_4q": -1.32,
            "eps_4q_growth_year": null,
            "roe": -4.19,
            "roe_4q": -5.16,
            "gross_profit": -276048,
            "gross_margin": -9.89,
            "gross_margin_4q_avg": -1.67,
            "net_income": -589331,
            "revenue": 2789887,
            "common_shares": 5561777,
            "book_valuer_per_share": 24.94,
            "book_valuer_per_share_4q_avg": 26.3,
            "equity": 13819086,
            "current_ratio": 166.17,
            "debt_ratio": 41.92,
            "inventory_turnover_ratio": 1.92,
            "account_receivable_turnover_ratio": 1.14,
            "reinvestment_rate": null,
            "research_to_sale_ratio": 5.97,
            "price_fair": 5.58,
            "eps_avg_yearly": 1.86,
            "eps_latest_yearly": 1.96,
            "eps_growth_yearly": -11.68
        }
    },
    "months": {
        "2002-02": {
            "month": "2002-02",
            "price": "62.15",
            "revenue": 66875
        },
        "2002-03": {
            "month": "2002-03",
            "price": "68.60",
            "revenue": 96954
        },
        "2002-04": {
            "month": "2002-04",
            "price": "64.43",
            "revenue": 85554
        },
        "2002-05": {
            "month": "2002-05",
            "price": "48.99",
            "revenue": 81364
        },
        "2002-06": {
            "month": "2002-06",
            "price": "47.70",
            "revenue": 81965
        },
        "2002-07": {
            "month": "2002-07",
            "price": "43.21",
            "revenue": 84552
        },
        "2002-08": {
            "month": "2002-08",
            "price": "28.64",
            "revenue": 80981
        },
        "2002-09": {
            "month": "2002-09",
            "price": "25.28",
            "revenue": 106799
        },
        "2002-10": {
            "month": "2002-10",
            "price": "27.09",
            "revenue": 121152
        },
        "2002-11": {
            "month": "2002-11",
            "price": "29.22",
            "revenue": 121312
        },
        "2002-12": {
            "month": "2002-12",
            "price": "33.73",
            "revenue": 129442
        },
        "2003-01": {
            "month": "2003-01",
            "price": "31.33",
            "revenue": 125737
        },
        "2003-02": {
            "month": "2003-02",
            "price": "31.96",
            "revenue": 124372
        },
        "2003-03": {
            "month": "2003-03",
            "price": "28.66",
            "revenue": 162007
        },
        "2003-04": {
            "month": "2003-04",
            "price": "28.33",
            "revenue": 259843
        },
        "2003-05": {
            "month": "2003-05",
            "price": "28.42",
            "revenue": 305866
        },
        "2003-06": {
            "month": "2003-06",
            "price": "34.95",
            "revenue": 310171
        },
        "2003-07": {
            "month": "2003-07",
            "price": "38.17",
            "revenue": 322532
        },
        "2003-08": {
            "month": "2003-08",
            "price": "43.60",
            "revenue": 358049
        },
        "2003-09": {
            "month": "2003-09",
            "price": "44.38",
            "revenue": 401142
        },
        "2003-10": {
            "month": "2003-10",
            "price": "48.03",
            "revenue": 490218
        },
        "2003-11": {
            "month": "2003-11",
            "price": "47.34",
            "revenue": 499334
        },
        "2003-12": {
            "month": "2003-12",
            "price": "46.97",
            "revenue": 499367
        },
        "2004-01": {
            "month": "2004-01",
            "price": "57.59",
            "revenue": 436974
        },
        "2004-02": {
            "month": "2004-02",
            "price": "59.28",
            "revenue": 516565
        },
        "2004-03": {
            "month": "2004-03",
            "price": "55.78",
            "revenue": 516604
        },
        "2004-04": {
            "month": "2004-04",
            "price": "61.18",
            "revenue": 582059
        },
        "2004-05": {
            "month": "2004-05",
            "price": "59.98",
            "revenue": 582904
        },
        "2004-06": {
            "month": "2004-06",
            "price": "52.36",
            "revenue": 543695
        },
        "2004-07": {
            "month": "2004-07",
            "price": "47.45",
            "revenue": 552430
        },
        "2004-08": {
            "month": "2004-08",
            "price": "49.72",
            "revenue": 574608
        },
        "2004-09": {
            "month": "2004-09",
            "price": "52.23",
            "revenue": 667389
        },
        "2004-10": {
            "month": "2004-10",
            "price": "50.06",
            "revenue": 683183
        },
        "2004-11": {
            "month": "2004-11",
            "price": "45.71",
            "revenue": 711352
        },
        "2004-12": {
            "month": "2004-12",
            "price": "46.00",
            "revenue": 560319
        },
        "2005-01": {
            "month": "2005-01",
            "price": "43.12",
            "revenue": 625504
        },
        "2005-02": {
            "month": "2005-02",
            "price": "48.12",
            "revenue": 440780
        },
        "2005-03": {
            "month": "2005-03",
            "price": "48.79",
            "revenue": 632592
        },
        "2005-04": {
            "month": "2005-04",
            "price": "46.71",
            "revenue": 546657
        },
        "2005-05": {
            "month": "2005-05",
            "price": "42.14",
            "revenue": 552928
        },
        "2005-06": {
            "month": "2005-06",
            "price": "46.97",
            "revenue": 550259
        },
        "2005-07": {
            "month": "2005-07",
            "price": "50.34",
            "revenue": 601951
        },
        "2005-08": {
            "month": "2005-08",
            "price": "44.93",
            "revenue": 510496
        },
        "2005-09": {
            "month": "2005-09",
            "price": "38.76",
            "revenue": 526772
        },
        "2005-10": {
            "month": "2005-10",
            "price": "33.86",
            "revenue": 673923
        },
        "2005-11": {
            "month": "2005-11",
            "price": "30.41",
            "revenue": 681480
        },
        "2005-12": {
            "month": "2005-12",
            "price": "34.49",
            "revenue": 573115
        },
        "2006-01": {
            "month": "2006-01",
            "price": "34.68",
            "revenue": 513548
        },
        "2006-02": {
            "month": "2006-02",
            "price": "32.46",
            "revenue": 456407
        },
        "2006-03": {
            "month": "2006-03",
            "price": "31.12",
            "revenue": 607660
        },
        "2006-04": {
            "month": "2006-04",
            "price": "35.63",
            "revenue": 579848
        },
        "2006-05": {
            "month": "2006-05",
            "price": "30.60",
            "revenue": 546329
        },
        "2006-06": {
            "month": "2006-06",
            "price": "25.56",
            "revenue": 451276
        },
        "2006-07": {
            "month": "2006-07",
            "price": "25.60",
            "revenue": 593616
        },
        "2006-08": {
            "month": "2006-08",
            "price": "25.22",
            "revenue": 639063
        },
        "2006-09": {
            "month": "2006-09",
            "price": "25.88",
            "revenue": 720691
        },
        "2006-10": {
            "month": "2006-10",
            "price": "26.88",
            "revenue": 667209
        },
        "2006-11": {
            "month": "2006-11",
            "price": "25.95",
            "revenue": 640488
        },
        "2006-12": {
            "month": "2006-12",
            "price": "26.61",
            "revenue": 501135
        },
        "2007-01": {
            "month": "2007-01",
            "price": "28.93",
            "revenue": 581534
        },
        "2007-02": {
            "month": "2007-02",
            "price": "27.30",
            "revenue": 411609
        },
        "2007-03": {
            "month": "2007-03",
            "price": "28.22",
            "revenue": 510882
        },
        "2007-04": {
            "month": "2007-04",
            "price": "28.61",
            "revenue": 514659
        },
        "2007-05": {
            "month": "2007-05",
            "price": "26.40",
            "revenue": 580646
        },
        "2007-06": {
            "month": "2007-06",
            "price": "28.65",
            "revenue": 506375
        },
        "2007-07": {
            "month": "2007-07",
            "price": "29.23",
            "revenue": 537833
        },
        "2007-08": {
            "month": "2007-08",
            "price": "27.16",
            "revenue": 542986
        },
        "2007-09": {
            "month": "2007-09",
            "price": "24.43",
            "revenue": 536760
        },
        "2007-10": {
            "month": "2007-10",
            "price": "23.98",
            "revenue": 620597
        },
        "2007-11": {
            "month": "2007-11",
            "price": "20.90",
            "revenue": 683653
        },
        "2007-12": {
            "month": "2007-12",
            "price": "17.46",
            "revenue": 513818
        },
        "2008-01": {
            "month": "2008-01",
            "price": "14.37",
            "revenue": 579668
        },
        "2008-02": {
            "month": "2008-02",
            "price": "14.09",
            "revenue": 371248
        },
        "2008-03": {
            "month": "2008-03",
            "price": "14.15",
            "revenue": 476787
        },
        "2008-04": {
            "month": "2008-04",
            "price": "15.47",
            "revenue": 484166
        },
        "2008-05": {
            "month": "2008-05",
            "price": "15.24",
            "revenue": 443209
        },
        "2008-06": {
            "month": "2008-06",
            "price": "12.86",
            "revenue": 402398
        },
        "2008-07": {
            "month": "2008-07",
            "price": "9.42",
            "revenue": 489455
        },
        "2008-08": {
            "month": "2008-08",
            "price": "11.64",
            "revenue": 515889
        },
        "2008-09": {
            "month": "2008-09",
            "price": "11.01",
            "revenue": 719544
        },
        "2008-10": {
            "month": "2008-10",
            "price": "9.75",
            "revenue": 943985
        },
        "2008-11": {
            "month": "2008-11",
            "price": "8.43",
            "revenue": 951123
        },
        "2008-12": {
            "month": "2008-12",
            "price": "8.18",
            "revenue": 613936
        },
        "2009-01": {
            "month": "2009-01",
            "price": "8.35",
            "revenue": 392444
        },
        "2009-02": {
            "month": "2009-02",
            "price": "8.80",
            "revenue": 364032
        },
        "2009-03": {
            "month": "2009-03",
            "price": "10.99",
            "revenue": 489086
        },
        "2009-04": {
            "month": "2009-04",
            "price": "12.55",
            "revenue": 422521
        },
        "2009-05": {
            "month": "2009-05",
            "price": "13.71",
            "revenue": 520938
        },
        "2009-06": {
            "month": "2009-06",
            "price": "14.04",
            "revenue": 681940
        },
        "2009-07": {
            "month": "2009-07",
            "price": "15.12",
            "revenue": 685041
        },
        "2009-08": {
            "month": "2009-08",
            "price": "15.36",
            "revenue": 703826
        },
        "2009-09": {
            "month": "2009-09",
            "price": "20.74",
            "revenue": 572667
        },
        "2009-10": {
            "month": "2009-10",
            "price": "21.81",
            "revenue": 613700
        },
        "2009-11": {
            "month": "2009-11",
            "price": "21.02",
            "revenue": 581333
        },
        "2009-12": {
            "month": "2009-12",
            "price": "24.95",
            "revenue": 504155
        },
        "2010-01": {
            "month": "2010-01",
            "price": "24.88",
            "revenue": 524758
        },
        "2010-02": {
            "month": "2010-02",
            "price": "22.71",
            "revenue": 317242
        },
        "2010-03": {
            "month": "2010-03",
            "price": "25.02",
            "revenue": 471124
        },
        "2010-04": {
            "month": "2010-04",
            "price": "27.61",
            "revenue": 540055
        },
        "2010-05": {
            "month": "2010-05",
            "price": "29.66",
            "revenue": 500756
        },
        "2010-06": {
            "month": "2010-06",
            "price": "30.49",
            "revenue": 488861
        },
        "2010-07": {
            "month": "2010-07",
            "price": "29.91",
            "revenue": 949764
        },
        "2010-08": {
            "month": "2010-08",
            "price": "34.68",
            "revenue": 966381
        },
        "2010-09": {
            "month": "2010-09",
            "price": "44.04",
            "revenue": 960892
        },
        "2010-10": {
            "month": "2010-10",
            "price": "40.12",
            "revenue": 885718
        },
        "2010-11": {
            "month": "2010-11",
            "price": "39.73",
            "revenue": 866302
        },
        "2010-12": {
            "month": "2010-12",
            "price": "44.78",
            "revenue": 901817
        },
        "2011-01": {
            "month": "2011-01",
            "price": "49.43",
            "revenue": 819470
        },
        "2011-02": {
            "month": "2011-02",
            "price": "52.23",
            "revenue": 686186
        },
        "2011-03": {
            "month": "2011-03",
            "price": "51.44",
            "revenue": 950969
        },
        "2011-04": {
            "month": "2011-04",
            "price": "57.91",
            "revenue": 928981
        },
        "2011-05": {
            "month": "2011-05",
            "price": "57.27",
            "revenue": 985258
        },
        "2011-06": {
            "month": "2011-06",
            "price": "58.79",
            "revenue": 884707
        },
        "2011-07": {
            "month": "2011-07",
            "price": "62.10",
            "revenue": 1020570
        },
        "2011-08": {
            "month": "2011-08",
            "price": "59.87",
            "revenue": 1084241
        },
        "2011-09": {
            "month": "2011-09",
            "price": "55.75",
            "revenue": 1109260
        },
        "2011-10": {
            "month": "2011-10",
            "price": "46.28",
            "revenue": 936066
        },
        "2011-11": {
            "month": "2011-11",
            "price": "41.65",
            "revenue": 988395
        },
        "2011-12": {
            "month": "2011-12",
            "price": "36.96",
            "revenue": 1034593
        },
        "2012-01": {
            "month": "2012-01",
            "price": "42.60",
            "revenue": 1002289
        },
        "2012-02": {
            "month": "2012-02",
            "price": "54.66",
            "revenue": 919789
        },
        "2012-03": {
            "month": "2012-03",
            "price": "53.84",
            "revenue": 1131566
        },
        "2012-04": {
            "month": "2012-04",
            "price": "45.96",
            "revenue": 1013861
        },
        "2012-05": {
            "month": "2012-05",
            "price": "43.55",
            "revenue": 1096481
        },
        "2012-06": {
            "month": "2012-06",
            "price": "46.40",
            "revenue": 1003349
        },
        "2012-07": {
            "month": "2012-07",
            "price": "44.58",
            "revenue": 1145736
        },
        "2012-08": {
            "month": "2012-08",
            "price": "44.09",
            "revenue": 1143075
        },
        "2012-09": {
            "month": "2012-09",
            "price": "42.62",
            "revenue": 1320593
        },
        "2012-10": {
            "month": "2012-10",
            "price": "40.82",
            "revenue": 1665940
        },
        "2012-11": {
            "month": "2012-11",
            "price": "40.61",
            "revenue": 1490648
        },
        "2012-12": {
            "month": "2012-12",
            "price": "40.51",
            "revenue": 1377639
        },
        "2013-01": {
            "month": "2013-01",
            "price": "37.60",
            "revenue": 1339286
        },
        "2013-02": {
            "month": "2013-02",
            "price": "37.16",
            "revenue": 715058
        },
        "2013-03": {
            "month": "2013-03",
            "price": "36.25",
            "revenue": 854085
        },
        "2013-04": {
            "month": "2013-04",
            "price": "35.80",
            "revenue": 868188
        },
        "2013-05": {
            "month": "2013-05",
            "price": "34.16",
            "revenue": 879386
        },
        "2013-06": {
            "month": "2013-06",
            "price": "30.54",
            "revenue": 686913
        },
        "2013-07": {
            "month": "2013-07",
            "price": "28.44",
            "revenue": 1069667
        },
        "2013-08": {
            "month": "2013-08",
            "price": "30.53",
            "revenue": 1070445
        },
        "2013-09": {
            "month": "2013-09",
            "price": "30.31",
            "revenue": 1292368
        },
        "2013-10": {
            "month": "2013-10",
            "price": "29.09",
            "revenue": 1485393
        },
        "2013-11": {
            "month": "2013-11",
            "price": "25.78",
            "revenue": 1617365
        },
        "2013-12": {
            "month": "2013-12",
            "price": "27.48",
            "revenue": 1628973
        },
        "2014-01": {
            "month": "2014-01",
            "price": "31.95",
            "revenue": 1235805
        },
        "2014-02": {
            "month": "2014-02",
            "price": "32.37",
            "revenue": 754257
        },
        "2014-03": {
            "month": "2014-03",
            "price": "33.16",
            "revenue": 914242
        },
        "2014-04": {
            "month": "2014-04",
            "price": "38.44",
            "revenue": 1077491
        },
        "2014-05": {
            "month": "2014-05",
            "price": "43.06",
            "revenue": 1139734
        },
        "2014-06": {
            "month": "2014-06",
            "price": "45.92",
            "revenue": 1073202
        },
        "2014-07": {
            "month": "2014-07",
            "price": "44.06",
            "revenue": 1183016
        },
        "2014-08": {
            "month": "2014-08",
            "price": "42.26",
            "revenue": 1243065
        },
        "2014-09": {
            "month": "2014-09",
            "price": "41.62",
            "revenue": 1873189
        },
        "2014-10": {
            "month": "2014-10",
            "price": "36.34",
            "revenue": 2164944
        },
        "2014-11": {
            "month": "2014-11",
            "price": "33.78",
            "revenue": 1974868
        },
        "2014-12": {
            "month": "2014-12",
            "price": "32.04",
            "revenue": 1483680
        },
        "2015-01": {
            "month": "2015-01",
            "price": "33.96",
            "revenue": 1621390
        },
        "2015-02": {
            "month": "2015-02",
            "price": "33.86",
            "revenue": 799698
        },
        "2015-03": {
            "month": "2015-03",
            "price": "34.90",
            "revenue": 1155011
        },
        "2015-04": {
            "month": "2015-04",
            "price": "31.22",
            "revenue": 1170945
        },
        "2015-05": {
            "month": "2015-05",
            "price": "28.25",
            "revenue": 1228259
        },
        "2015-06": {
            "month": "2015-06",
            "price": "24.00",
            "revenue": 1309173
        },
        "2015-07": {
            "month": "2015-07",
            "price": "25.66",
            "revenue": 1405526
        },
        "2015-08": {
            "month": "2015-08",
            "price": "23.98",
            "revenue": 1195272
        },
        "2015-09": {
            "month": "2015-09",
            "price": "24.79",
            "revenue": 1522254
        },
        "2015-10": {
            "month": "2015-10",
            "price": "26.20",
            "revenue": 1594108
        },
        "2015-11": {
            "month": "2015-11",
            "price": "25.82",
            "revenue": 1552295
        },
        "2015-12": {
            "month": "2015-12",
            "price": "25.35",
            "revenue": 1159840
        },
        "2016-01": {
            "month": "2016-01",
            "price": "21.53",
            "revenue": 1245394
        },
        "2016-02": {
            "month": "2016-02",
            "price": "22.12",
            "revenue": 771379
        },
        "2016-03": {
            "month": "2016-03",
            "price": "23.04",
            "revenue": 1115645
        },
        "2016-04": {
            "month": "2016-04",
            "price": "20.70",
            "revenue": 1078931
        },
        "2016-05": {
            "month": "2016-05",
            "price": "17.55",
            "revenue": 1046069
        },
        "2016-06": {
            "month": "2016-06",
            "price": "16.84",
            "revenue": 1018411
        },
        "2016-07": {
            "month": "2016-07",
            "price": "17.49",
            "revenue": 1046377
        },
        "2016-08": {
            "month": "2016-08",
            "price": "19.24",
            "revenue": 1245133
        },
        "2016-09": {
            "month": "2016-09",
            "price": "19.29",
            "revenue": 1253575
        },
        "2016-10": {
            "month": "2016-10",
            "price": "20.42",
            "revenue": 1266583
        },
        "2016-11": {
            "month": "2016-11",
            "price": "18.70",
            "revenue": 1472569
        },
        "2016-12": {
            "month": "2016-12",
            "price": "18.45",
            "revenue": 1385017
        },
        "2017-01": {
            "month": "2017-01",
            "price": "17.80",
            "revenue": 1103979
        },
        "2017-02": {
            "month": "2017-02",
            "price": "18.95",
            "revenue": 910664
        },
        "2017-03": {
            "month": "2017-03",
            "price": "19.44",
            "revenue": 1119905
        },
        "2017-04": {
            "month": "2017-04",
            "price": "20.54",
            "revenue": 858121
        },
        "2017-05": {
            "month": "2017-05",
            "price": "19.90",
            "revenue": 934757
        },
        "2017-06": {
            "month": "2017-06",
            "price": "20.60",
            "revenue": 931003
        },
        "2017-07": {
            "month": "2017-07",
            "price": "20.12",
            "revenue": 991568
        },
        "2017-08": {
            "month": "2017-08",
            "price": "19.03",
            "revenue": 1121942
        },
        "2017-09": {
            "month": "2017-09",
            "price": "22.69",
            "revenue": 1230165
        },
        "2017-10": {
            "month": "2017-10",
            "price": "30.49",
            "revenue": 1176060
        },
        "2017-11": {
            "month": "2017-11",
            "price": "41.60",
            "revenue": 1304903
        },
        "2017-12": {
            "month": "2017-12",
            "price": "42.26",
            "revenue": 1249798
        },
        "2018-01": {
            "month": "2018-01",
            "price": "45.03",
            "revenue": 1337382
        },
        "2018-02": {
            "month": "2018-02",
            "price": "39.69",
            "revenue": 697291
        },
        "2018-03": {
            "month": "2018-03",
            "price": "40.43",
            "revenue": 1009002
        },
        "2018-04": {
            "month": "2018-04",
            "price": "42.07",
            "revenue": 891483
        },
        "2018-05": {
            "month": "2018-05",
            "price": "60.12",
            "revenue": 1152293
        },
        "2018-06": {
            "month": "2018-06",
            "price": "67.02",
            "revenue": 1031185
        },
        "2018-07": {
            "month": "2018-07",
            "price": "55.25",
            "revenue": 1169804
        },
        "2018-08": {
            "month": "2018-08",
            "price": "54.85",
            "revenue": 1281314
        },
        "2018-09": {
            "month": "2018-09",
            "price": "42.57",
            "revenue": 1777936
        },
        "2018-10": {
            "month": "2018-10",
            "price": "37.76",
            "revenue": 2092143
        },
        "2018-11": {
            "month": "2018-11",
            "price": "32.78",
            "revenue": 1866418
        },
        "2018-12": {
            "month": "2018-12",
            "price": "28.57",
            "revenue": 1214125
        },
        "2019-01": {
            "month": "2019-01",
            "price": "25.48",
            "revenue": 1538096
        },
        "2019-02": {
            "month": "2019-02",
            "price": "28.83",
            "revenue": 767033
        },
        "2019-03": {
            "month": "2019-03",
            "price": "31.18",
            "revenue": 1314635
        },
        "2019-04": {
            "month": "2019-04",
            "price": "33.58",
            "revenue": 1432565
        },
        "2019-05": {
            "month": "2019-05",
            "price": "29.43",
            "revenue": 1583909
        },
        "2019-06": {
            "month": "2019-06",
            "price": "29.61",
            "revenue": 1447394
        },
        "2019-07": {
            "month": "2019-07",
            "price": "32.56",
            "revenue": 1750119
        },
        "2019-08": {
            "month": "2019-08",
            "price": "32.21",
            "revenue": 1612328
        },
        "2019-09": {
            "month": "2019-09",
            "price": "35.20",
            "revenue": 1531392
        },
        "2019-10": {
            "month": "2019-10",
            "price": "37.58",
            "revenue": 1440364
        },
        "2019-11": {
            "month": "2019-11",
            "price": "36.93",
            "revenue": 1386567
        },
        "2019-12": {
            "month": "2019-12",
            "price": "35.37",
            "revenue": 1224238
        },
        "2020-01": {
            "month": "2020-01",
            "price": "34.63",
            "revenue": 1084345
        },
        "2020-02": {
            "month": "2020-02",
            "price": "32.19",
            "revenue": 499375
        },
        "2020-03": {
            "month": "2020-03",
            "price": "26.38",
            "revenue": 1103128
        },
        "2020-04": {
            "month": "2020-04",
            "price": "26.75",
            "revenue": 1441172
        },
        "2020-05": {
            "month": "2020-05",
            "price": "27.35",
            "revenue": 1269773
        },
        "2020-06": {
            "month": "2020-06",
            "price": "29.10",
            "revenue": 1378891
        },
        "2020-07": {
            "month": "2020-07",
            "price": "29.54",
            "revenue": 1475172
        },
        "2020-08": {
            "month": "2020-08",
            "price": "29.47",
            "revenue": 1440921
        },
        "2020-09": {
            "month": "2020-09",
            "price": "28.12",
            "revenue": 1799470
        },
        "2020-10": {
            "month": "2020-10",
            "price": "28.35",
            "revenue": 1345767
        },
        "2020-11": {
            "month": "2020-11",
            "price": "33.51",
            "revenue": 1531284
        },
        "2020-12": {
            "month": "2020-12",
            "price": "36.00",
            "revenue": 1667815
        },
        "2021-01": {
            "month": "2021-01",
            "price": "35.79",
            "revenue": 1597002
        },
        "2021-02": {
            "month": "2021-02",
            "price": "34.39",
            "revenue": 1077228
        },
        "2021-03": {
            "month": "2021-03",
            "price": "36.18",
            "revenue": 1287546
        },
        "2021-04": {
            "month": "2021-04",
            "price": "37.10",
            "revenue": 1174552
        },
        "2021-05": {
            "month": "2021-05",
            "price": "29.29",
            "revenue": 930165
        },
        "2021-06": {
            "month": "2021-06",
            "price": "30.35",
            "revenue": 1020103
        },
        "2021-07": {
            "month": "2021-07",
            "price": "30.66",
            "revenue": 1283234
        },
        "2021-08": {
            "month": "2021-08",
            "price": "27.82",
            "revenue": 1305925
        },
        "2021-09": {
            "month": "2021-09",
            "price": "25.98",
            "revenue": 1314891
        },
        "2021-10": {
            "month": "2021-10",
            "price": "24.12",
            "revenue": 1172691
        },
        "2021-11": {
            "month": "2021-11",
            "price": "25.42",
            "revenue": 1242139
        },
        "2021-12": {
            "month": "2021-12",
            "price": "25.21",
            "revenue": 1262430
        },
        "2022-01": {
            "month": "2022-01",
            "price": "25.30",
            "revenue": 1079546
        },
        "2022-02": {
            "month": "2022-02",
            "price": "24.24",
            "revenue": 701617
        },
        "2022-03": {
            "month": "2022-03",
            "price": "23.30",
            "revenue": 1251347
        },
        "2022-04": {
            "month": "2022-04",
            "price": "21.95",
            "revenue": 720425
        },
        "2022-05": {
            "month": "2022-05",
            "price": "20.86",
            "revenue": 819739
        },
        "2022-06": {
            "month": "2022-06",
            "price": "23.30",
            "revenue": 1066248
        },
        "2022-07": {
            "month": "2022-07",
            "price": "21.40",
            "revenue": 1547536
        },
        "2022-08": {
            "month": "2022-08",
            "price": "24.55",
            "revenue": 1824237
        },
        "2022-09": {
            "month": "2022-09",
            "price": "26.89",
            "revenue": 2051828
        },
        "2022-10": {
            "month": "2022-10",
            "price": "24.86",
            "revenue": 1623273
        },
        "2022-11": {
            "month": "2022-11",
            "price": "28.17",
            "revenue": 1248077
        },
        "2022-12": {
            "month": "2022-12",
            "price": "25.11",
            "revenue": 808588
        },
        "2023-01": {
            "month": "2023-01",
            "price": "24.00",
            "revenue": 553389
        },
        "2023-02": {
            "month": "2023-02",
            "price": "24.38",
            "revenue": 550826
        },
        "2023-03": {
            "month": "2023-03",
            "price": "23.86",
            "revenue": 764845
        },
        "2023-04": {
            "month": "2023-04",
            "price": "23.70",
            "revenue": 893786
        },
        "2023-05": {
            "month": "2023-05",
            "price": "23.10",
            "revenue": 1037108
        },
        "2023-06": {
            "month": "2023-06",
            "price": "24.06",
            "revenue": 858994
        },
        "2023-07": {
            "month": "2023-07",
            "price": "24.69",
            "revenue": 1022099
        },
        "2023-08": {
            "month": "2023-08",
            "price": "22.48",
            "revenue": 970393
        }
    }
}
