{
    "summary": {
        "stock_name": "順發",
        "stock_id": "6154",
        "category": "電子通路",
        "main_business": "3C商品買賣",
        "website_url": "http://www.sunfar.com.tw",
        "ceo": "吳錦昌",
        "pe_ratio": 18,
        "report_year_from": 2001,
        "report_year_to": 2023,
        "age": 22,
        "eps_negative_percentage": 0,
        "eps_growth_avg": {
            "last_all": -3.72,
            "last_2y": 35.57,
            "last_4y": 5.34,
            "last_8y": -1.02,
            "last_12y": -0.19,
            "last_16y": -0.21,
            "last_20y": -3.72,
            "at_2006_last_3y": 2.12,
            "at_2007_last_3y": 6.95,
            "at_2008_last_3y": -1.89,
            "at_2009_last_3y": -0.28,
            "at_2010_last_3y": -5.54,
            "at_2011_last_3y": -11.08,
            "at_2012_last_3y": -4.6,
            "at_2013_last_3y": 1.69,
            "at_2014_last_3y": -7.81,
            "at_2015_last_3y": -18.05,
            "at_2016_last_3y": -6.65,
            "at_2017_last_3y": -8.97,
            "at_2018_last_3y": -14.95,
            "at_2019_last_3y": -18.18,
            "at_2020_last_3y": -10.65,
            "at_2021_last_3y": 15.62,
            "at_2022_last_3y": 15.37,
            "at_2023_last_3y": 15.37,
            "at_2006_last_all": -5.28,
            "at_2007_last_all": 0.74,
            "at_2008_last_all": -7.81,
            "at_2009_last_all": -9.46,
            "at_2010_last_all": -5.4,
            "at_2011_last_all": -3.99,
            "at_2012_last_all": -6.64,
            "at_2013_last_all": -5.74,
            "at_2014_last_all": -6.14,
            "at_2015_last_all": -8,
            "at_2016_last_all": -6.65,
            "at_2017_last_all": -6.55,
            "at_2018_last_all": -8.21,
            "at_2019_last_all": -10.27,
            "at_2020_last_all": -7.49,
            "at_2021_last_all": -2.11,
            "at_2022_last_all": -3.72,
            "at_2023_last_all": -3.72
        },
        "latest_eps": 0.95,
        "latest_price": 16.65,
        "latest_roe": 5.81,
        "latest_gross_margin": 15.83,
        "latest_equity": 1308374,
        "latest_revenue": 936819,
        "latest_gross_profit": 148324,
        "latest_net_income": 10047,
        "latest_debt_ratio": 33.84,
        "latest_current_ratio": 258.21,
        "latest_account_receivable_turnover_ratio": 23.23,
        "latest_inventory_turnover_ratio": 1.14,
        "latest_reinvestment_rate": 9.58,
        "latest_research_to_sale_ratio": 0.14
    },
    "eps_dividends": {
        "2000": {
            "cash": 0,
            "stock": 3,
            "eps": 0
        },
        "2001": {
            "cash": 1,
            "stock": 5,
            "eps": 7.19
        },
        "2002": {
            "cash": 0,
            "stock": 4,
            "eps": 4.68
        },
        "2003": {
            "cash": 1,
            "stock": 2,
            "eps": 5.22
        },
        "2004": {
            "cash": 1,
            "stock": 3,
            "eps": 3.98
        },
        "2005": {
            "cash": 2,
            "stock": 1,
            "eps": 2.89
        },
        "2006": {
            "cash": 2,
            "stock": 0,
            "eps": 4.28
        },
        "2007": {
            "cash": 4,
            "stock": 0,
            "eps": 5.6
        },
        "2008": {
            "cash": 5,
            "stock": 0,
            "eps": 2.29
        },
        "2009": {
            "cash": 1,
            "stock": 1,
            "eps": 1.81
        },
        "2010": {
            "cash": 2,
            "stock": 0,
            "eps": 2.3
        },
        "2011": {
            "cash": 2,
            "stock": 0,
            "eps": 2.5
        },
        "2012": {
            "cash": 2,
            "stock": 0,
            "eps": 1.67
        },
        "2013": {
            "cash": 1,
            "stock": 0,
            "eps": 1.74
        },
        "2014": {
            "cash": 2,
            "stock": 0,
            "eps": 1.55
        },
        "2015": {
            "cash": 1,
            "stock": 0,
            "eps": 1.05
        },
        "2016": {
            "cash": 1,
            "stock": 0,
            "eps": 1.18
        },
        "2017": {
            "cash": 1,
            "stock": 0,
            "eps": 1.12
        },
        "2018": {
            "cash": 1,
            "stock": 0,
            "eps": 0.73
        },
        "2019": {
            "cash": 1,
            "stock": 0,
            "eps": 0.4
        },
        "2020": {
            "cash": 1,
            "stock": 0,
            "eps": 0.57
        },
        "2021": {
            "cash": 1,
            "stock": 0,
            "eps": 1.76
        },
        "2022": {
            "cash": 1,
            "stock": 0,
            "eps": 1.13
        },
        "2023": {
            "cash": 1,
            "stock": 0,
            "eps": 0.13
        }
    },
    "dividends": {
        "2000-06-09": {
            "cash": 0,
            "stock": 2.5
        },
        "2001-06-07": {
            "cash": 1,
            "stock": 5.1
        },
        "2002-06-01": {
            "cash": 0.47,
            "stock": 4.2
        },
        "2003-06-18": {
            "cash": 0.9,
            "stock": 2.46
        },
        "2004-03-08": {
            "cash": 1,
            "stock": 3
        },
        "2005-03-25": {
            "cash": 2.2,
            "stock": 0.65
        },
        "2006-03-17": {
            "cash": 2.2,
            "stock": 0.12
        },
        "2007-03-26": {
            "cash": 3.5,
            "stock": 0.1
        },
        "2008-03-18": {
            "cash": 4.6,
            "stock": 0.12
        },
        "2009-03-24": {
            "cash": 0.5,
            "stock": 1
        },
        "2010-03-30": {
            "cash": 1.5,
            "stock": 0
        },
        "2011-03-22": {
            "cash": 2,
            "stock": 0
        },
        "2012-06-18": {
            "cash": 2,
            "stock": 0
        },
        "2013-06-20": {
            "cash": 1.2,
            "stock": 0
        },
        "2014-08-08": {
            "cash": 1.5,
            "stock": 0
        },
        "2015-10-15": {
            "cash": 1.35,
            "stock": 0
        },
        "2016-10-14": {
            "cash": 1,
            "stock": 0
        },
        "2017-10-13": {
            "cash": 1,
            "stock": 0
        },
        "2018-10-12": {
            "cash": 1,
            "stock": 0
        },
        "2019-10-15": {
            "cash": 1,
            "stock": 0
        },
        "2020-10-15": {
            "cash": 0.6,
            "stock": 0
        },
        "2021-10-14": {
            "cash": 0.55,
            "stock": 0
        },
        "2022-10-13": {
            "cash": 1.2,
            "stock": 0
        },
        "2023-03-15": {
            "cash": 0.9,
            "stock": 0
        }
    },
    "prices": {
        "200101": "無",
        "200102": "無",
        "200103": "無",
        "200104": "無",
        "200105": "無",
        "200106": "無",
        "200107": "無",
        "200108": "無",
        "200109": "無",
        "200110": "無",
        "200111": "無",
        "200112": "無",
        "200201": "無",
        "200202": "96.94",
        "200203": "110.21",
        "200204": "103.00",
        "200205": "84.05",
        "200206": "86.08",
        "200207": "77.83",
        "200208": "59.45",
        "200209": "49.58",
        "200210": "43.61",
        "200211": "41.62",
        "200212": "38.51",
        "200301": "38.84",
        "200302": "38.43",
        "200303": "38.17",
        "200304": "37.76",
        "200305": "36.65",
        "200306": "40.38",
        "200307": "46.45",
        "200308": "46.58",
        "200309": "41.10",
        "200310": "41.27",
        "200311": "44.65",
        "200312": "44.37",
        "200401": "45.07",
        "200402": "49.52",
        "200403": "49.10",
        "200404": "47.03",
        "200405": "43.13",
        "200406": "41.48",
        "200407": "39.01",
        "200408": "30.92",
        "200409": "29.98",
        "200410": "29.20",
        "200411": "27.69",
        "200412": "25.50",
        "200501": "24.25",
        "200502": "25.86",
        "200503": "27.93",
        "200504": "27.78",
        "200505": "26.70",
        "200506": "28.09",
        "200507": "25.22",
        "200508": "23.82",
        "200509": "23.42",
        "200510": "22.34",
        "200511": "22.16",
        "200512": "29.81",
        "200601": "37.76",
        "200602": "30.43",
        "200603": "28.99",
        "200604": "27.76",
        "200605": "32.28",
        "200606": "30.50",
        "200607": "30.59",
        "200608": "30.26",
        "200609": "35.94",
        "200610": "41.59",
        "200611": "53.43",
        "200612": "76.89",
        "200701": "75.91",
        "200702": "64.87",
        "200703": "68.60",
        "200704": "77.06",
        "200705": "77.35",
        "200706": "75.57",
        "200707": "70.15",
        "200708": "66.36",
        "200709": "64.44",
        "200710": "60.90",
        "200711": "51.17",
        "200712": "46.37",
        "200801": "43.20",
        "200802": "42.08",
        "200803": "46.10",
        "200804": "49.48",
        "200805": "48.88",
        "200806": "44.88",
        "200807": "38.33",
        "200808": "36.38",
        "200809": "23.04",
        "200810": "19.35",
        "200811": "17.16",
        "200812": "17.13",
        "200901": "17.27",
        "200902": "17.48",
        "200903": "19.16",
        "200904": "20.69",
        "200905": "24.82",
        "200906": "23.32",
        "200907": "24.01",
        "200908": "25.35",
        "200909": "23.15",
        "200910": "24.49",
        "200911": "23.24",
        "200912": "24.63",
        "201001": "29.62",
        "201002": "25.52",
        "201003": "26.82",
        "201004": "27.44",
        "201005": "24.58",
        "201006": "24.27",
        "201007": "24.46",
        "201008": "24.31",
        "201009": "24.08",
        "201010": "23.70",
        "201011": "23.37",
        "201012": "24.53",
        "201101": "24.28",
        "201102": "23.81",
        "201103": "24.16",
        "201104": "25.66",
        "201105": "26.51",
        "201106": "26.80",
        "201107": "26.84",
        "201108": "24.61",
        "201109": "24.14",
        "201110": "23.80",
        "201111": "23.84",
        "201112": "23.86",
        "201201": "24.14",
        "201202": "25.74",
        "201203": "26.72",
        "201204": "26.54",
        "201205": "26.52",
        "201206": "26.28",
        "201207": "25.96",
        "201208": "25.00",
        "201209": "24.29",
        "201210": "23.83",
        "201211": "22.42",
        "201212": "22.54",
        "201301": "23.06",
        "201302": "23.09",
        "201303": "23.07",
        "201304": "22.52",
        "201305": "22.64",
        "201306": "22.40",
        "201307": "22.17",
        "201308": "21.70",
        "201309": "21.85",
        "201310": "20.70",
        "201311": "20.77",
        "201312": "21.10",
        "201401": "21.39",
        "201402": "21.44",
        "201403": "21.75",
        "201404": "22.47",
        "201405": "22.50",
        "201406": "22.90",
        "201407": "22.75",
        "201408": "21.80",
        "201409": "21.38",
        "201410": "20.97",
        "201411": "20.74",
        "201412": "20.91",
        "201501": "20.95",
        "201502": "21.15",
        "201503": "21.10",
        "201504": "21.37",
        "201505": "21.58",
        "201506": "21.04",
        "201507": "20.72",
        "201508": "19.08",
        "201509": "17.81",
        "201510": "16.98",
        "201511": "17.00",
        "201512": "16.56",
        "201601": "16.18",
        "201602": "16.12",
        "201603": "16.76",
        "201604": "16.63",
        "201605": "16.23",
        "201606": "16.33",
        "201607": "16.44",
        "201608": "17.08",
        "201609": "17.13",
        "201610": "16.46",
        "201611": "16.40",
        "201612": "16.54",
        "201701": "16.59",
        "201702": "17.02",
        "201703": "17.06",
        "201704": "16.95",
        "201705": "16.98",
        "201706": "17.24",
        "201707": "17.29",
        "201708": "17.17",
        "201709": "16.70",
        "201710": "16.63",
        "201711": "16.60",
        "201712": "16.52",
        "201801": "16.52",
        "201802": "16.35",
        "201803": "16.43",
        "201804": "16.91",
        "201805": "17.87",
        "201806": "17.89",
        "201807": "17.50",
        "201808": "17.33",
        "201809": "16.53",
        "201810": "15.53",
        "201811": "15.06",
        "201812": "15.02",
        "201901": "14.91",
        "201902": "15.00",
        "201903": "15.33",
        "201904": "15.59",
        "201905": "15.46",
        "201906": "15.47",
        "201907": "15.57",
        "201908": "15.49",
        "201909": "15.57",
        "201910": "14.85",
        "201911": "14.24",
        "201912": "13.92",
        "202001": "13.85",
        "202002": "13.72",
        "202003": "11.73",
        "202004": "11.58",
        "202005": "12.30",
        "202006": "13.34",
        "202007": "13.58",
        "202008": "13.65",
        "202009": "13.29",
        "202010": "12.84",
        "202011": "12.78",
        "202012": "12.95",
        "202101": "12.86",
        "202102": "12.70",
        "202103": "13.03",
        "202104": "13.52",
        "202105": "13.14",
        "202106": "15.98",
        "202107": "18.99",
        "202108": "18.62",
        "202109": "19.29",
        "202110": "17.90",
        "202111": "18.06",
        "202112": "17.78",
        "202201": "17.44",
        "202202": "17.07",
        "202203": "17.80",
        "202204": "17.64",
        "202205": "17.21",
        "202206": "16.95",
        "202207": "15.97",
        "202208": "16.76",
        "202209": "16.74",
        "202210": "15.21",
        "202211": "15.34",
        "202212": "15.68",
        "202301": "15.65",
        "202302": "15.79",
        "202303": "16.21",
        "202304": "16.62",
        "202305": "16.59"
    },
    "quarters": {
        "20011": {
            "year_quarter": 20011,
            "year": 2001,
            "quarter": 1,
            "eps": 2.72,
            "eps_growth_year": null,
            "eps_4q": null,
            "eps_4q_growth_year": null,
            "roe": 14.05,
            "roe_4q": 14.05,
            "gross_profit": 130076,
            "gross_margin": 11.62,
            "gross_margin_4q_avg": 11.62,
            "net_income": 45643,
            "revenue": 1119788,
            "common_shares": 168000,
            "book_valuer_per_share": 20.69,
            "book_valuer_per_share_4q_avg": 20.69,
            "equity": 347661,
            "current_ratio": 126.35,
            "debt_ratio": 61.64,
            "inventory_turnover_ratio": 3.46,
            "account_receivable_turnover_ratio": null,
            "reinvestment_rate": null,
            "research_to_sale_ratio": null,
            "price_fair": 0,
            "eps_avg_yearly": 0,
            "eps_latest_yearly": 0,
            "eps_growth_yearly": 0
        },
        "20012": {
            "year_quarter": 20012,
            "year": 2001,
            "quarter": 2,
            "eps": 1.46,
            "eps_growth_year": null,
            "eps_4q": null,
            "eps_4q_growth_year": null,
            "roe": 6.98,
            "roe_4q": 21.03,
            "gross_profit": 119299,
            "gross_margin": 13.06,
            "gross_margin_4q_avg": 12.34,
            "net_income": 24539,
            "revenue": 913305,
            "common_shares": 168000,
            "book_valuer_per_share": 21.15,
            "book_valuer_per_share_4q_avg": 20.92,
            "equity": 355400,
            "current_ratio": 133.2,
            "debt_ratio": 55.52,
            "inventory_turnover_ratio": 2.78,
            "account_receivable_turnover_ratio": null,
            "reinvestment_rate": null,
            "research_to_sale_ratio": null,
            "price_fair": 0,
            "eps_avg_yearly": 0,
            "eps_latest_yearly": 0,
            "eps_growth_yearly": 0
        },
        "20013": {
            "year_quarter": 20013,
            "year": 2001,
            "quarter": 3,
            "eps": 1.62,
            "eps_growth_year": null,
            "eps_4q": null,
            "eps_4q_growth_year": null,
            "roe": 7.39,
            "roe_4q": 28.42,
            "gross_profit": 112467,
            "gross_margin": 10.1,
            "gross_margin_4q_avg": 11.59,
            "net_income": 27271,
            "revenue": 1114001,
            "common_shares": 168000,
            "book_valuer_per_share": 22.78,
            "book_valuer_per_share_4q_avg": 21.54,
            "equity": 382671,
            "current_ratio": 111.8,
            "debt_ratio": 58.37,
            "inventory_turnover_ratio": 3.99,
            "account_receivable_turnover_ratio": null,
            "reinvestment_rate": null,
            "research_to_sale_ratio": null,
            "price_fair": 0,
            "eps_avg_yearly": 0,
            "eps_latest_yearly": 0,
            "eps_growth_yearly": 0
        },
        "20014": {
            "year_quarter": 20014,
            "year": 2001,
            "quarter": 4,
            "eps": 1.39,
            "eps_growth_year": null,
            "eps_4q": 5.19,
            "eps_4q_growth_year": null,
            "roe": 8.9,
            "roe_4q": 37.32,
            "gross_profit": 120052,
            "gross_margin": 10.77,
            "gross_margin_4q_avg": 11.39,
            "net_income": 35657,
            "revenue": 1115069,
            "common_shares": 256538,
            "book_valuer_per_share": 16.31,
            "book_valuer_per_share_4q_avg": 20.23,
            "equity": 418328,
            "current_ratio": 121.93,
            "debt_ratio": 54.82,
            "inventory_turnover_ratio": 3.29,
            "account_receivable_turnover_ratio": null,
            "reinvestment_rate": null,
            "research_to_sale_ratio": null,
            "price_fair": 0,
            "eps_avg_yearly": 0,
            "eps_latest_yearly": 0,
            "eps_growth_yearly": 0
        },
        "20021": {
            "year_quarter": 20021,
            "year": 2002,
            "quarter": 1,
            "eps": 1.59,
            "eps_growth_year": -41.54,
            "eps_4q": 5,
            "eps_4q_growth_year": null,
            "roe": 9.29,
            "roe_4q": 32.56,
            "gross_profit": 140855,
            "gross_margin": 10.39,
            "gross_margin_4q_avg": 11.08,
            "net_income": 40775,
            "revenue": 1355395,
            "common_shares": 256538,
            "book_valuer_per_share": 17.9,
            "book_valuer_per_share_4q_avg": 19.54,
            "equity": 459103,
            "current_ratio": 98.58,
            "debt_ratio": 60.24,
            "inventory_turnover_ratio": 3.42,
            "account_receivable_turnover_ratio": null,
            "reinvestment_rate": null,
            "research_to_sale_ratio": null,
            "price_fair": 222.6,
            "eps_avg_yearly": 6.36,
            "eps_latest_yearly": 6.36,
            "eps_growth_yearly": 57.55
        },
        "20022": {
            "year_quarter": 20022,
            "year": 2002,
            "quarter": 2,
            "eps": 0.89,
            "eps_growth_year": -39.04,
            "eps_4q": 4.91,
            "eps_4q_growth_year": null,
            "roe": 4.94,
            "roe_4q": 30.520000000000003,
            "gross_profit": 131951,
            "gross_margin": 11.03,
            "gross_margin_4q_avg": 10.57,
            "net_income": 22944,
            "revenue": 1196612,
            "common_shares": 256538,
            "book_valuer_per_share": 18.32,
            "book_valuer_per_share_4q_avg": 18.83,
            "equity": 470065,
            "current_ratio": 94.66,
            "debt_ratio": 61.1,
            "inventory_turnover_ratio": 3.12,
            "account_receivable_turnover_ratio": null,
            "reinvestment_rate": null,
            "research_to_sale_ratio": null,
            "price_fair": 14.88,
            "eps_avg_yearly": 4.96,
            "eps_latest_yearly": 3.56,
            "eps_growth_yearly": -59.27
        },
        "20023": {
            "year_quarter": 20023,
            "year": 2002,
            "quarter": 3,
            "eps": 1.15,
            "eps_growth_year": -29.01,
            "eps_4q": 3.83,
            "eps_4q_growth_year": null,
            "roe": 8.68,
            "roe_4q": 31.810000000000002,
            "gross_profit": 167321,
            "gross_margin": 10.5,
            "gross_margin_4q_avg": 10.67,
            "net_income": 42669,
            "revenue": 1593337,
            "common_shares": 371110,
            "book_valuer_per_share": 13.82,
            "book_valuer_per_share_4q_avg": 16.59,
            "equity": 512734,
            "current_ratio": 99.05,
            "debt_ratio": 63.36,
            "inventory_turnover_ratio": 4.06,
            "account_receivable_turnover_ratio": null,
            "reinvestment_rate": null,
            "research_to_sale_ratio": null,
            "price_fair": 14.52,
            "eps_avg_yearly": 4.84,
            "eps_latest_yearly": 4.6,
            "eps_growth_yearly": -0.56
        },
        "20024": {
            "year_quarter": 20024,
            "year": 2002,
            "quarter": 4,
            "eps": 1.05,
            "eps_growth_year": -24.46,
            "eps_4q": 3.92,
            "eps_4q_growth_year": -24.47,
            "roe": 7.32,
            "roe_4q": 30.23,
            "gross_profit": 154566,
            "gross_margin": 10.48,
            "gross_margin_4q_avg": 10.6,
            "net_income": 38934,
            "revenue": 1475011,
            "common_shares": 371110,
            "book_valuer_per_share": 14.87,
            "book_valuer_per_share_4q_avg": 16.23,
            "equity": 551668,
            "current_ratio": 105.43,
            "debt_ratio": 57.71,
            "inventory_turnover_ratio": 3.16,
            "account_receivable_turnover_ratio": null,
            "reinvestment_rate": null,
            "research_to_sale_ratio": null,
            "price_fair": 14.04,
            "eps_avg_yearly": 4.68,
            "eps_latest_yearly": 4.2,
            "eps_growth_yearly": -9.12
        },
        "20031": {
            "year_quarter": 20031,
            "year": 2003,
            "quarter": 1,
            "eps": 1.5,
            "eps_growth_year": -5.66,
            "eps_4q": 4.32,
            "eps_4q_growth_year": -13.7,
            "roe": 9.61,
            "roe_4q": 30.55,
            "gross_profit": 178057,
            "gross_margin": 10.88,
            "gross_margin_4q_avg": 10.72,
            "net_income": 55700,
            "revenue": 1636117,
            "common_shares": 371110,
            "book_valuer_per_share": 16.37,
            "book_valuer_per_share_4q_avg": 15.85,
            "equity": 607368,
            "current_ratio": 111.84,
            "debt_ratio": 57.89,
            "inventory_turnover_ratio": 3.31,
            "account_receivable_turnover_ratio": null,
            "reinvestment_rate": null,
            "research_to_sale_ratio": null,
            "price_fair": 173.04,
            "eps_avg_yearly": 4.94,
            "eps_latest_yearly": 6,
            "eps_growth_yearly": 26.99
        },
        "20032": {
            "year_quarter": 20032,
            "year": 2003,
            "quarter": 2,
            "eps": 1.22,
            "eps_growth_year": 37.08,
            "eps_4q": 4.91,
            "eps_4q_growth_year": -0.12,
            "roe": 7.41,
            "roe_4q": 33.019999999999996,
            "gross_profit": 153905,
            "gross_margin": 10.72,
            "gross_margin_4q_avg": 10.65,
            "net_income": 45436,
            "revenue": 1436208,
            "common_shares": 371110,
            "book_valuer_per_share": 16.69,
            "book_valuer_per_share_4q_avg": 15.44,
            "equity": 619404,
            "current_ratio": 112.4,
            "debt_ratio": 52.86,
            "inventory_turnover_ratio": 3.33,
            "account_receivable_turnover_ratio": null,
            "reinvestment_rate": null,
            "research_to_sale_ratio": null,
            "price_fair": 98.9,
            "eps_avg_yearly": 4.93,
            "eps_latest_yearly": 4.88,
            "eps_growth_yearly": 10.05
        },
        "20033": {
            "year_quarter": 20033,
            "year": 2003,
            "quarter": 3,
            "eps": 1.48,
            "eps_growth_year": 28.7,
            "eps_4q": 4.47,
            "eps_4q_growth_year": 16.89,
            "roe": 10.58,
            "roe_4q": 34.92,
            "gross_profit": 196127,
            "gross_margin": 11.13,
            "gross_margin_4q_avg": 10.8,
            "net_income": 69221,
            "revenue": 1761764,
            "common_shares": 468000,
            "book_valuer_per_share": 14.71,
            "book_valuer_per_share_4q_avg": 15.66,
            "equity": 688625,
            "current_ratio": 118.76,
            "debt_ratio": 53.74,
            "inventory_turnover_ratio": 4.24,
            "account_receivable_turnover_ratio": null,
            "reinvestment_rate": null,
            "research_to_sale_ratio": null,
            "price_fair": 156.24,
            "eps_avg_yearly": 5.07,
            "eps_latest_yearly": 5.92,
            "eps_growth_yearly": 20.79
        },
        "20034": {
            "year_quarter": 20034,
            "year": 2003,
            "quarter": 4,
            "eps": 1.02,
            "eps_growth_year": -2.86,
            "eps_4q": 4.65,
            "eps_4q_growth_year": 18.55,
            "roe": 6.72,
            "roe_4q": 34.32,
            "gross_profit": 177805,
            "gross_margin": 11.44,
            "gross_margin_4q_avg": 11.04,
            "net_income": 47921,
            "revenue": 1554438,
            "common_shares": 468000,
            "book_valuer_per_share": 15.74,
            "book_valuer_per_share_4q_avg": 15.88,
            "equity": 736546,
            "current_ratio": 122.07,
            "debt_ratio": 52.24,
            "inventory_turnover_ratio": 2.93,
            "account_receivable_turnover_ratio": null,
            "reinvestment_rate": null,
            "research_to_sale_ratio": null,
            "price_fair": 62.62,
            "eps_avg_yearly": 4.95,
            "eps_latest_yearly": 4.08,
            "eps_growth_yearly": 2.65
        },
        "20041": {
            "year_quarter": 20041,
            "year": 2004,
            "quarter": 1,
            "eps": 1.56,
            "eps_growth_year": 4,
            "eps_4q": 5.04,
            "eps_4q_growth_year": 16.8,
            "roe": 9.43,
            "roe_4q": 34.14,
            "gross_profit": 210047,
            "gross_margin": 11.33,
            "gross_margin_4q_avg": 11.16,
            "net_income": 72870,
            "revenue": 1853326,
            "common_shares": 468000,
            "book_valuer_per_share": 17.3,
            "book_valuer_per_share_4q_avg": 16.11,
            "equity": 809416,
            "current_ratio": 126.82,
            "debt_ratio": 49.67,
            "inventory_turnover_ratio": 3.05,
            "account_receivable_turnover_ratio": null,
            "reinvestment_rate": null,
            "research_to_sale_ratio": null,
            "price_fair": 178.27,
            "eps_avg_yearly": 5.09,
            "eps_latest_yearly": 6.24,
            "eps_growth_yearly": 25.89
        },
        "20042": {
            "year_quarter": 20042,
            "year": 2004,
            "quarter": 2,
            "eps": 0.88,
            "eps_growth_year": -27.87,
            "eps_4q": 4.93,
            "eps_4q_growth_year": 0.53,
            "roe": 5.12,
            "roe_4q": 31.85,
            "gross_profit": 176703,
            "gross_margin": 11.75,
            "gross_margin_4q_avg": 11.41,
            "net_income": 41260,
            "revenue": 1503796,
            "common_shares": 468000,
            "book_valuer_per_share": 17.18,
            "book_valuer_per_share_4q_avg": 16.23,
            "equity": 803876,
            "current_ratio": 127.27,
            "debt_ratio": 48.71,
            "inventory_turnover_ratio": 2.78,
            "account_receivable_turnover_ratio": null,
            "reinvestment_rate": null,
            "research_to_sale_ratio": null,
            "price_fair": 78.29,
            "eps_avg_yearly": 4.94,
            "eps_latest_yearly": 3.52,
            "eps_growth_yearly": 5.86
        },
        "20043": {
            "year_quarter": 20043,
            "year": 2004,
            "quarter": 3,
            "eps": 0.9,
            "eps_growth_year": -39.19,
            "eps_4q": 3.54,
            "eps_4q_growth_year": -20.98,
            "roe": 6.65,
            "roe_4q": 27.919999999999998,
            "gross_profit": 204378,
            "gross_margin": 10.7,
            "gross_margin_4q_avg": 11.31,
            "net_income": 55331,
            "revenue": 1909554,
            "common_shares": 618000,
            "book_valuer_per_share": 13.9,
            "book_valuer_per_share_4q_avg": 16.03,
            "equity": 859207,
            "current_ratio": 126.06,
            "debt_ratio": 51.65,
            "inventory_turnover_ratio": 3.66,
            "account_receivable_turnover_ratio": null,
            "reinvestment_rate": null,
            "research_to_sale_ratio": null,
            "price_fair": 77.78,
            "eps_avg_yearly": 4.81,
            "eps_latest_yearly": 3.6,
            "eps_growth_yearly": 6.15
        },
        "20044": {
            "year_quarter": 20044,
            "year": 2004,
            "quarter": 4,
            "eps": 0.64,
            "eps_growth_year": -37.25,
            "eps_4q": 3.39,
            "eps_4q_growth_year": -27.12,
            "roe": 4.49,
            "roe_4q": 25.69,
            "gross_profit": 211075,
            "gross_margin": 12.22,
            "gross_margin_4q_avg": 11.5,
            "net_income": 39495,
            "revenue": 1726613,
            "common_shares": 618000,
            "book_valuer_per_share": 14.54,
            "book_valuer_per_share_4q_avg": 15.73,
            "equity": 898611,
            "current_ratio": 130.41,
            "debt_ratio": 48.63,
            "inventory_turnover_ratio": 2.89,
            "account_receivable_turnover_ratio": null,
            "reinvestment_rate": 57.15,
            "research_to_sale_ratio": null,
            "price_fair": 13.88,
            "eps_avg_yearly": 4.63,
            "eps_latest_yearly": 2.56,
            "eps_growth_yearly": -3.99
        },
        "20051": {
            "year_quarter": 20051,
            "year": 2005,
            "quarter": 1,
            "eps": 0.8,
            "eps_growth_year": -48.72,
            "eps_4q": 3,
            "eps_4q_growth_year": -40.57,
            "roe": 5.37,
            "roe_4q": 21.63,
            "gross_profit": 222613,
            "gross_margin": 11.16,
            "gross_margin_4q_avg": 11.46,
            "net_income": 49586,
            "revenue": 1995389,
            "common_shares": 618000,
            "book_valuer_per_share": 15.34,
            "book_valuer_per_share_4q_avg": 15.24,
            "equity": 948182,
            "current_ratio": 129.66,
            "debt_ratio": 49.18,
            "inventory_turnover_ratio": 3.51,
            "account_receivable_turnover_ratio": null,
            "reinvestment_rate": 53.08,
            "research_to_sale_ratio": null,
            "price_fair": 63.29,
            "eps_avg_yearly": 4.52,
            "eps_latest_yearly": 3.2,
            "eps_growth_yearly": 4.01
        },
        "20052": {
            "year_quarter": 20052,
            "year": 2005,
            "quarter": 2,
            "eps": 0.56,
            "eps_growth_year": -36.36,
            "eps_4q": 2.88,
            "eps_4q_growth_year": -41.69,
            "roe": 3.89,
            "roe_4q": 20.4,
            "gross_profit": 192019,
            "gross_margin": 11.89,
            "gross_margin_4q_avg": 11.49,
            "net_income": 34914,
            "revenue": 1614407,
            "common_shares": 618000,
            "book_valuer_per_share": 13.71,
            "book_valuer_per_share_4q_avg": 14.37,
            "equity": 846990,
            "current_ratio": 119.19,
            "debt_ratio": 54.04,
            "inventory_turnover_ratio": 3.25,
            "account_receivable_turnover_ratio": null,
            "reinvestment_rate": 50,
            "research_to_sale_ratio": null,
            "price_fair": 13.06,
            "eps_avg_yearly": 4.35,
            "eps_latest_yearly": 2.24,
            "eps_growth_yearly": -4.85
        },
        "20053": {
            "year_quarter": 20053,
            "year": 2005,
            "quarter": 3,
            "eps": 0.99,
            "eps_growth_year": 10,
            "eps_4q": 2.85,
            "eps_4q_growth_year": -19.3,
            "roe": 7.49,
            "roe_4q": 21.240000000000002,
            "gross_profit": 231777,
            "gross_margin": 12.04,
            "gross_margin_4q_avg": 11.83,
            "net_income": 65874,
            "revenue": 1925048,
            "common_shares": 668000,
            "book_valuer_per_share": 13.67,
            "book_valuer_per_share_4q_avg": 14.32,
            "equity": 913033,
            "current_ratio": 123.97,
            "debt_ratio": 51.03,
            "inventory_turnover_ratio": 3.47,
            "account_receivable_turnover_ratio": null,
            "reinvestment_rate": 40.76,
            "research_to_sale_ratio": null,
            "price_fair": 112.32,
            "eps_avg_yearly": 4.33,
            "eps_latest_yearly": 3.96,
            "eps_growth_yearly": 15.95
        },
        "20054": {
            "year_quarter": 20054,
            "year": 2005,
            "quarter": 4,
            "eps": 0.54,
            "eps_growth_year": -15.62,
            "eps_4q": 2.81,
            "eps_4q_growth_year": -17.12,
            "roe": 3.84,
            "roe_4q": 20.59,
            "gross_profit": 201828,
            "gross_margin": 12.72,
            "gross_margin_4q_avg": 11.95,
            "net_income": 35827,
            "revenue": 1586665,
            "common_shares": 668000,
            "book_valuer_per_share": 14.21,
            "book_valuer_per_share_4q_avg": 14.23,
            "equity": 953276,
            "current_ratio": 133.27,
            "debt_ratio": 51.23,
            "inventory_turnover_ratio": 2.28,
            "account_receivable_turnover_ratio": null,
            "reinvestment_rate": 40.42,
            "research_to_sale_ratio": null,
            "price_fair": 56.98,
            "eps_avg_yearly": 4.19,
            "eps_latest_yearly": 2.16,
            "eps_growth_yearly": 3.59
        },
        "20061": {
            "year_quarter": 20061,
            "year": 2006,
            "quarter": 1,
            "eps": 1.3,
            "eps_growth_year": 62.5,
            "eps_4q": 3.35,
            "eps_4q_growth_year": 11.8,
            "roe": 8.72,
            "roe_4q": 23.94,
            "gross_profit": 241003,
            "gross_margin": 13.55,
            "gross_margin_4q_avg": 12.55,
            "net_income": 86680,
            "revenue": 1778990,
            "common_shares": 668000,
            "book_valuer_per_share": 15.51,
            "book_valuer_per_share_4q_avg": 14.28,
            "equity": 1035766,
            "current_ratio": 144.13,
            "debt_ratio": 44.43,
            "inventory_turnover_ratio": 2.49,
            "account_receivable_turnover_ratio": null,
            "reinvestment_rate": 23.31,
            "research_to_sale_ratio": null,
            "price_fair": 144.2,
            "eps_avg_yearly": 4.12,
            "eps_latest_yearly": 5.2,
            "eps_growth_yearly": 35.18
        },
        "20062": {
            "year_quarter": 20062,
            "year": 2006,
            "quarter": 2,
            "eps": 0.69,
            "eps_growth_year": 23.21,
            "eps_4q": 3.51,
            "eps_4q_growth_year": 22,
            "roe": 4.68,
            "roe_4q": 24.730000000000004,
            "gross_profit": 188314,
            "gross_margin": 13.31,
            "gross_margin_4q_avg": 12.91,
            "net_income": 46110,
            "revenue": 1414356,
            "common_shares": 668000,
            "book_valuer_per_share": 13.98,
            "book_valuer_per_share_4q_avg": 14.34,
            "equity": 934113,
            "current_ratio": 132.25,
            "debt_ratio": 48.33,
            "inventory_turnover_ratio": 2.31,
            "account_receivable_turnover_ratio": null,
            "reinvestment_rate": 16.39,
            "research_to_sale_ratio": null,
            "price_fair": 142.45,
            "eps_avg_yearly": 4.07,
            "eps_latest_yearly": 2.76,
            "eps_growth_yearly": 34.46
        },
        "20063": {
            "year_quarter": 20063,
            "year": 2006,
            "quarter": 3,
            "eps": 1.21,
            "eps_growth_year": 22.22,
            "eps_4q": 3.7,
            "eps_4q_growth_year": 29.54,
            "roe": 8.41,
            "roe_4q": 25.650000000000002,
            "gross_profit": 241573,
            "gross_margin": 13.96,
            "gross_margin_4q_avg": 13.39,
            "net_income": 82060,
            "revenue": 1730313,
            "common_shares": 680000,
            "book_valuer_per_share": 14.95,
            "book_valuer_per_share_4q_avg": 14.66,
            "equity": 1016425,
            "current_ratio": 137.33,
            "debt_ratio": 49.05,
            "inventory_turnover_ratio": 2.85,
            "account_receivable_turnover_ratio": null,
            "reinvestment_rate": 13.54,
            "research_to_sale_ratio": null,
            "price_fair": 142.98,
            "eps_avg_yearly": 4.09,
            "eps_latest_yearly": 4.84,
            "eps_growth_yearly": 45.99
        },
        "20064": {
            "year_quarter": 20064,
            "year": 2006,
            "quarter": 4,
            "eps": 1.08,
            "eps_growth_year": 100,
            "eps_4q": 4.24,
            "eps_4q_growth_year": 51.17,
            "roe": 6.95,
            "roe_4q": 28.759999999999998,
            "gross_profit": 223527,
            "gross_margin": 14.82,
            "gross_margin_4q_avg": 13.91,
            "net_income": 73367,
            "revenue": 1508686,
            "common_shares": 680000,
            "book_valuer_per_share": 16.03,
            "book_valuer_per_share_4q_avg": 15.12,
            "equity": 1093749,
            "current_ratio": 153.64,
            "debt_ratio": 45.49,
            "inventory_turnover_ratio": 2.18,
            "account_receivable_turnover_ratio": null,
            "reinvestment_rate": 11.92,
            "research_to_sale_ratio": null,
            "price_fair": 143.24,
            "eps_avg_yearly": 4.09,
            "eps_latest_yearly": 4.32,
            "eps_growth_yearly": 45.48
        },
        "20071": {
            "year_quarter": 20071,
            "year": 2007,
            "quarter": 1,
            "eps": 1.99,
            "eps_growth_year": 53.08,
            "eps_4q": 4.95,
            "eps_4q_growth_year": 47.8,
            "roe": 11.69,
            "roe_4q": 31.73,
            "gross_profit": 285599,
            "gross_margin": 15.79,
            "gross_margin_4q_avg": 14.47,
            "net_income": 135506,
            "revenue": 1809007,
            "common_shares": 680000,
            "book_valuer_per_share": 18.02,
            "book_valuer_per_share_4q_avg": 15.75,
            "equity": 1225368,
            "current_ratio": 165.43,
            "debt_ratio": 42.14,
            "inventory_turnover_ratio": 2.52,
            "account_receivable_turnover_ratio": null,
            "reinvestment_rate": 11.6,
            "research_to_sale_ratio": null,
            "price_fair": 147.53,
            "eps_avg_yearly": 4.22,
            "eps_latest_yearly": 7.96,
            "eps_growth_yearly": 55.83
        },
        "20072": {
            "year_quarter": 20072,
            "year": 2007,
            "quarter": 2,
            "eps": 1.25,
            "eps_growth_year": 81.16,
            "eps_4q": 5.51,
            "eps_4q_growth_year": 57.07,
            "roe": 7.43,
            "roe_4q": 34.48,
            "gross_profit": 227378,
            "gross_margin": 15.39,
            "gross_margin_4q_avg": 14.99,
            "net_income": 85335,
            "revenue": 1477460,
            "common_shares": 680000,
            "book_valuer_per_share": 15.76,
            "book_valuer_per_share_4q_avg": 16.19,
            "equity": 1071633,
            "current_ratio": 148.15,
            "debt_ratio": 46.04,
            "inventory_turnover_ratio": 2.32,
            "account_receivable_turnover_ratio": null,
            "reinvestment_rate": 10.39,
            "research_to_sale_ratio": null,
            "price_fair": 147.79,
            "eps_avg_yearly": 4.22,
            "eps_latest_yearly": 5,
            "eps_growth_yearly": 51.2
        },
        "20073": {
            "year_quarter": 20073,
            "year": 2007,
            "quarter": 3,
            "eps": 1.31,
            "eps_growth_year": 8.26,
            "eps_4q": 5.53,
            "eps_4q_growth_year": 49.53,
            "roe": 8.18,
            "roe_4q": 34.25,
            "gross_profit": 256024,
            "gross_margin": 14.37,
            "gross_margin_4q_avg": 15.09,
            "net_income": 91391,
            "revenue": 1781102,
            "common_shares": 700000,
            "book_valuer_per_share": 16.62,
            "book_valuer_per_share_4q_avg": 16.61,
            "equity": 1163607,
            "current_ratio": 161.42,
            "debt_ratio": 41.84,
            "inventory_turnover_ratio": 2.96,
            "account_receivable_turnover_ratio": null,
            "reinvestment_rate": 11.35,
            "research_to_sale_ratio": null,
            "price_fair": 146.3,
            "eps_avg_yearly": 4.18,
            "eps_latest_yearly": 5.24,
            "eps_growth_yearly": 47.07
        },
        "20074": {
            "year_quarter": 20074,
            "year": 2007,
            "quarter": 4,
            "eps": 1.05,
            "eps_growth_year": -2.78,
            "eps_4q": 5.49,
            "eps_4q_growth_year": 29.5,
            "roe": 6.15,
            "roe_4q": 33.449999999999996,
            "gross_profit": 225315,
            "gross_margin": 15.43,
            "gross_margin_4q_avg": 15.25,
            "net_income": 73768,
            "revenue": 1460679,
            "common_shares": 700000,
            "book_valuer_per_share": 17.6,
            "book_valuer_per_share_4q_avg": 17,
            "equity": 1235930,
            "current_ratio": 188.85,
            "debt_ratio": 36.37,
            "inventory_turnover_ratio": 2.04,
            "account_receivable_turnover_ratio": null,
            "reinvestment_rate": 7.66,
            "research_to_sale_ratio": null,
            "price_fair": 146.56,
            "eps_avg_yearly": 4.19,
            "eps_latest_yearly": 4.2,
            "eps_growth_yearly": 49.88
        },
        "20081": {
            "year_quarter": 20081,
            "year": 2008,
            "quarter": 1,
            "eps": 1.04,
            "eps_growth_year": -47.74,
            "eps_4q": 4.61,
            "eps_4q_growth_year": -6.94,
            "roe": 5.75,
            "roe_4q": 27.509999999999998,
            "gross_profit": 251108,
            "gross_margin": 15.33,
            "gross_margin_4q_avg": 15.13,
            "net_income": 73056,
            "revenue": 1638076,
            "common_shares": 700000,
            "book_valuer_per_share": 18.57,
            "book_valuer_per_share_4q_avg": 17.14,
            "equity": 1304082,
            "current_ratio": 194.79,
            "debt_ratio": 35.71,
            "inventory_turnover_ratio": 1.99,
            "account_receivable_turnover_ratio": null,
            "reinvestment_rate": 9.95,
            "research_to_sale_ratio": null,
            "price_fair": 142.01,
            "eps_avg_yearly": 4.06,
            "eps_latest_yearly": 4.16,
            "eps_growth_yearly": 36.41
        },
        "20082": {
            "year_quarter": 20082,
            "year": 2008,
            "quarter": 2,
            "eps": 0.41,
            "eps_growth_year": -67.2,
            "eps_4q": 3.84,
            "eps_4q_growth_year": -30.35,
            "roe": 2.47,
            "roe_4q": 22.55,
            "gross_profit": 191269,
            "gross_margin": 14.56,
            "gross_margin_4q_avg": 14.92,
            "net_income": 28484,
            "revenue": 1314114,
            "common_shares": 700000,
            "book_valuer_per_share": 14.28,
            "book_valuer_per_share_4q_avg": 16.77,
            "equity": 1003987,
            "current_ratio": 141.66,
            "debt_ratio": 47.11,
            "inventory_turnover_ratio": 1.71,
            "account_receivable_turnover_ratio": null,
            "reinvestment_rate": 9.75,
            "research_to_sale_ratio": null,
            "price_fair": 137.9,
            "eps_avg_yearly": 3.94,
            "eps_latest_yearly": 1.64,
            "eps_growth_yearly": 32.16
        },
        "20083": {
            "year_quarter": 20083,
            "year": 2008,
            "quarter": 3,
            "eps": 0.51,
            "eps_growth_year": -61.07,
            "eps_4q": 2.94,
            "eps_4q_growth_year": -46.89,
            "roe": 3.62,
            "roe_4q": 17.990000000000002,
            "gross_profit": 221412,
            "gross_margin": 13.41,
            "gross_margin_4q_avg": 14.68,
            "net_income": 36859,
            "revenue": 1651514,
            "common_shares": 728000,
            "book_valuer_per_share": 14.11,
            "book_valuer_per_share_4q_avg": 16.14,
            "equity": 1031312,
            "current_ratio": 151.36,
            "debt_ratio": 42.14,
            "inventory_turnover_ratio": 2.09,
            "account_receivable_turnover_ratio": null,
            "reinvestment_rate": 7.8,
            "research_to_sale_ratio": null,
            "price_fair": 134.49,
            "eps_avg_yearly": 3.84,
            "eps_latest_yearly": 2.04,
            "eps_growth_yearly": 37.69
        },
        "20084": {
            "year_quarter": 20084,
            "year": 2008,
            "quarter": 4,
            "eps": 0.33,
            "eps_growth_year": -68.57,
            "eps_4q": 2.23,
            "eps_4q_growth_year": -59.39,
            "roe": 2.27,
            "roe_4q": 14.110000000000001,
            "gross_profit": 231238,
            "gross_margin": 16.88,
            "gross_margin_4q_avg": 15.05,
            "net_income": 24017,
            "revenue": 1369815,
            "common_shares": 728000,
            "book_valuer_per_share": 14.79,
            "book_valuer_per_share_4q_avg": 15.44,
            "equity": 1080486,
            "current_ratio": 175.81,
            "debt_ratio": 35.36,
            "inventory_turnover_ratio": 1.5,
            "account_receivable_turnover_ratio": 182.79,
            "reinvestment_rate": 0.55,
            "research_to_sale_ratio": null,
            "price_fair": 131.78,
            "eps_avg_yearly": 3.77,
            "eps_latest_yearly": 1.32,
            "eps_growth_yearly": 36.09
        },
        "20091": {
            "year_quarter": 20091,
            "year": 2009,
            "quarter": 1,
            "eps": 0.64,
            "eps_growth_year": -38.46,
            "eps_4q": 1.87,
            "eps_4q_growth_year": -59.44,
            "roe": 4.21,
            "roe_4q": 12.570000000000002,
            "gross_profit": 219921,
            "gross_margin": 13.3,
            "gross_margin_4q_avg": 14.54,
            "net_income": 46541,
            "revenue": 1653307,
            "common_shares": 728000,
            "book_valuer_per_share": 15.46,
            "book_valuer_per_share_4q_avg": 14.66,
            "equity": 1129832,
            "current_ratio": 178.14,
            "debt_ratio": 36.54,
            "inventory_turnover_ratio": 2.07,
            "account_receivable_turnover_ratio": 117.38,
            "reinvestment_rate": 1.07,
            "research_to_sale_ratio": null,
            "price_fair": 130.38,
            "eps_avg_yearly": 3.73,
            "eps_latest_yearly": 2.56,
            "eps_growth_yearly": 53.32
        },
        "20092": {
            "year_quarter": 20092,
            "year": 2009,
            "quarter": 2,
            "eps": 0.21,
            "eps_growth_year": -48.78,
            "eps_4q": 1.7,
            "eps_4q_growth_year": -55.84,
            "roe": 1.35,
            "roe_4q": 11.45,
            "gross_profit": 197402,
            "gross_margin": 15.54,
            "gross_margin_4q_avg": 14.78,
            "net_income": 15182,
            "revenue": 1270546,
            "common_shares": 728000,
            "book_valuer_per_share": 15.25,
            "book_valuer_per_share_4q_avg": 14.9,
            "equity": 1113974,
            "current_ratio": 176.03,
            "debt_ratio": 37.43,
            "inventory_turnover_ratio": 1.63,
            "account_receivable_turnover_ratio": 96.04,
            "reinvestment_rate": -0.78,
            "research_to_sale_ratio": null,
            "price_fair": 127.31,
            "eps_avg_yearly": 3.64,
            "eps_latest_yearly": 0.84,
            "eps_growth_yearly": 44.03
        },
        "20093": {
            "year_quarter": 20093,
            "year": 2009,
            "quarter": 3,
            "eps": 0.2,
            "eps_growth_year": -60.78,
            "eps_4q": 1.27,
            "eps_4q_growth_year": -56.74,
            "roe": 1.42,
            "roe_4q": 9.25,
            "gross_profit": 218969,
            "gross_margin": 13.44,
            "gross_margin_4q_avg": 14.79,
            "net_income": 16023,
            "revenue": 1629512,
            "common_shares": 800800,
            "book_valuer_per_share": 14.16,
            "book_valuer_per_share_4q_avg": 14.92,
            "equity": 1138178,
            "current_ratio": 179.03,
            "debt_ratio": 38.24,
            "inventory_turnover_ratio": 2.01,
            "account_receivable_turnover_ratio": 120.62,
            "reinvestment_rate": -10.92,
            "research_to_sale_ratio": null,
            "price_fair": 115.73,
            "eps_avg_yearly": 3.44,
            "eps_latest_yearly": 0.8,
            "eps_growth_yearly": 23.64
        },
        "20094": {
            "year_quarter": 20094,
            "year": 2009,
            "quarter": 4,
            "eps": 0.76,
            "eps_growth_year": 130.3,
            "eps_4q": 1.73,
            "eps_4q_growth_year": -22.5,
            "roe": 5.18,
            "roe_4q": 12.16,
            "gross_profit": 248955,
            "gross_margin": 17.3,
            "gross_margin_4q_avg": 14.9,
            "net_income": 60765,
            "revenue": 1439005,
            "common_shares": 800800,
            "book_valuer_per_share": 15.02,
            "book_valuer_per_share_4q_avg": 14.97,
            "equity": 1206626,
            "current_ratio": 199.46,
            "debt_ratio": 34.29,
            "inventory_turnover_ratio": 1.63,
            "account_receivable_turnover_ratio": 177.59,
            "reinvestment_rate": -7.4,
            "research_to_sale_ratio": null,
            "price_fair": 122.33,
            "eps_avg_yearly": 3.5,
            "eps_latest_yearly": 3.04,
            "eps_growth_yearly": 105
        },
        "20101": {
            "year_quarter": 20101,
            "year": 2010,
            "quarter": 1,
            "eps": 0.46,
            "eps_growth_year": -28.12,
            "eps_4q": 1.61,
            "eps_4q_growth_year": -13.79,
            "roe": 3.02,
            "roe_4q": 10.969999999999999,
            "gross_profit": 200229,
            "gross_margin": 12.67,
            "gross_margin_4q_avg": 14.74,
            "net_income": 37035,
            "revenue": 1580508,
            "common_shares": 800800,
            "book_valuer_per_share": 15.47,
            "book_valuer_per_share_4q_avg": 14.98,
            "equity": 1242665,
            "current_ratio": 196.21,
            "debt_ratio": 36.04,
            "inventory_turnover_ratio": 1.88,
            "account_receivable_turnover_ratio": 99.8,
            "reinvestment_rate": -7.48,
            "research_to_sale_ratio": null,
            "price_fair": 114.98,
            "eps_avg_yearly": 3.29,
            "eps_latest_yearly": 1.84,
            "eps_growth_yearly": 59.95
        },
        "20102": {
            "year_quarter": 20102,
            "year": 2010,
            "quarter": 2,
            "eps": 0.44,
            "eps_growth_year": 109.21,
            "eps_4q": 1.86,
            "eps_4q_growth_year": 9.75,
            "roe": 2.94,
            "roe_4q": 12.56,
            "gross_profit": 191618,
            "gross_margin": 14.67,
            "gross_margin_4q_avg": 14.52,
            "net_income": 35193,
            "revenue": 1305973,
            "common_shares": 800800,
            "book_valuer_per_share": 14.33,
            "book_valuer_per_share_4q_avg": 14.75,
            "equity": 1151942,
            "current_ratio": 177.94,
            "debt_ratio": 39.52,
            "inventory_turnover_ratio": 1.53,
            "account_receivable_turnover_ratio": 59.02,
            "reinvestment_rate": -9.29,
            "research_to_sale_ratio": null,
            "price_fair": 112.79,
            "eps_avg_yearly": 3.22,
            "eps_latest_yearly": 1.76,
            "eps_growth_yearly": 70.59
        },
        "20103": {
            "year_quarter": 20103,
            "year": 2010,
            "quarter": 3,
            "eps": 0.72,
            "eps_growth_year": 259.1,
            "eps_4q": 2.38,
            "eps_4q_growth_year": 87.32,
            "roe": 4.88,
            "roe_4q": 16.02,
            "gross_profit": 218755,
            "gross_margin": 13.61,
            "gross_margin_4q_avg": 14.56,
            "net_income": 57513,
            "revenue": 1607393,
            "common_shares": 800800,
            "book_valuer_per_share": 14.99,
            "book_valuer_per_share_4q_avg": 14.95,
            "equity": 1204570,
            "current_ratio": 195.96,
            "debt_ratio": 36.62,
            "inventory_turnover_ratio": 1.88,
            "account_receivable_turnover_ratio": 65.36,
            "reinvestment_rate": -10.98,
            "research_to_sale_ratio": null,
            "price_fair": 108.5,
            "eps_avg_yearly": 3.1,
            "eps_latest_yearly": 2.88,
            "eps_growth_yearly": 67.66
        },
        "20104": {
            "year_quarter": 20104,
            "year": 2010,
            "quarter": 4,
            "eps": 0.68,
            "eps_growth_year": -10.54,
            "eps_4q": 2.3,
            "eps_4q_growth_year": 32.99,
            "roe": 4.43,
            "roe_4q": 15.269999999999998,
            "gross_profit": 221071,
            "gross_margin": 15.33,
            "gross_margin_4q_avg": 14.07,
            "net_income": 54451,
            "revenue": 1442412,
            "common_shares": 800800,
            "book_valuer_per_share": 15.66,
            "book_valuer_per_share_4q_avg": 15.11,
            "equity": 1254335,
            "current_ratio": 211.12,
            "debt_ratio": 34.35,
            "inventory_turnover_ratio": 1.57,
            "account_receivable_turnover_ratio": 64.61,
            "reinvestment_rate": -13.38,
            "research_to_sale_ratio": null,
            "price_fair": 105,
            "eps_avg_yearly": 3,
            "eps_latest_yearly": 2.72,
            "eps_growth_yearly": 68.96
        },
        "20111": {
            "year_quarter": 20111,
            "year": 2011,
            "quarter": 1,
            "eps": 0.76,
            "eps_growth_year": 65.22,
            "eps_4q": 2.6,
            "eps_4q_growth_year": 61.18,
            "roe": 4.73,
            "roe_4q": 16.98,
            "gross_profit": 226385,
            "gross_margin": 13.74,
            "gross_margin_4q_avg": 14.34,
            "net_income": 60765,
            "revenue": 1647111,
            "common_shares": 800800,
            "book_valuer_per_share": 16.39,
            "book_valuer_per_share_4q_avg": 15.34,
            "equity": 1312490,
            "current_ratio": 207.57,
            "debt_ratio": 36.42,
            "inventory_turnover_ratio": 1.74,
            "account_receivable_turnover_ratio": 81.3,
            "reinvestment_rate": -12.81,
            "research_to_sale_ratio": null,
            "price_fair": 94.24,
            "eps_avg_yearly": 2.69,
            "eps_latest_yearly": 3.04,
            "eps_growth_yearly": 50.84
        },
        "20112": {
            "year_quarter": 20112,
            "year": 2011,
            "quarter": 2,
            "eps": 0.61,
            "eps_growth_year": 39.55,
            "eps_4q": 2.77,
            "eps_4q_growth_year": 48.88,
            "roe": 3.91,
            "roe_4q": 17.95,
            "gross_profit": 211947,
            "gross_margin": 15,
            "gross_margin_4q_avg": 14.42,
            "net_income": 49097,
            "revenue": 1413407,
            "common_shares": 800800,
            "book_valuer_per_share": 14.98,
            "book_valuer_per_share_4q_avg": 15.51,
            "equity": 1199760,
            "current_ratio": 183.97,
            "debt_ratio": 41.22,
            "inventory_turnover_ratio": 1.49,
            "account_receivable_turnover_ratio": 74.59,
            "reinvestment_rate": -14.74,
            "research_to_sale_ratio": null,
            "price_fair": 88.64,
            "eps_avg_yearly": 2.53,
            "eps_latest_yearly": 2.44,
            "eps_growth_yearly": 55.2
        },
        "20113": {
            "year_quarter": 20113,
            "year": 2011,
            "quarter": 3,
            "eps": 0.53,
            "eps_growth_year": -26.51,
            "eps_4q": 2.58,
            "eps_4q_growth_year": 8.44,
            "roe": 3.47,
            "roe_4q": 16.54,
            "gross_profit": 219767,
            "gross_margin": 13.3,
            "gross_margin_4q_avg": 14.34,
            "net_income": 42267,
            "revenue": 1652469,
            "common_shares": 800800,
            "book_valuer_per_share": 15.45,
            "book_valuer_per_share_4q_avg": 15.62,
            "equity": 1236854,
            "current_ratio": 210.19,
            "debt_ratio": 35.49,
            "inventory_turnover_ratio": 1.77,
            "account_receivable_turnover_ratio": 89.2,
            "reinvestment_rate": -18.35,
            "research_to_sale_ratio": null,
            "price_fair": 81.81,
            "eps_avg_yearly": 2.34,
            "eps_latest_yearly": 2.12,
            "eps_growth_yearly": 50.72
        },
        "20114": {
            "year_quarter": 20114,
            "year": 2011,
            "quarter": 4,
            "eps": 0.6,
            "eps_growth_year": -11.96,
            "eps_4q": 2.5,
            "eps_4q_growth_year": 8.63,
            "roe": 3.8,
            "roe_4q": 15.91,
            "gross_profit": 218165,
            "gross_margin": 15.69,
            "gross_margin_4q_avg": 14.43,
            "net_income": 47934,
            "revenue": 1390782,
            "common_shares": 800800,
            "book_valuer_per_share": 16.04,
            "book_valuer_per_share_4q_avg": 15.72,
            "equity": 1284326,
            "current_ratio": 199.08,
            "debt_ratio": 38.47,
            "inventory_turnover_ratio": 1.36,
            "account_receivable_turnover_ratio": 61.5,
            "reinvestment_rate": -22.2,
            "research_to_sale_ratio": null,
            "price_fair": 77.88,
            "eps_avg_yearly": 2.23,
            "eps_latest_yearly": 2.4,
            "eps_growth_yearly": 58.98
        },
        "20121": {
            "year_quarter": 20121,
            "year": 2012,
            "quarter": 1,
            "eps": 0.57,
            "eps_growth_year": -25,
            "eps_4q": 2.31,
            "eps_4q_growth_year": -11.08,
            "roe": 3.48,
            "roe_4q": 14.66,
            "gross_profit": 228023,
            "gross_margin": 14.32,
            "gross_margin_4q_avg": 14.58,
            "net_income": 45561,
            "revenue": 1592210,
            "common_shares": 800800,
            "book_valuer_per_share": 16.66,
            "book_valuer_per_share_4q_avg": 15.78,
            "equity": 1334142,
            "current_ratio": 216.67,
            "debt_ratio": 35.13,
            "inventory_turnover_ratio": 1.57,
            "account_receivable_turnover_ratio": 57.57,
            "reinvestment_rate": -24.09,
            "research_to_sale_ratio": null,
            "price_fair": 73.76,
            "eps_avg_yearly": 2.11,
            "eps_latest_yearly": 2.28,
            "eps_growth_yearly": 57.97
        },
        "20122": {
            "year_quarter": 20122,
            "year": 2012,
            "quarter": 2,
            "eps": 0.28,
            "eps_growth_year": -54.53,
            "eps_4q": 1.97,
            "eps_4q_growth_year": -28.73,
            "roe": 1.76,
            "roe_4q": 12.51,
            "gross_profit": 189924,
            "gross_margin": 13.3,
            "gross_margin_4q_avg": 14.15,
            "net_income": 22323,
            "revenue": 1428235,
            "common_shares": 800800,
            "book_valuer_per_share": 14.94,
            "book_valuer_per_share_4q_avg": 15.77,
            "equity": 1196487,
            "current_ratio": 169.15,
            "debt_ratio": 45.33,
            "inventory_turnover_ratio": 1.35,
            "account_receivable_turnover_ratio": 50.71,
            "reinvestment_rate": -23.26,
            "research_to_sale_ratio": null,
            "price_fair": 72.63,
            "eps_avg_yearly": 2.08,
            "eps_latest_yearly": 1.12,
            "eps_growth_yearly": 60.4
        },
        "20123": {
            "year_quarter": 20123,
            "year": 2012,
            "quarter": 3,
            "eps": 0.39,
            "eps_growth_year": -27.06,
            "eps_4q": 1.83,
            "eps_4q_growth_year": -29.01,
            "roe": 2.54,
            "roe_4q": 11.579999999999998,
            "gross_profit": 220059,
            "gross_margin": 12.4,
            "gross_margin_4q_avg": 13.93,
            "net_income": 30831,
            "revenue": 1775242,
            "common_shares": 800800,
            "book_valuer_per_share": 15.32,
            "book_valuer_per_share_4q_avg": 15.74,
            "equity": 1226525,
            "current_ratio": 185.7,
            "debt_ratio": 40.23,
            "inventory_turnover_ratio": 1.51,
            "account_receivable_turnover_ratio": 52.34,
            "reinvestment_rate": -21.77,
            "research_to_sale_ratio": null,
            "price_fair": 71.58,
            "eps_avg_yearly": 2.05,
            "eps_latest_yearly": 1.56,
            "eps_growth_yearly": 64.12
        },
        "20124": {
            "year_quarter": 20124,
            "year": 2012,
            "quarter": 4,
            "eps": 0.43,
            "eps_growth_year": -27.99,
            "eps_4q": 1.66,
            "eps_4q_growth_year": -33.4,
            "roe": 2.77,
            "roe_4q": 10.55,
            "gross_profit": 211599,
            "gross_margin": 14.96,
            "gross_margin_4q_avg": 13.75,
            "net_income": 34519,
            "revenue": 1414542,
            "common_shares": 800800,
            "book_valuer_per_share": 15.75,
            "book_valuer_per_share_4q_avg": 15.67,
            "equity": 1261589,
            "current_ratio": 207.12,
            "debt_ratio": 35.5,
            "inventory_turnover_ratio": 1.17,
            "account_receivable_turnover_ratio": 33.13,
            "reinvestment_rate": -20.35,
            "research_to_sale_ratio": null,
            "price_fair": 72.45,
            "eps_avg_yearly": 2.07,
            "eps_latest_yearly": 1.72,
            "eps_growth_yearly": 75.51
        },
        "20131": {
            "year_quarter": 20131,
            "year": 2013,
            "quarter": 1,
            "eps": 0.41,
            "eps_growth_year": -28.07,
            "eps_4q": 1.51,
            "eps_4q_growth_year": -34.65,
            "roe": 2.6,
            "roe_4q": 9.67,
            "gross_profit": 207364,
            "gross_margin": 13.42,
            "gross_margin_4q_avg": 13.52,
            "net_income": 33130,
            "revenue": 1545475,
            "common_shares": 800800,
            "book_valuer_per_share": 16.08,
            "book_valuer_per_share_4q_avg": 15.52,
            "equity": 1287587,
            "current_ratio": 215.9,
            "debt_ratio": 33.61,
            "inventory_turnover_ratio": 1.4,
            "account_receivable_turnover_ratio": 38.45,
            "reinvestment_rate": -17.28,
            "research_to_sale_ratio": null,
            "price_fair": 70.44,
            "eps_avg_yearly": 2.01,
            "eps_latest_yearly": 1.64,
            "eps_growth_yearly": 50.86
        },
        "20132": {
            "year_quarter": 20132,
            "year": 2013,
            "quarter": 2,
            "eps": 0.37,
            "eps_growth_year": 32.73,
            "eps_4q": 1.6,
            "eps_4q_growth_year": -19.19,
            "roe": 2.33,
            "roe_4q": 10.239999999999998,
            "gross_profit": 201581,
            "gross_margin": 15.39,
            "gross_margin_4q_avg": 14.04,
            "net_income": 29262,
            "revenue": 1309723,
            "common_shares": 800800,
            "book_valuer_per_share": 15.24,
            "book_valuer_per_share_4q_avg": 15.6,
            "equity": 1220331,
            "current_ratio": 196.23,
            "debt_ratio": 37.18,
            "inventory_turnover_ratio": 1.33,
            "account_receivable_turnover_ratio": 37.21,
            "reinvestment_rate": -15.02,
            "research_to_sale_ratio": null,
            "price_fair": 71.84,
            "eps_avg_yearly": 2.05,
            "eps_latest_yearly": 1.48,
            "eps_growth_yearly": 65.22
        },
        "20133": {
            "year_quarter": 20133,
            "year": 2013,
            "quarter": 3,
            "eps": 0.51,
            "eps_growth_year": 32.47,
            "eps_4q": 1.72,
            "eps_4q_growth_year": -6.33,
            "roe": 3.26,
            "roe_4q": 10.959999999999999,
            "gross_profit": 238536,
            "gross_margin": 15.12,
            "gross_margin_4q_avg": 14.72,
            "net_income": 40448,
            "revenue": 1577927,
            "common_shares": 800800,
            "book_valuer_per_share": 15.71,
            "book_valuer_per_share_4q_avg": 15.7,
            "equity": 1258075,
            "current_ratio": 195.41,
            "debt_ratio": 38.18,
            "inventory_turnover_ratio": 1.65,
            "account_receivable_turnover_ratio": 51.84,
            "reinvestment_rate": -5.1,
            "research_to_sale_ratio": null,
            "price_fair": 74.55,
            "eps_avg_yearly": 2.13,
            "eps_latest_yearly": 2.04,
            "eps_growth_yearly": 75.87
        },
        "20134": {
            "year_quarter": 20134,
            "year": 2013,
            "quarter": 4,
            "eps": 0.45,
            "eps_growth_year": 5.37,
            "eps_4q": 1.74,
            "eps_4q_growth_year": 4.49,
            "roe": 2.85,
            "roe_4q": 11.04,
            "gross_profit": 198472,
            "gross_margin": 15.17,
            "gross_margin_4q_avg": 14.78,
            "net_income": 36374,
            "revenue": 1308295,
            "common_shares": 800800,
            "book_valuer_per_share": 16.15,
            "book_valuer_per_share_4q_avg": 15.8,
            "equity": 1293611,
            "current_ratio": 225.64,
            "debt_ratio": 32.61,
            "inventory_turnover_ratio": 1.37,
            "account_receivable_turnover_ratio": 63.42,
            "reinvestment_rate": -11.99,
            "research_to_sale_ratio": null,
            "price_fair": 26.53,
            "eps_avg_yearly": 2.05,
            "eps_latest_yearly": 1.8,
            "eps_growth_yearly": 2.93
        },
        "20141": {
            "year_quarter": 20141,
            "year": 2014,
            "quarter": 1,
            "eps": 0.45,
            "eps_growth_year": 9.76,
            "eps_4q": 1.77,
            "eps_4q_growth_year": 17.34,
            "roe": 2.72,
            "roe_4q": 11.16,
            "gross_profit": 208430,
            "gross_margin": 14.69,
            "gross_margin_4q_avg": 15.09,
            "net_income": 35662,
            "revenue": 1418414,
            "common_shares": 800800,
            "book_valuer_per_share": 16.59,
            "book_valuer_per_share_4q_avg": 15.92,
            "equity": 1328730,
            "current_ratio": 242.62,
            "debt_ratio": 30.12,
            "inventory_turnover_ratio": 1.62,
            "account_receivable_turnover_ratio": 72.91,
            "reinvestment_rate": -9.36,
            "research_to_sale_ratio": 0.11,
            "price_fair": 46.73,
            "eps_avg_yearly": 2.05,
            "eps_latest_yearly": 1.8,
            "eps_growth_yearly": 12.8
        },
        "20142": {
            "year_quarter": 20142,
            "year": 2014,
            "quarter": 2,
            "eps": 0.31,
            "eps_growth_year": -16.22,
            "eps_4q": 1.72,
            "eps_4q_growth_year": 7.64,
            "roe": 1.95,
            "roe_4q": 10.78,
            "gross_profit": 191283,
            "gross_margin": 15.45,
            "gross_margin_4q_avg": 15.11,
            "net_income": 25016,
            "revenue": 1238304,
            "common_shares": 800800,
            "book_valuer_per_share": 15.43,
            "book_valuer_per_share_4q_avg": 15.97,
            "equity": 1235816,
            "current_ratio": 201.38,
            "debt_ratio": 36.72,
            "inventory_turnover_ratio": 1.42,
            "account_receivable_turnover_ratio": 59.76,
            "reinvestment_rate": -6.11,
            "research_to_sale_ratio": 0.15,
            "price_fair": 32.49,
            "eps_avg_yearly": 2.02,
            "eps_latest_yearly": 1.24,
            "eps_growth_yearly": 6.11
        },
        "20143": {
            "year_quarter": 20143,
            "year": 2014,
            "quarter": 3,
            "eps": 0.46,
            "eps_growth_year": -9.8,
            "eps_4q": 1.67,
            "eps_4q_growth_year": -2.5,
            "roe": 2.94,
            "roe_4q": 10.459999999999999,
            "gross_profit": 208972,
            "gross_margin": 13.76,
            "gross_margin_4q_avg": 14.77,
            "net_income": 36872,
            "revenue": 1519244,
            "common_shares": 800800,
            "book_valuer_per_share": 15.86,
            "book_valuer_per_share_4q_avg": 16.01,
            "equity": 1270401,
            "current_ratio": 212.81,
            "debt_ratio": 35.01,
            "inventory_turnover_ratio": 1.75,
            "account_receivable_turnover_ratio": 81.62,
            "reinvestment_rate": -5.32,
            "research_to_sale_ratio": 0.08,
            "price_fair": 24,
            "eps_avg_yearly": 1.95,
            "eps_latest_yearly": 1.84,
            "eps_growth_yearly": 2.29
        },
        "20144": {
            "year_quarter": 20144,
            "year": 2014,
            "quarter": 4,
            "eps": 0.33,
            "eps_growth_year": -26.26,
            "eps_4q": 1.55,
            "eps_4q_growth_year": -10.66,
            "roe": 2.09,
            "roe_4q": 9.7,
            "gross_profit": 191871,
            "gross_margin": 15.15,
            "gross_margin_4q_avg": 14.76,
            "net_income": 26822,
            "revenue": 1266387,
            "common_shares": 800800,
            "book_valuer_per_share": 16.15,
            "book_valuer_per_share_4q_avg": 16.01,
            "equity": 1293475,
            "current_ratio": 232.49,
            "debt_ratio": 32.01,
            "inventory_turnover_ratio": 1.35,
            "account_receivable_turnover_ratio": 80.92,
            "reinvestment_rate": -5.78,
            "research_to_sale_ratio": 0.11,
            "price_fair": 5.6,
            "eps_avg_yearly": 1.87,
            "eps_latest_yearly": 1.32,
            "eps_growth_yearly": -3.38
        },
        "20151": {
            "year_quarter": 20151,
            "year": 2015,
            "quarter": 1,
            "eps": 0.33,
            "eps_growth_year": -26.67,
            "eps_4q": 1.44,
            "eps_4q_growth_year": -18.7,
            "roe": 2.03,
            "roe_4q": 9.009999999999998,
            "gross_profit": 188618,
            "gross_margin": 14,
            "gross_margin_4q_avg": 14.59,
            "net_income": 26536,
            "revenue": 1347096,
            "common_shares": 800800,
            "book_valuer_per_share": 16.49,
            "book_valuer_per_share_4q_avg": 15.98,
            "equity": 1320346,
            "current_ratio": 241.15,
            "debt_ratio": 31.11,
            "inventory_turnover_ratio": 1.36,
            "account_receivable_turnover_ratio": 87.22,
            "reinvestment_rate": -5.4,
            "research_to_sale_ratio": 0.11,
            "price_fair": 5.27,
            "eps_avg_yearly": 1.76,
            "eps_latest_yearly": 1.32,
            "eps_growth_yearly": -6.32
        },
        "20152": {
            "year_quarter": 20152,
            "year": 2015,
            "quarter": 2,
            "eps": 0.23,
            "eps_growth_year": -25.81,
            "eps_4q": 1.36,
            "eps_4q_growth_year": -20.7,
            "roe": 1.47,
            "roe_4q": 8.53,
            "gross_profit": 183384,
            "gross_margin": 14.72,
            "gross_margin_4q_avg": 14.41,
            "net_income": 18801,
            "revenue": 1246105,
            "common_shares": 800800,
            "book_valuer_per_share": 15.37,
            "book_valuer_per_share_4q_avg": 15.97,
            "equity": 1231216,
            "current_ratio": 203.73,
            "debt_ratio": 37.32,
            "inventory_turnover_ratio": 1.27,
            "account_receivable_turnover_ratio": 68.64,
            "reinvestment_rate": -4.9,
            "research_to_sale_ratio": 0.11,
            "price_fair": 4.99,
            "eps_avg_yearly": 1.66,
            "eps_latest_yearly": 0.92,
            "eps_growth_yearly": -8.97
        },
        "20153": {
            "year_quarter": 20153,
            "year": 2015,
            "quarter": 3,
            "eps": 0.33,
            "eps_growth_year": -28.26,
            "eps_4q": 1.23,
            "eps_4q_growth_year": -26.33,
            "roe": 2.13,
            "roe_4q": 7.719999999999999,
            "gross_profit": 201224,
            "gross_margin": 14.17,
            "gross_margin_4q_avg": 14.51,
            "net_income": 26499,
            "revenue": 1419605,
            "common_shares": 800800,
            "book_valuer_per_share": 15.68,
            "book_valuer_per_share_4q_avg": 15.92,
            "equity": 1255792,
            "current_ratio": 207.44,
            "debt_ratio": 37.08,
            "inventory_turnover_ratio": 1.53,
            "account_receivable_turnover_ratio": 55.14,
            "reinvestment_rate": -5.77,
            "research_to_sale_ratio": 0.09,
            "price_fair": 24.48,
            "eps_avg_yearly": 1.61,
            "eps_latest_yearly": 1.32,
            "eps_growth_yearly": 5.18
        },
        "20154": {
            "year_quarter": 20154,
            "year": 2015,
            "quarter": 4,
            "eps": 0.16,
            "eps_growth_year": -51.56,
            "eps_4q": 1.06,
            "eps_4q_growth_year": -31.79,
            "roe": 1.03,
            "roe_4q": 6.66,
            "gross_profit": 171113,
            "gross_margin": 14.71,
            "gross_margin_4q_avg": 14.4,
            "net_income": 12992,
            "revenue": 1163561,
            "common_shares": 800800,
            "book_valuer_per_share": 15.8,
            "book_valuer_per_share_4q_avg": 15.84,
            "equity": 1265546,
            "current_ratio": 257.97,
            "debt_ratio": 28.89,
            "inventory_turnover_ratio": 1.3,
            "account_receivable_turnover_ratio": 46.41,
            "reinvestment_rate": -6.94,
            "research_to_sale_ratio": 0.11,
            "price_fair": 4.51,
            "eps_avg_yearly": 1.5,
            "eps_latest_yearly": 0.64,
            "eps_growth_yearly": -11
        },
        "20161": {
            "year_quarter": 20161,
            "year": 2016,
            "quarter": 1,
            "eps": 0.38,
            "eps_growth_year": 15.15,
            "eps_4q": 1.11,
            "eps_4q_growth_year": -22.92,
            "roe": 2.38,
            "roe_4q": 7.01,
            "gross_profit": 189762,
            "gross_margin": 14.74,
            "gross_margin_4q_avg": 14.59,
            "net_income": 30535,
            "revenue": 1287784,
            "common_shares": 800800,
            "book_valuer_per_share": 16.21,
            "book_valuer_per_share_4q_avg": 15.77,
            "equity": 1297900,
            "current_ratio": 263.76,
            "debt_ratio": 28.63,
            "inventory_turnover_ratio": 1.51,
            "account_receivable_turnover_ratio": 68.28,
            "reinvestment_rate": -8.7,
            "research_to_sale_ratio": 0.1,
            "price_fair": 50.38,
            "eps_avg_yearly": 1.46,
            "eps_latest_yearly": 1.52,
            "eps_growth_yearly": 24.63
        },
        "20162": {
            "year_quarter": 20162,
            "year": 2016,
            "quarter": 2,
            "eps": 0.24,
            "eps_growth_year": 4.35,
            "eps_4q": 1.11,
            "eps_4q_growth_year": -18.14,
            "roe": 1.52,
            "roe_4q": 7.06,
            "gross_profit": 165427,
            "gross_margin": 14.93,
            "gross_margin_4q_avg": 14.64,
            "net_income": 19232,
            "revenue": 1107987,
            "common_shares": 800800,
            "book_valuer_per_share": 15.46,
            "book_valuer_per_share_4q_avg": 15.79,
            "equity": 1237738,
            "current_ratio": 217.3,
            "debt_ratio": 35.6,
            "inventory_turnover_ratio": 1.32,
            "account_receivable_turnover_ratio": 56.15,
            "reinvestment_rate": -13.08,
            "research_to_sale_ratio": 0.12,
            "price_fair": 50.58,
            "eps_avg_yearly": 1.45,
            "eps_latest_yearly": 0.96,
            "eps_growth_yearly": 28.14
        },
        "20163": {
            "year_quarter": 20163,
            "year": 2016,
            "quarter": 3,
            "eps": 0.37,
            "eps_growth_year": 12.12,
            "eps_4q": 1.16,
            "eps_4q_growth_year": -6.16,
            "roe": 2.38,
            "roe_4q": 7.31,
            "gross_profit": 185720,
            "gross_margin": 14.02,
            "gross_margin_4q_avg": 14.6,
            "net_income": 29825,
            "revenue": 1324293,
            "common_shares": 800800,
            "book_valuer_per_share": 15.78,
            "book_valuer_per_share_4q_avg": 15.81,
            "equity": 1263620,
            "current_ratio": 232.58,
            "debt_ratio": 33.43,
            "inventory_turnover_ratio": 1.62,
            "account_receivable_turnover_ratio": 50.56,
            "reinvestment_rate": -17.66,
            "research_to_sale_ratio": 0.1,
            "price_fair": 50.4,
            "eps_avg_yearly": 1.44,
            "eps_latest_yearly": 1.48,
            "eps_growth_yearly": 31.86
        },
        "20164": {
            "year_quarter": 20164,
            "year": 2016,
            "quarter": 4,
            "eps": 0.19,
            "eps_growth_year": 19.55,
            "eps_4q": 1.19,
            "eps_4q_growth_year": 12.14,
            "roe": 1.22,
            "roe_4q": 7.499999999999999,
            "gross_profit": 160631,
            "gross_margin": 15.02,
            "gross_margin_4q_avg": 14.68,
            "net_income": 15532,
            "revenue": 1069664,
            "common_shares": 800800,
            "book_valuer_per_share": 15.93,
            "book_valuer_per_share_4q_avg": 15.85,
            "equity": 1275434,
            "current_ratio": 237.76,
            "debt_ratio": 32.87,
            "inventory_turnover_ratio": 1.25,
            "account_receivable_turnover_ratio": 32.72,
            "reinvestment_rate": -19.22,
            "research_to_sale_ratio": 0.12,
            "price_fair": 37.44,
            "eps_avg_yearly": 1.38,
            "eps_latest_yearly": 0.76,
            "eps_growth_yearly": 17.13
        },
        "20171": {
            "year_quarter": 20171,
            "year": 2017,
            "quarter": 1,
            "eps": 0.43,
            "eps_growth_year": 13.16,
            "eps_4q": 1.23,
            "eps_4q_growth_year": 11.15,
            "roe": 2.64,
            "roe_4q": 7.76,
            "gross_profit": 182582,
            "gross_margin": 15.81,
            "gross_margin_4q_avg": 14.95,
            "net_income": 34142,
            "revenue": 1154966,
            "common_shares": 800800,
            "book_valuer_per_share": 16.36,
            "book_valuer_per_share_4q_avg": 15.88,
            "equity": 1309718,
            "current_ratio": 293.67,
            "debt_ratio": 26.26,
            "inventory_turnover_ratio": 1.3,
            "account_receivable_turnover_ratio": 46.39,
            "reinvestment_rate": -22.73,
            "research_to_sale_ratio": 0.11,
            "price_fair": 48.48,
            "eps_avg_yearly": 1.39,
            "eps_latest_yearly": 1.72,
            "eps_growth_yearly": 49.87
        },
        "20172": {
            "year_quarter": 20172,
            "year": 2017,
            "quarter": 2,
            "eps": 0.19,
            "eps_growth_year": -20.83,
            "eps_4q": 1.19,
            "eps_4q_growth_year": 6.32,
            "roe": 1.21,
            "roe_4q": 7.45,
            "gross_profit": 157216,
            "gross_margin": 15.17,
            "gross_margin_4q_avg": 15.01,
            "net_income": 15403,
            "revenue": 1036601,
            "common_shares": 800800,
            "book_valuer_per_share": 15.55,
            "book_valuer_per_share_4q_avg": 15.91,
            "equity": 1245455,
            "current_ratio": 251.22,
            "debt_ratio": 30.93,
            "inventory_turnover_ratio": 1.24,
            "account_receivable_turnover_ratio": 51.74,
            "reinvestment_rate": -22.86,
            "research_to_sale_ratio": 0.12,
            "price_fair": 46.9,
            "eps_avg_yearly": 1.34,
            "eps_latest_yearly": 0.76,
            "eps_growth_yearly": 38.36
        },
        "20173": {
            "year_quarter": 20173,
            "year": 2017,
            "quarter": 3,
            "eps": 0.28,
            "eps_growth_year": -24.32,
            "eps_4q": 1.09,
            "eps_4q_growth_year": -5.61,
            "roe": 1.78,
            "roe_4q": 6.8500000000000005,
            "gross_profit": 174155,
            "gross_margin": 14.02,
            "gross_margin_4q_avg": 15.01,
            "net_income": 22315,
            "revenue": 1242257,
            "common_shares": 800800,
            "book_valuer_per_share": 15.82,
            "book_valuer_per_share_4q_avg": 15.92,
            "equity": 1267100,
            "current_ratio": 259.51,
            "debt_ratio": 30.21,
            "inventory_turnover_ratio": 1.55,
            "account_receivable_turnover_ratio": 60.84,
            "reinvestment_rate": -22.82,
            "research_to_sale_ratio": 0.1,
            "price_fair": 44.89,
            "eps_avg_yearly": 1.28,
            "eps_latest_yearly": 1.12,
            "eps_growth_yearly": 40.74
        },
        "20174": {
            "year_quarter": 20174,
            "year": 2017,
            "quarter": 4,
            "eps": 0.22,
            "eps_growth_year": 11.27,
            "eps_4q": 1.11,
            "eps_4q_growth_year": -6.29,
            "roe": 1.36,
            "roe_4q": 6.99,
            "gross_profit": 152537,
            "gross_margin": 15.33,
            "gross_margin_4q_avg": 15.08,
            "net_income": 17283,
            "revenue": 994823,
            "common_shares": 800800,
            "book_valuer_per_share": 16,
            "book_valuer_per_share_4q_avg": 15.93,
            "equity": 1281481,
            "current_ratio": 283.21,
            "debt_ratio": 27.71,
            "inventory_turnover_ratio": 1.24,
            "account_receivable_turnover_ratio": 40.53,
            "reinvestment_rate": -23.64,
            "research_to_sale_ratio": 0.11,
            "price_fair": 42.88,
            "eps_avg_yearly": 1.23,
            "eps_latest_yearly": 0.88,
            "eps_growth_yearly": 38.32
        },
        "20181": {
            "year_quarter": 20181,
            "year": 2018,
            "quarter": 1,
            "eps": 0.42,
            "eps_growth_year": -2.33,
            "eps_4q": 1.11,
            "eps_4q_growth_year": -10.25,
            "roe": 2.59,
            "roe_4q": 6.94,
            "gross_profit": 176978,
            "gross_margin": 16.07,
            "gross_margin_4q_avg": 15.15,
            "net_income": 33615,
            "revenue": 1101074,
            "common_shares": 800800,
            "book_valuer_per_share": 16.43,
            "book_valuer_per_share_4q_avg": 15.95,
            "equity": 1315532,
            "current_ratio": 327.26,
            "debt_ratio": 23.94,
            "inventory_turnover_ratio": 1.43,
            "account_receivable_turnover_ratio": 45.58,
            "reinvestment_rate": -27.2,
            "research_to_sale_ratio": 0.1,
            "price_fair": 42.61,
            "eps_avg_yearly": 1.22,
            "eps_latest_yearly": 1.68,
            "eps_growth_yearly": 61.05
        },
        "20182": {
            "year_quarter": 20182,
            "year": 2018,
            "quarter": 2,
            "eps": 0.05,
            "eps_growth_year": -73.68,
            "eps_4q": 0.96,
            "eps_4q_growth_year": -19.02,
            "roe": 0.28,
            "roe_4q": 6.010000000000001,
            "gross_profit": 136291,
            "gross_margin": 14.7,
            "gross_margin_4q_avg": 15.03,
            "net_income": 3638,
            "revenue": 927223,
            "common_shares": 800800,
            "book_valuer_per_share": 15.47,
            "book_valuer_per_share_4q_avg": 15.93,
            "equity": 1238729,
            "current_ratio": 258.09,
            "debt_ratio": 30.57,
            "inventory_turnover_ratio": 1.23,
            "account_receivable_turnover_ratio": 35.21,
            "reinvestment_rate": -28.51,
            "research_to_sale_ratio": 0.12,
            "price_fair": 40.34,
            "eps_avg_yearly": 1.15,
            "eps_latest_yearly": 0.2,
            "eps_growth_yearly": 46.8
        },
        "20183": {
            "year_quarter": 20183,
            "year": 2018,
            "quarter": 3,
            "eps": 0.2,
            "eps_growth_year": -28.57,
            "eps_4q": 0.88,
            "eps_4q_growth_year": -19.24,
            "roe": 1.29,
            "roe_4q": 5.5200000000000005,
            "gross_profit": 164562,
            "gross_margin": 14.55,
            "gross_margin_4q_avg": 15.16,
            "net_income": 16043,
            "revenue": 1130666,
            "common_shares": 800800,
            "book_valuer_per_share": 15.67,
            "book_valuer_per_share_4q_avg": 15.89,
            "equity": 1254688,
            "current_ratio": 239.05,
            "debt_ratio": 33.53,
            "inventory_turnover_ratio": 1.35,
            "account_receivable_turnover_ratio": 28.14,
            "reinvestment_rate": -28.2,
            "research_to_sale_ratio": 0.12,
            "price_fair": 38.06,
            "eps_avg_yearly": 1.09,
            "eps_latest_yearly": 0.8,
            "eps_growth_yearly": 109.71
        },
        "20184": {
            "year_quarter": 20184,
            "year": 2018,
            "quarter": 4,
            "eps": 0.06,
            "eps_growth_year": -71.02,
            "eps_4q": 0.73,
            "eps_4q_growth_year": -34.6,
            "roe": 0.4,
            "roe_4q": 4.56,
            "gross_profit": 131479,
            "gross_margin": 14.08,
            "gross_margin_4q_avg": 14.85,
            "net_income": 5008,
            "revenue": 933582,
            "common_shares": 800800,
            "book_valuer_per_share": 15.7,
            "book_valuer_per_share_4q_avg": 15.82,
            "equity": 1256946,
            "current_ratio": 298.43,
            "debt_ratio": 26.49,
            "inventory_turnover_ratio": 1.08,
            "account_receivable_turnover_ratio": 18.97,
            "reinvestment_rate": -28.18,
            "research_to_sale_ratio": 0.15,
            "price_fair": 35.7,
            "eps_avg_yearly": 1.02,
            "eps_latest_yearly": 0.24,
            "eps_growth_yearly": 99.27
        },
        "20191": {
            "year_quarter": 20191,
            "year": 2019,
            "quarter": 1,
            "eps": 0.22,
            "eps_growth_year": -47.62,
            "eps_4q": 0.53,
            "eps_4q_growth_year": -52.1,
            "roe": 1.4,
            "roe_4q": 3.37,
            "gross_profit": 159925,
            "gross_margin": 15.51,
            "gross_margin_4q_avg": 14.71,
            "net_income": 17755,
            "revenue": 1030984,
            "common_shares": 800800,
            "book_valuer_per_share": 15.92,
            "book_valuer_per_share_4q_avg": 15.69,
            "equity": 1274792,
            "current_ratio": 248.75,
            "debt_ratio": 39.22,
            "inventory_turnover_ratio": 1.24,
            "account_receivable_turnover_ratio": 19.85,
            "reinvestment_rate": -27.69,
            "research_to_sale_ratio": 0.13,
            "price_fair": 34.74,
            "eps_avg_yearly": 0.99,
            "eps_latest_yearly": 0.88,
            "eps_growth_yearly": 165.94
        },
        "20192": {
            "year_quarter": 20192,
            "year": 2019,
            "quarter": 2,
            "eps": 0.01,
            "eps_growth_year": -80,
            "eps_4q": 0.49,
            "eps_4q_growth_year": -48.63,
            "roe": 0.05,
            "roe_4q": 3.14,
            "gross_profit": 135050,
            "gross_margin": 15.34,
            "gross_margin_4q_avg": 14.87,
            "net_income": 674,
            "revenue": 880374,
            "common_shares": 800800,
            "book_valuer_per_share": 14.92,
            "book_valuer_per_share_4q_avg": 15.55,
            "equity": 1194906,
            "current_ratio": 211.38,
            "debt_ratio": 43.38,
            "inventory_turnover_ratio": 1.11,
            "account_receivable_turnover_ratio": 17.15,
            "reinvestment_rate": -26.01,
            "research_to_sale_ratio": 0.16,
            "price_fair": 32.81,
            "eps_avg_yearly": 0.94,
            "eps_latest_yearly": 0.04,
            "eps_growth_yearly": 149.65
        },
        "20193": {
            "year_quarter": 20193,
            "year": 2019,
            "quarter": 3,
            "eps": 0.13,
            "eps_growth_year": -35,
            "eps_4q": 0.42,
            "eps_4q_growth_year": -52.3,
            "roe": 0.85,
            "roe_4q": 2.6999999999999997,
            "gross_profit": 160060,
            "gross_margin": 14.74,
            "gross_margin_4q_avg": 14.92,
            "net_income": 10231,
            "revenue": 1085859,
            "common_shares": 800800,
            "book_valuer_per_share": 15.05,
            "book_valuer_per_share_4q_avg": 15.4,
            "equity": 1205073,
            "current_ratio": 213.17,
            "debt_ratio": 43.29,
            "inventory_turnover_ratio": 1.39,
            "account_receivable_turnover_ratio": 18.01,
            "reinvestment_rate": -24.98,
            "research_to_sale_ratio": 0.21,
            "price_fair": 31.06,
            "eps_avg_yearly": 0.89,
            "eps_latest_yearly": 0.52,
            "eps_growth_yearly": 438.78
        },
        "20194": {
            "year_quarter": 20194,
            "year": 2019,
            "quarter": 4,
            "eps": 0.04,
            "eps_growth_year": -39.96,
            "eps_4q": 0.4,
            "eps_4q_growth_year": -45.69,
            "roe": 0.25,
            "roe_4q": 2.55,
            "gross_profit": 133943,
            "gross_margin": 15.6,
            "gross_margin_4q_avg": 15.3,
            "net_income": 3007,
            "revenue": 858670,
            "common_shares": 800800,
            "book_valuer_per_share": 15.08,
            "book_valuer_per_share_4q_avg": 15.24,
            "equity": 1207423,
            "current_ratio": 257.32,
            "debt_ratio": 38.03,
            "inventory_turnover_ratio": 1.08,
            "account_receivable_turnover_ratio": 13.58,
            "reinvestment_rate": -24.37,
            "research_to_sale_ratio": 0.27,
            "price_fair": 30.01,
            "eps_avg_yearly": 0.86,
            "eps_latest_yearly": 0.16,
            "eps_growth_yearly": 434.35
        },
        "20201": {
            "year_quarter": 20201,
            "year": 2020,
            "quarter": 1,
            "eps": 0.19,
            "eps_growth_year": -13.64,
            "eps_4q": 0.36,
            "eps_4q_growth_year": -32.1,
            "roe": 1.23,
            "roe_4q": 2.38,
            "gross_profit": 156372,
            "gross_margin": 15.01,
            "gross_margin_4q_avg": 15.17,
            "net_income": 14908,
            "revenue": 1041633,
            "common_shares": 800800,
            "book_valuer_per_share": 15.25,
            "book_valuer_per_share_4q_avg": 15.08,
            "equity": 1221496,
            "current_ratio": 256.8,
            "debt_ratio": 37.97,
            "inventory_turnover_ratio": 1.32,
            "account_receivable_turnover_ratio": 18.58,
            "reinvestment_rate": -24.06,
            "research_to_sale_ratio": 0.14,
            "price_fair": 28.35,
            "eps_avg_yearly": 0.81,
            "eps_latest_yearly": 0.76,
            "eps_growth_yearly": 493.73
        },
        "20202": {
            "year_quarter": 20202,
            "year": 2020,
            "quarter": 2,
            "eps": 0.04,
            "eps_growth_year": 300,
            "eps_4q": 0.39,
            "eps_4q_growth_year": -21.29,
            "roe": 0.24,
            "roe_4q": 2.57,
            "gross_profit": 141917,
            "gross_margin": 14.65,
            "gross_margin_4q_avg": 15,
            "net_income": 2930,
            "revenue": 968418,
            "common_shares": 800800,
            "book_valuer_per_share": 14.7,
            "book_valuer_per_share_4q_avg": 15.02,
            "equity": 1176919,
            "current_ratio": 217.11,
            "debt_ratio": 42.35,
            "inventory_turnover_ratio": 1.17,
            "account_receivable_turnover_ratio": 18.56,
            "reinvestment_rate": -24.73,
            "research_to_sale_ratio": 0.14,
            "price_fair": 26.6,
            "eps_avg_yearly": 0.76,
            "eps_latest_yearly": 0.16,
            "eps_growth_yearly": 483.2
        },
        "20203": {
            "year_quarter": 20203,
            "year": 2020,
            "quarter": 3,
            "eps": 0.23,
            "eps_growth_year": 76.92,
            "eps_4q": 0.49,
            "eps_4q_growth_year": 15.49,
            "roe": 1.52,
            "roe_4q": 3.24,
            "gross_profit": 169817,
            "gross_margin": 14.96,
            "gross_margin_4q_avg": 15.06,
            "net_income": 18038,
            "revenue": 1135490,
            "common_shares": 800800,
            "book_valuer_per_share": 14.93,
            "book_valuer_per_share_4q_avg": 14.99,
            "equity": 1195344,
            "current_ratio": 235.35,
            "debt_ratio": 39.44,
            "inventory_turnover_ratio": 1.36,
            "account_receivable_turnover_ratio": 23.57,
            "reinvestment_rate": -17.54,
            "research_to_sale_ratio": 0.12,
            "price_fair": 25.38,
            "eps_avg_yearly": 0.73,
            "eps_latest_yearly": 0.92,
            "eps_growth_yearly": 588.41
        },
        "20204": {
            "year_quarter": 20204,
            "year": 2020,
            "quarter": 4,
            "eps": 0.11,
            "eps_growth_year": 198.84,
            "eps_4q": 0.56,
            "eps_4q_growth_year": 41.67,
            "roe": 0.75,
            "roe_4q": 3.7399999999999998,
            "gross_profit": 149672,
            "gross_margin": 15.82,
            "gross_margin_4q_avg": 15.11,
            "net_income": 8986,
            "revenue": 946332,
            "common_shares": 800800,
            "book_valuer_per_share": 15,
            "book_valuer_per_share_4q_avg": 14.97,
            "equity": 1201437,
            "current_ratio": 239.45,
            "debt_ratio": 38.81,
            "inventory_turnover_ratio": 1.21,
            "account_receivable_turnover_ratio": 21.1,
            "reinvestment_rate": -15.93,
            "research_to_sale_ratio": 0.14,
            "price_fair": 24.68,
            "eps_avg_yearly": 0.71,
            "eps_latest_yearly": 0.44,
            "eps_growth_yearly": 587.53
        },
        "20211": {
            "year_quarter": 20211,
            "year": 2021,
            "quarter": 1,
            "eps": 0.16,
            "eps_growth_year": -15.79,
            "eps_4q": 0.54,
            "eps_4q_growth_year": 49.15,
            "roe": 1.08,
            "roe_4q": 3.59,
            "gross_profit": 152525,
            "gross_margin": 14.76,
            "gross_margin_4q_avg": 15.05,
            "net_income": 13030,
            "revenue": 1033606,
            "common_shares": 800800,
            "book_valuer_per_share": 15.19,
            "book_valuer_per_share_4q_avg": 14.96,
            "equity": 1216045,
            "current_ratio": 235.14,
            "debt_ratio": 38.86,
            "inventory_turnover_ratio": 1.3,
            "account_receivable_turnover_ratio": 25.12,
            "reinvestment_rate": -14.74,
            "research_to_sale_ratio": 0.13,
            "price_fair": 22.31,
            "eps_avg_yearly": 0.64,
            "eps_latest_yearly": 0.64,
            "eps_growth_yearly": 567.31
        },
        "20212": {
            "year_quarter": 20212,
            "year": 2021,
            "quarter": 2,
            "eps": 0.73,
            "eps_growth_year": 1725,
            "eps_4q": 1.23,
            "eps_4q_growth_year": 217.36,
            "roe": 4.79,
            "roe_4q": 8.14,
            "gross_profit": 229918,
            "gross_margin": 15.6,
            "gross_margin_4q_avg": 15.29,
            "net_income": 58569,
            "revenue": 1473988,
            "common_shares": 800800,
            "book_valuer_per_share": 15.37,
            "book_valuer_per_share_4q_avg": 15.12,
            "equity": 1230441,
            "current_ratio": 192.56,
            "debt_ratio": 45.62,
            "inventory_turnover_ratio": 1.73,
            "account_receivable_turnover_ratio": 24.91,
            "reinvestment_rate": -10.96,
            "research_to_sale_ratio": 0.09,
            "price_fair": 27.04,
            "eps_avg_yearly": 0.77,
            "eps_latest_yearly": 2.92,
            "eps_growth_yearly": 670.33
        },
        "20213": {
            "year_quarter": 20213,
            "year": 2021,
            "quarter": 3,
            "eps": 0.53,
            "eps_growth_year": 130.43,
            "eps_4q": 1.53,
            "eps_4q_growth_year": 216.03,
            "roe": 3.38,
            "roe_4q": 10,
            "gross_profit": 212067,
            "gross_margin": 14.98,
            "gross_margin_4q_avg": 15.29,
            "net_income": 42297,
            "revenue": 1415381,
            "common_shares": 800800,
            "book_valuer_per_share": 15.89,
            "book_valuer_per_share_4q_avg": 15.36,
            "equity": 1272162,
            "current_ratio": 207.62,
            "debt_ratio": 42.65,
            "inventory_turnover_ratio": 1.57,
            "account_receivable_turnover_ratio": 19.45,
            "reinvestment_rate": -10.07,
            "research_to_sale_ratio": 0.09,
            "price_fair": 29.23,
            "eps_avg_yearly": 0.84,
            "eps_latest_yearly": 2.12,
            "eps_growth_yearly": 651.64
        },
        "20214": {
            "year_quarter": 20214,
            "year": 2021,
            "quarter": 4,
            "eps": 0.34,
            "eps_growth_year": 200.27,
            "eps_4q": 1.76,
            "eps_4q_growth_year": 214.03,
            "roe": 2.1,
            "roe_4q": 11.35,
            "gross_profit": 179834,
            "gross_margin": 14.92,
            "gross_margin_4q_avg": 15.07,
            "net_income": 26982,
            "revenue": 1205196,
            "common_shares": 800800,
            "book_valuer_per_share": 16.24,
            "book_valuer_per_share_4q_avg": 15.67,
            "equity": 1300378,
            "current_ratio": 224.42,
            "debt_ratio": 39.28,
            "inventory_turnover_ratio": 1.26,
            "account_receivable_turnover_ratio": 18.57,
            "reinvestment_rate": -8.04,
            "research_to_sale_ratio": 0.11,
            "price_fair": 30.28,
            "eps_avg_yearly": 0.87,
            "eps_latest_yearly": 1.36,
            "eps_growth_yearly": 648.03
        },
        "20221": {
            "year_quarter": 20221,
            "year": 2022,
            "quarter": 1,
            "eps": 0.29,
            "eps_growth_year": 81.25,
            "eps_4q": 1.88,
            "eps_4q_growth_year": 250.63,
            "roe": 1.74,
            "roe_4q": 12.01,
            "gross_profit": 174613,
            "gross_margin": 14.72,
            "gross_margin_4q_avg": 15.06,
            "net_income": 22868,
            "revenue": 1186219,
            "common_shares": 800800,
            "book_valuer_per_share": 16.52,
            "book_valuer_per_share_4q_avg": 16.01,
            "equity": 1322746,
            "current_ratio": 227.4,
            "debt_ratio": 38.79,
            "inventory_turnover_ratio": 1.21,
            "account_receivable_turnover_ratio": 20.38,
            "reinvestment_rate": 4.76,
            "research_to_sale_ratio": 0.11,
            "price_fair": 29.14,
            "eps_avg_yearly": 0.83,
            "eps_latest_yearly": 1.16,
            "eps_growth_yearly": 621.63
        },
        "20222": {
            "year_quarter": 20222,
            "year": 2022,
            "quarter": 2,
            "eps": 0.47,
            "eps_growth_year": -35.62,
            "eps_4q": 1.62,
            "eps_4q_growth_year": 31.35,
            "roe": 2.89,
            "roe_4q": 10.11,
            "gross_profit": 199989,
            "gross_margin": 15.77,
            "gross_margin_4q_avg": 15.1,
            "net_income": 37393,
            "revenue": 1268163,
            "common_shares": 800800,
            "book_valuer_per_share": 15.78,
            "book_valuer_per_share_4q_avg": 16.11,
            "equity": 1263280,
            "current_ratio": 199.31,
            "debt_ratio": 43.02,
            "inventory_turnover_ratio": 1.33,
            "account_receivable_turnover_ratio": 25.89,
            "reinvestment_rate": 5.65,
            "research_to_sale_ratio": 0.11,
            "price_fair": 32.81,
            "eps_avg_yearly": 0.94,
            "eps_latest_yearly": 1.88,
            "eps_growth_yearly": 659.17
        },
        "20223": {
            "year_quarter": 20223,
            "year": 2022,
            "quarter": 3,
            "eps": 0.19,
            "eps_growth_year": -64.15,
            "eps_4q": 1.28,
            "eps_4q_growth_year": -16.9,
            "roe": 1.17,
            "roe_4q": 7.9,
            "gross_profit": 164290,
            "gross_margin": 15.77,
            "gross_margin_4q_avg": 15.3,
            "net_income": 14866,
            "revenue": 1041762,
            "common_shares": 800800,
            "book_valuer_per_share": 15.96,
            "book_valuer_per_share_4q_avg": 16.13,
            "equity": 1277892,
            "current_ratio": 226.86,
            "debt_ratio": 38.14,
            "inventory_turnover_ratio": 1.25,
            "account_receivable_turnover_ratio": 22.67,
            "reinvestment_rate": 6.84,
            "research_to_sale_ratio": 0.12,
            "price_fair": 32.73,
            "eps_avg_yearly": 0.94,
            "eps_latest_yearly": 0.76,
            "eps_growth_yearly": 569.28
        },
        "20224": {
            "year_quarter": 20224,
            "year": 2022,
            "quarter": 4,
            "eps": 0.18,
            "eps_growth_year": -47.87,
            "eps_4q": 1.11,
            "eps_4q_growth_year": -36.69,
            "roe": 1.09,
            "roe_4q": 6.890000000000001,
            "gross_profit": 141804,
            "gross_margin": 16.06,
            "gross_margin_4q_avg": 15.58,
            "net_income": 14067,
            "revenue": 882784,
            "common_shares": 800800,
            "book_valuer_per_share": 16.21,
            "book_valuer_per_share_4q_avg": 16.12,
            "equity": 1297847,
            "current_ratio": 240.9,
            "debt_ratio": 35.81,
            "inventory_turnover_ratio": 1.1,
            "account_receivable_turnover_ratio": 19.32,
            "reinvestment_rate": 8.51,
            "research_to_sale_ratio": 0.16,
            "price_fair": 33.78,
            "eps_avg_yearly": 0.97,
            "eps_latest_yearly": 0.72,
            "eps_growth_yearly": 585.46
        },
        "20231": {
            "year_quarter": 20231,
            "year": 2023,
            "quarter": 1,
            "eps": 0.13,
            "eps_growth_year": -55.17,
            "eps_4q": 0.95,
            "eps_4q_growth_year": -49.33,
            "roe": 0.77,
            "roe_4q": 5.92,
            "gross_profit": 148324,
            "gross_margin": 15.83,
            "gross_margin_4q_avg": 15.86,
            "net_income": 10047,
            "revenue": 936819,
            "common_shares": 800800,
            "book_valuer_per_share": 16.34,
            "book_valuer_per_share_4q_avg": 16.07,
            "equity": 1308374,
            "current_ratio": 258.21,
            "debt_ratio": 33.84,
            "inventory_turnover_ratio": 1.14,
            "account_receivable_turnover_ratio": 23.23,
            "reinvestment_rate": 9.58,
            "research_to_sale_ratio": 0.14,
            "price_fair": 32.99,
            "eps_avg_yearly": 0.94,
            "eps_latest_yearly": 0.52,
            "eps_growth_yearly": 511.85
        }
    },
    "months": {
        "2002-02": {
            "month": "2002-02",
            "price": "96.94",
            "revenue": 485411
        },
        "2002-03": {
            "month": "2002-03",
            "price": "110.21",
            "revenue": 460226
        },
        "2002-04": {
            "month": "2002-04",
            "price": "103.00",
            "revenue": 401961
        },
        "2002-05": {
            "month": "2002-05",
            "price": "84.05",
            "revenue": 387824
        },
        "2002-06": {
            "month": "2002-06",
            "price": "86.08",
            "revenue": 402571
        },
        "2002-07": {
            "month": "2002-07",
            "price": "77.83",
            "revenue": 481659
        },
        "2002-08": {
            "month": "2002-08",
            "price": "59.45",
            "revenue": 520066
        },
        "2002-09": {
            "month": "2002-09",
            "price": "49.58",
            "revenue": 595869
        },
        "2002-10": {
            "month": "2002-10",
            "price": "43.61",
            "revenue": 513898
        },
        "2002-11": {
            "month": "2002-11",
            "price": "41.62",
            "revenue": 441446
        },
        "2002-12": {
            "month": "2002-12",
            "price": "38.51",
            "revenue": 519667
        },
        "2003-01": {
            "month": "2003-01",
            "price": "38.84",
            "revenue": 566087
        },
        "2003-02": {
            "month": "2003-02",
            "price": "38.43",
            "revenue": 568727
        },
        "2003-03": {
            "month": "2003-03",
            "price": "38.17",
            "revenue": 500529
        },
        "2003-04": {
            "month": "2003-04",
            "price": "37.76",
            "revenue": 446751
        },
        "2003-05": {
            "month": "2003-05",
            "price": "36.65",
            "revenue": 474009
        },
        "2003-06": {
            "month": "2003-06",
            "price": "40.38",
            "revenue": 513345
        },
        "2003-07": {
            "month": "2003-07",
            "price": "46.45",
            "revenue": 567547
        },
        "2003-08": {
            "month": "2003-08",
            "price": "46.58",
            "revenue": 582320
        },
        "2003-09": {
            "month": "2003-09",
            "price": "41.10",
            "revenue": 614097
        },
        "2003-10": {
            "month": "2003-10",
            "price": "41.27",
            "revenue": 530624
        },
        "2003-11": {
            "month": "2003-11",
            "price": "44.65",
            "revenue": 478643
        },
        "2003-12": {
            "month": "2003-12",
            "price": "44.37",
            "revenue": 543847
        },
        "2004-01": {
            "month": "2004-01",
            "price": "45.07",
            "revenue": 682137
        },
        "2004-02": {
            "month": "2004-02",
            "price": "49.52",
            "revenue": 621685
        },
        "2004-03": {
            "month": "2004-03",
            "price": "49.10",
            "revenue": 549499
        },
        "2004-04": {
            "month": "2004-04",
            "price": "47.03",
            "revenue": 515551
        },
        "2004-05": {
            "month": "2004-05",
            "price": "43.13",
            "revenue": 485246
        },
        "2004-06": {
            "month": "2004-06",
            "price": "41.48",
            "revenue": 503003
        },
        "2004-07": {
            "month": "2004-07",
            "price": "39.01",
            "revenue": 566050
        },
        "2004-08": {
            "month": "2004-08",
            "price": "30.92",
            "revenue": 617283
        },
        "2004-09": {
            "month": "2004-09",
            "price": "29.98",
            "revenue": 726221
        },
        "2004-10": {
            "month": "2004-10",
            "price": "29.20",
            "revenue": 599629
        },
        "2004-11": {
            "month": "2004-11",
            "price": "27.69",
            "revenue": 511247
        },
        "2004-12": {
            "month": "2004-12",
            "price": "25.50",
            "revenue": 614732
        },
        "2005-01": {
            "month": "2005-01",
            "price": "24.25",
            "revenue": 614419
        },
        "2005-02": {
            "month": "2005-02",
            "price": "25.86",
            "revenue": 727512
        },
        "2005-03": {
            "month": "2005-03",
            "price": "27.93",
            "revenue": 646280
        },
        "2005-04": {
            "month": "2005-04",
            "price": "27.78",
            "revenue": 561079
        },
        "2005-05": {
            "month": "2005-05",
            "price": "26.70",
            "revenue": 544634
        },
        "2005-06": {
            "month": "2005-06",
            "price": "28.09",
            "revenue": 535814
        },
        "2005-07": {
            "month": "2005-07",
            "price": "25.22",
            "revenue": 616994
        },
        "2005-08": {
            "month": "2005-08",
            "price": "23.82",
            "revenue": 618519
        },
        "2005-09": {
            "month": "2005-09",
            "price": "23.42",
            "revenue": 669600
        },
        "2005-10": {
            "month": "2005-10",
            "price": "22.34",
            "revenue": 570607
        },
        "2005-11": {
            "month": "2005-11",
            "price": "22.16",
            "revenue": 480706
        },
        "2005-12": {
            "month": "2005-12",
            "price": "29.81",
            "revenue": 535344
        },
        "2006-01": {
            "month": "2006-01",
            "price": "37.76",
            "revenue": 623927
        },
        "2006-02": {
            "month": "2006-02",
            "price": "30.43",
            "revenue": 627055
        },
        "2006-03": {
            "month": "2006-03",
            "price": "28.99",
            "revenue": 528008
        },
        "2006-04": {
            "month": "2006-04",
            "price": "27.76",
            "revenue": 463780
        },
        "2006-05": {
            "month": "2006-05",
            "price": "32.28",
            "revenue": 471212
        },
        "2006-06": {
            "month": "2006-06",
            "price": "30.50",
            "revenue": 479363
        },
        "2006-07": {
            "month": "2006-07",
            "price": "30.59",
            "revenue": 504286
        },
        "2006-08": {
            "month": "2006-08",
            "price": "30.26",
            "revenue": 582156
        },
        "2006-09": {
            "month": "2006-09",
            "price": "35.94",
            "revenue": 643804
        },
        "2006-10": {
            "month": "2006-10",
            "price": "41.59",
            "revenue": 511009
        },
        "2006-11": {
            "month": "2006-11",
            "price": "53.43",
            "revenue": 466032
        },
        "2006-12": {
            "month": "2006-12",
            "price": "76.89",
            "revenue": 531713
        },
        "2007-01": {
            "month": "2007-01",
            "price": "75.91",
            "revenue": 509737
        },
        "2007-02": {
            "month": "2007-02",
            "price": "64.87",
            "revenue": 641391
        },
        "2007-03": {
            "month": "2007-03",
            "price": "68.60",
            "revenue": 593317
        },
        "2007-04": {
            "month": "2007-04",
            "price": "77.06",
            "revenue": 505352
        },
        "2007-05": {
            "month": "2007-05",
            "price": "77.35",
            "revenue": 477486
        },
        "2007-06": {
            "month": "2007-06",
            "price": "75.57",
            "revenue": 494414
        },
        "2007-07": {
            "month": "2007-07",
            "price": "70.15",
            "revenue": 538042
        },
        "2007-08": {
            "month": "2007-08",
            "price": "66.36",
            "revenue": 588425
        },
        "2007-09": {
            "month": "2007-09",
            "price": "64.44",
            "revenue": 654635
        },
        "2007-10": {
            "month": "2007-10",
            "price": "60.90",
            "revenue": 509711
        },
        "2007-11": {
            "month": "2007-11",
            "price": "51.17",
            "revenue": 443065
        },
        "2007-12": {
            "month": "2007-12",
            "price": "46.37",
            "revenue": 507903
        },
        "2008-01": {
            "month": "2008-01",
            "price": "43.20",
            "revenue": 518063
        },
        "2008-02": {
            "month": "2008-02",
            "price": "42.08",
            "revenue": 609243
        },
        "2008-03": {
            "month": "2008-03",
            "price": "46.10",
            "revenue": 499559
        },
        "2008-04": {
            "month": "2008-04",
            "price": "49.48",
            "revenue": 439975
        },
        "2008-05": {
            "month": "2008-05",
            "price": "48.88",
            "revenue": 417899
        },
        "2008-06": {
            "month": "2008-06",
            "price": "44.88",
            "revenue": 437367
        },
        "2008-07": {
            "month": "2008-07",
            "price": "38.33",
            "revenue": 489587
        },
        "2008-08": {
            "month": "2008-08",
            "price": "36.38",
            "revenue": 579263
        },
        "2008-09": {
            "month": "2008-09",
            "price": "23.04",
            "revenue": 586502
        },
        "2008-10": {
            "month": "2008-10",
            "price": "19.35",
            "revenue": 493759
        },
        "2008-11": {
            "month": "2008-11",
            "price": "17.16",
            "revenue": 425408
        },
        "2008-12": {
            "month": "2008-12",
            "price": "17.13",
            "revenue": 438965
        },
        "2009-01": {
            "month": "2009-01",
            "price": "17.27",
            "revenue": 659553
        },
        "2009-02": {
            "month": "2009-02",
            "price": "17.48",
            "revenue": 531897
        },
        "2009-03": {
            "month": "2009-03",
            "price": "19.16",
            "revenue": 444378
        },
        "2009-04": {
            "month": "2009-04",
            "price": "20.69",
            "revenue": 427637
        },
        "2009-05": {
            "month": "2009-05",
            "price": "24.82",
            "revenue": 421524
        },
        "2009-06": {
            "month": "2009-06",
            "price": "23.32",
            "revenue": 357560
        },
        "2009-07": {
            "month": "2009-07",
            "price": "24.01",
            "revenue": 501606
        },
        "2009-08": {
            "month": "2009-08",
            "price": "25.35",
            "revenue": 568143
        },
        "2009-09": {
            "month": "2009-09",
            "price": "23.15",
            "revenue": 559763
        },
        "2009-10": {
            "month": "2009-10",
            "price": "24.49",
            "revenue": 466204
        },
        "2009-11": {
            "month": "2009-11",
            "price": "23.24",
            "revenue": 449973
        },
        "2009-12": {
            "month": "2009-12",
            "price": "24.63",
            "revenue": 522828
        },
        "2010-01": {
            "month": "2010-01",
            "price": "29.62",
            "revenue": 505928
        },
        "2010-02": {
            "month": "2010-02",
            "price": "25.52",
            "revenue": 589250
        },
        "2010-03": {
            "month": "2010-03",
            "price": "26.82",
            "revenue": 485330
        },
        "2010-04": {
            "month": "2010-04",
            "price": "27.44",
            "revenue": 434379
        },
        "2010-05": {
            "month": "2010-05",
            "price": "24.58",
            "revenue": 426756
        },
        "2010-06": {
            "month": "2010-06",
            "price": "24.27",
            "revenue": 444836
        },
        "2010-07": {
            "month": "2010-07",
            "price": "24.46",
            "revenue": 517351
        },
        "2010-08": {
            "month": "2010-08",
            "price": "24.31",
            "revenue": 561508
        },
        "2010-09": {
            "month": "2010-09",
            "price": "24.08",
            "revenue": 528536
        },
        "2010-10": {
            "month": "2010-10",
            "price": "23.70",
            "revenue": 483096
        },
        "2010-11": {
            "month": "2010-11",
            "price": "23.37",
            "revenue": 447565
        },
        "2010-12": {
            "month": "2010-12",
            "price": "24.53",
            "revenue": 511750
        },
        "2011-01": {
            "month": "2011-01",
            "price": "24.28",
            "revenue": 567977
        },
        "2011-02": {
            "month": "2011-02",
            "price": "23.81",
            "revenue": 591708
        },
        "2011-03": {
            "month": "2011-03",
            "price": "24.16",
            "revenue": 487420
        },
        "2011-04": {
            "month": "2011-04",
            "price": "25.66",
            "revenue": 486149
        },
        "2011-05": {
            "month": "2011-05",
            "price": "26.51",
            "revenue": 456235
        },
        "2011-06": {
            "month": "2011-06",
            "price": "26.80",
            "revenue": 471023
        },
        "2011-07": {
            "month": "2011-07",
            "price": "26.84",
            "revenue": 554059
        },
        "2011-08": {
            "month": "2011-08",
            "price": "24.61",
            "revenue": 562336
        },
        "2011-09": {
            "month": "2011-09",
            "price": "24.14",
            "revenue": 544591
        },
        "2011-10": {
            "month": "2011-10",
            "price": "23.80",
            "revenue": 466497
        },
        "2011-11": {
            "month": "2011-11",
            "price": "23.84",
            "revenue": 425396
        },
        "2011-12": {
            "month": "2011-12",
            "price": "23.86",
            "revenue": 490349
        },
        "2012-01": {
            "month": "2012-01",
            "price": "24.14",
            "revenue": 628343
        },
        "2012-02": {
            "month": "2012-02",
            "price": "25.74",
            "revenue": 499912
        },
        "2012-03": {
            "month": "2012-03",
            "price": "26.72",
            "revenue": 464853
        },
        "2012-04": {
            "month": "2012-04",
            "price": "26.54",
            "revenue": 436525
        },
        "2012-05": {
            "month": "2012-05",
            "price": "26.52",
            "revenue": 479521
        },
        "2012-06": {
            "month": "2012-06",
            "price": "26.28",
            "revenue": 511291
        },
        "2012-07": {
            "month": "2012-07",
            "price": "25.96",
            "revenue": 595876
        },
        "2012-08": {
            "month": "2012-08",
            "price": "25.00",
            "revenue": 594306
        },
        "2012-09": {
            "month": "2012-09",
            "price": "24.29",
            "revenue": 585060
        },
        "2012-10": {
            "month": "2012-10",
            "price": "23.83",
            "revenue": 465051
        },
        "2012-11": {
            "month": "2012-11",
            "price": "22.42",
            "revenue": 431953
        },
        "2012-12": {
            "month": "2012-12",
            "price": "22.54",
            "revenue": 517537
        },
        "2013-01": {
            "month": "2013-01",
            "price": "23.06",
            "revenue": 500099
        },
        "2013-02": {
            "month": "2013-02",
            "price": "23.09",
            "revenue": 585460
        },
        "2013-03": {
            "month": "2013-03",
            "price": "23.07",
            "revenue": 459915
        },
        "2013-04": {
            "month": "2013-04",
            "price": "22.52",
            "revenue": 434773
        },
        "2013-05": {
            "month": "2013-05",
            "price": "22.64",
            "revenue": 434622
        },
        "2013-06": {
            "month": "2013-06",
            "price": "22.40",
            "revenue": 437928
        },
        "2013-07": {
            "month": "2013-07",
            "price": "22.17",
            "revenue": 478310
        },
        "2013-08": {
            "month": "2013-08",
            "price": "21.70",
            "revenue": 553897
        },
        "2013-09": {
            "month": "2013-09",
            "price": "21.85",
            "revenue": 548120
        },
        "2013-10": {
            "month": "2013-10",
            "price": "20.70",
            "revenue": 437828
        },
        "2013-11": {
            "month": "2013-11",
            "price": "20.77",
            "revenue": 409483
        },
        "2013-12": {
            "month": "2013-12",
            "price": "21.10",
            "revenue": 460985
        },
        "2014-01": {
            "month": "2014-01",
            "price": "21.39",
            "revenue": 500010
        },
        "2014-02": {
            "month": "2014-02",
            "price": "21.44",
            "revenue": 490229
        },
        "2014-03": {
            "month": "2014-03",
            "price": "21.75",
            "revenue": 428175
        },
        "2014-04": {
            "month": "2014-04",
            "price": "22.47",
            "revenue": 387649
        },
        "2014-05": {
            "month": "2014-05",
            "price": "22.50",
            "revenue": 427861
        },
        "2014-06": {
            "month": "2014-06",
            "price": "22.90",
            "revenue": 422794
        },
        "2014-07": {
            "month": "2014-07",
            "price": "22.75",
            "revenue": 459726
        },
        "2014-08": {
            "month": "2014-08",
            "price": "21.80",
            "revenue": 537007
        },
        "2014-09": {
            "month": "2014-09",
            "price": "21.38",
            "revenue": 522511
        },
        "2014-10": {
            "month": "2014-10",
            "price": "20.97",
            "revenue": 423140
        },
        "2014-11": {
            "month": "2014-11",
            "price": "20.74",
            "revenue": 396333
        },
        "2014-12": {
            "month": "2014-12",
            "price": "20.91",
            "revenue": 446909
        },
        "2015-01": {
            "month": "2015-01",
            "price": "20.95",
            "revenue": 414287
        },
        "2015-02": {
            "month": "2015-02",
            "price": "21.15",
            "revenue": 490998
        },
        "2015-03": {
            "month": "2015-03",
            "price": "21.10",
            "revenue": 441811
        },
        "2015-04": {
            "month": "2015-04",
            "price": "21.37",
            "revenue": 402386
        },
        "2015-05": {
            "month": "2015-05",
            "price": "21.58",
            "revenue": 421752
        },
        "2015-06": {
            "month": "2015-06",
            "price": "21.04",
            "revenue": 422015
        },
        "2015-07": {
            "month": "2015-07",
            "price": "20.72",
            "revenue": 436293
        },
        "2015-08": {
            "month": "2015-08",
            "price": "19.08",
            "revenue": 506728
        },
        "2015-09": {
            "month": "2015-09",
            "price": "17.81",
            "revenue": 476537
        },
        "2015-10": {
            "month": "2015-10",
            "price": "16.98",
            "revenue": 398294
        },
        "2015-11": {
            "month": "2015-11",
            "price": "17.00",
            "revenue": 364483
        },
        "2015-12": {
            "month": "2015-12",
            "price": "16.56",
            "revenue": 400783
        },
        "2016-01": {
            "month": "2016-01",
            "price": "16.18",
            "revenue": 407000
        },
        "2016-02": {
            "month": "2016-02",
            "price": "16.12",
            "revenue": 503093
        },
        "2016-03": {
            "month": "2016-03",
            "price": "16.76",
            "revenue": 377692
        },
        "2016-04": {
            "month": "2016-04",
            "price": "16.63",
            "revenue": 368367
        },
        "2016-05": {
            "month": "2016-05",
            "price": "16.23",
            "revenue": 371256
        },
        "2016-06": {
            "month": "2016-06",
            "price": "16.33",
            "revenue": 368362
        },
        "2016-07": {
            "month": "2016-07",
            "price": "16.44",
            "revenue": 415587
        },
        "2016-08": {
            "month": "2016-08",
            "price": "17.08",
            "revenue": 461707
        },
        "2016-09": {
            "month": "2016-09",
            "price": "17.13",
            "revenue": 447000
        },
        "2016-10": {
            "month": "2016-10",
            "price": "16.46",
            "revenue": 376121
        },
        "2016-11": {
            "month": "2016-11",
            "price": "16.40",
            "revenue": 325593
        },
        "2016-12": {
            "month": "2016-12",
            "price": "16.54",
            "revenue": 367950
        },
        "2017-01": {
            "month": "2017-01",
            "price": "16.59",
            "revenue": 406107
        },
        "2017-02": {
            "month": "2017-02",
            "price": "17.02",
            "revenue": 389478
        },
        "2017-03": {
            "month": "2017-03",
            "price": "17.06",
            "revenue": 359380
        },
        "2017-04": {
            "month": "2017-04",
            "price": "16.95",
            "revenue": 331634
        },
        "2017-05": {
            "month": "2017-05",
            "price": "16.98",
            "revenue": 350997
        },
        "2017-06": {
            "month": "2017-06",
            "price": "17.24",
            "revenue": 353971
        },
        "2017-07": {
            "month": "2017-07",
            "price": "17.29",
            "revenue": 397133
        },
        "2017-08": {
            "month": "2017-08",
            "price": "17.17",
            "revenue": 418587
        },
        "2017-09": {
            "month": "2017-09",
            "price": "16.70",
            "revenue": 426537
        },
        "2017-10": {
            "month": "2017-10",
            "price": "16.63",
            "revenue": 340758
        },
        "2017-11": {
            "month": "2017-11",
            "price": "16.60",
            "revenue": 308569
        },
        "2017-12": {
            "month": "2017-12",
            "price": "16.52",
            "revenue": 345496
        },
        "2018-01": {
            "month": "2018-01",
            "price": "16.52",
            "revenue": 360658
        },
        "2018-02": {
            "month": "2018-02",
            "price": "16.35",
            "revenue": 395581
        },
        "2018-03": {
            "month": "2018-03",
            "price": "16.43",
            "revenue": 344835
        },
        "2018-04": {
            "month": "2018-04",
            "price": "16.91",
            "revenue": 293670
        },
        "2018-05": {
            "month": "2018-05",
            "price": "17.87",
            "revenue": 320584
        },
        "2018-06": {
            "month": "2018-06",
            "price": "17.89",
            "revenue": 313292
        },
        "2018-07": {
            "month": "2018-07",
            "price": "17.50",
            "revenue": 350954
        },
        "2018-08": {
            "month": "2018-08",
            "price": "17.33",
            "revenue": 369863
        },
        "2018-09": {
            "month": "2018-09",
            "price": "16.53",
            "revenue": 409850
        },
        "2018-10": {
            "month": "2018-10",
            "price": "15.53",
            "revenue": 305256
        },
        "2018-11": {
            "month": "2018-11",
            "price": "15.06",
            "revenue": 298578
        },
        "2018-12": {
            "month": "2018-12",
            "price": "15.02",
            "revenue": 329747
        },
        "2019-01": {
            "month": "2019-01",
            "price": "14.91",
            "revenue": 333102
        },
        "2019-02": {
            "month": "2019-02",
            "price": "15.00",
            "revenue": 365209
        },
        "2019-03": {
            "month": "2019-03",
            "price": "15.33",
            "revenue": 332673
        },
        "2019-04": {
            "month": "2019-04",
            "price": "15.59",
            "revenue": 284840
        },
        "2019-05": {
            "month": "2019-05",
            "price": "15.46",
            "revenue": 295499
        },
        "2019-06": {
            "month": "2019-06",
            "price": "15.47",
            "revenue": 300035
        },
        "2019-07": {
            "month": "2019-07",
            "price": "15.57",
            "revenue": 333317
        },
        "2019-08": {
            "month": "2019-08",
            "price": "15.49",
            "revenue": 385680
        },
        "2019-09": {
            "month": "2019-09",
            "price": "15.57",
            "revenue": 366862
        },
        "2019-10": {
            "month": "2019-10",
            "price": "14.85",
            "revenue": 287259
        },
        "2019-11": {
            "month": "2019-11",
            "price": "14.24",
            "revenue": 285609
        },
        "2019-12": {
            "month": "2019-12",
            "price": "13.92",
            "revenue": 285803
        },
        "2020-01": {
            "month": "2020-01",
            "price": "13.85",
            "revenue": 361051
        },
        "2020-02": {
            "month": "2020-02",
            "price": "13.72",
            "revenue": 339591
        },
        "2020-03": {
            "month": "2020-03",
            "price": "11.73",
            "revenue": 340991
        },
        "2020-04": {
            "month": "2020-04",
            "price": "11.58",
            "revenue": 322089
        },
        "2020-05": {
            "month": "2020-05",
            "price": "12.30",
            "revenue": 333635
        },
        "2020-06": {
            "month": "2020-06",
            "price": "13.34",
            "revenue": 312694
        },
        "2020-07": {
            "month": "2020-07",
            "price": "13.58",
            "revenue": 379046
        },
        "2020-08": {
            "month": "2020-08",
            "price": "13.65",
            "revenue": 388827
        },
        "2020-09": {
            "month": "2020-09",
            "price": "13.29",
            "revenue": 367616
        },
        "2020-10": {
            "month": "2020-10",
            "price": "12.84",
            "revenue": 302350
        },
        "2020-11": {
            "month": "2020-11",
            "price": "12.78",
            "revenue": 320178
        },
        "2020-12": {
            "month": "2020-12",
            "price": "12.95",
            "revenue": 323805
        },
        "2021-01": {
            "month": "2021-01",
            "price": "12.86",
            "revenue": 323634
        },
        "2021-02": {
            "month": "2021-02",
            "price": "12.70",
            "revenue": 369753
        },
        "2021-03": {
            "month": "2021-03",
            "price": "13.03",
            "revenue": 340219
        },
        "2021-04": {
            "month": "2021-04",
            "price": "13.52",
            "revenue": 340644
        },
        "2021-05": {
            "month": "2021-05",
            "price": "13.14",
            "revenue": 570508
        },
        "2021-06": {
            "month": "2021-06",
            "price": "15.98",
            "revenue": 562836
        },
        "2021-07": {
            "month": "2021-07",
            "price": "18.99",
            "revenue": 491495
        },
        "2021-08": {
            "month": "2021-08",
            "price": "18.62",
            "revenue": 467479
        },
        "2021-09": {
            "month": "2021-09",
            "price": "19.29",
            "revenue": 456407
        },
        "2021-10": {
            "month": "2021-10",
            "price": "17.90",
            "revenue": 457466
        },
        "2021-11": {
            "month": "2021-11",
            "price": "18.06",
            "revenue": 409929
        },
        "2021-12": {
            "month": "2021-12",
            "price": "17.78",
            "revenue": 345600
        },
        "2022-01": {
            "month": "2022-01",
            "price": "17.44",
            "revenue": 404300
        },
        "2022-02": {
            "month": "2022-02",
            "price": "17.07",
            "revenue": 413427
        },
        "2022-03": {
            "month": "2022-03",
            "price": "17.80",
            "revenue": 376714
        },
        "2022-04": {
            "month": "2022-04",
            "price": "17.64",
            "revenue": 380053
        },
        "2022-05": {
            "month": "2022-05",
            "price": "17.21",
            "revenue": 477773
        },
        "2022-06": {
            "month": "2022-06",
            "price": "16.95",
            "revenue": 402304
        },
        "2022-07": {
            "month": "2022-07",
            "price": "15.97",
            "revenue": 342780
        },
        "2022-08": {
            "month": "2022-08",
            "price": "16.76",
            "revenue": 364640
        },
        "2022-09": {
            "month": "2022-09",
            "price": "16.74",
            "revenue": 334153
        },
        "2022-10": {
            "month": "2022-10",
            "price": "15.21",
            "revenue": 295063
        },
        "2022-11": {
            "month": "2022-11",
            "price": "15.34",
            "revenue": 294760
        },
        "2022-12": {
            "month": "2022-12",
            "price": "15.68",
            "revenue": 292961
        },
        "2023-01": {
            "month": "2023-01",
            "price": "15.65",
            "revenue": 347056
        },
        "2023-02": {
            "month": "2023-02",
            "price": "15.79",
            "revenue": 307029
        },
        "2023-03": {
            "month": "2023-03",
            "price": "16.21",
            "revenue": 282734
        },
        "2023-04": {
            "month": "2023-04",
            "price": "16.62",
            "revenue": 288198
        }
    }
}
