{
    "summary": {
        "stock_name": "鈞寶",
        "stock_id": "6155",
        "category": "電子零組件",
        "main_business": "磁鐵心、氧化鐵心、偏向軛及偏向軛磁鐵心。<br>排感、收斂線圈、延遲線濾波器、電磁組件。<br>共模抗流線圈、天線棒、積層晶片、電感晶片、磁珠。",
        "website_url": "http://www.kingcore.com.tw",
        "ceo": "蔡裕江",
        "pe_ratio": 31,
        "report_year_from": 2001,
        "report_year_to": 2023,
        "age": 23,
        "eps_negative_percentage": 0,
        "eps_growth_avg": {
            "last_all": 4.2,
            "last_2y": 46.33,
            "last_4y": 9.05,
            "last_8y": 6.81,
            "last_12y": 6.27,
            "last_16y": 1.7,
            "last_20y": 2.31,
            "at_2006_last_3y": 4.92,
            "at_2007_last_3y": 5.2,
            "at_2008_last_3y": -9.88,
            "at_2009_last_3y": 1.67,
            "at_2010_last_3y": -13.13,
            "at_2011_last_3y": -23.6,
            "at_2012_last_3y": 0.26,
            "at_2013_last_3y": -5.63,
            "at_2014_last_3y": 5.04,
            "at_2015_last_3y": 11.87,
            "at_2016_last_3y": -8.39,
            "at_2017_last_3y": -21,
            "at_2018_last_3y": 4,
            "at_2019_last_3y": -1.39,
            "at_2020_last_3y": -10.15,
            "at_2021_last_3y": 26.57,
            "at_2022_last_3y": 26.57,
            "at_2023_last_3y": 20.5,
            "at_2024_last_3y": 20.5,
            "at_2006_last_all": 12.69,
            "at_2007_last_all": 10.47,
            "at_2008_last_all": 3.78,
            "at_2009_last_all": 6.7,
            "at_2010_last_all": 1.21,
            "at_2011_last_all": -3.16,
            "at_2012_last_all": 2.5,
            "at_2013_last_all": 2.59,
            "at_2014_last_all": 2.39,
            "at_2015_last_all": 1.14,
            "at_2016_last_all": -0.4,
            "at_2017_last_all": -3.31,
            "at_2018_last_all": 2.77,
            "at_2019_last_all": 0.58,
            "at_2020_last_all": -2.45,
            "at_2021_last_all": 2.67,
            "at_2022_last_all": 7.3,
            "at_2023_last_all": 4.2,
            "at_2024_last_all": 4.2
        },
        "latest_eps": 0.85,
        "latest_price": 26.2,
        "latest_roe": 4.92,
        "latest_gross_margin": 14.94,
        "latest_equity": 1507619,
        "latest_revenue": 130678,
        "latest_gross_profit": 19519,
        "latest_net_income": -13977,
        "latest_debt_ratio": 28.98,
        "latest_current_ratio": 223.67,
        "latest_account_receivable_turnover_ratio": 0.9,
        "latest_inventory_turnover_ratio": 0.53,
        "latest_reinvestment_rate": 4.74,
        "latest_research_to_sale_ratio": 2.88
    },
    "eps_dividends": {
        "2001": {
            "cash": 1,
            "stock": 3,
            "eps": 2.01
        },
        "2002": {
            "cash": 0,
            "stock": 1.5,
            "eps": 2.89
        },
        "2003": {
            "cash": 0.5,
            "stock": 1.5,
            "eps": 2.84
        },
        "2004": {
            "cash": 0.5,
            "stock": 1.5,
            "eps": 3.52
        },
        "2005": {
            "cash": 0.5,
            "stock": 2,
            "eps": 2.85
        },
        "2006": {
            "cash": 1.49,
            "stock": 0.5,
            "eps": 3.32
        },
        "2007": {
            "cash": 0,
            "stock": 0.28,
            "eps": 3.3
        },
        "2008": {
            "cash": 0,
            "stock": 0.2,
            "eps": 2.1
        },
        "2009": {
            "cash": 0,
            "stock": 0.1,
            "eps": 2.67
        },
        "2010": {
            "cash": 2.2,
            "stock": 0.1,
            "eps": 1.53
        },
        "2011": {
            "cash": 2.27,
            "stock": 0.2,
            "eps": 0.88
        },
        "2012": {
            "cash": 0,
            "stock": 0,
            "eps": 1.4
        },
        "2013": {
            "cash": 1.15,
            "stock": 0.1,
            "eps": 1.45
        },
        "2014": {
            "cash": 1.6,
            "stock": 0.1,
            "eps": 1.45
        },
        "2015": {
            "cash": 1.2,
            "stock": 0.1,
            "eps": 1.23
        },
        "2016": {
            "cash": 1.1,
            "stock": 0.05,
            "eps": 0.96
        },
        "2017": {
            "cash": 0.85,
            "stock": 0,
            "eps": 0.51
        },
        "2018": {
            "cash": 0.45,
            "stock": 0,
            "eps": 1.47
        },
        "2019": {
            "cash": 1,
            "stock": 0,
            "eps": 0.93
        },
        "2020": {
            "cash": 1.04,
            "stock": 0,
            "eps": 0.4
        },
        "2021": {
            "cash": 0.75,
            "stock": 0,
            "eps": 0.92
        },
        "2022": {
            "cash": 0.85,
            "stock": 0,
            "eps": 2.18
        },
        "2023": {
            "cash": 1.5,
            "stock": 0,
            "eps": 0.85
        },
        "2024": {
            "cash": 0.85,
            "stock": 0,
            "eps": 0
        }
    },
    "dividends": {
        "2001-04-09": {
            "cash": 1,
            "stock": 3
        },
        "2002-06-20": {
            "cash": 0,
            "stock": 1.5
        },
        "2003-04-15": {
            "cash": 0.5,
            "stock": 1.5
        },
        "2004-04-28": {
            "cash": 0.5,
            "stock": 1.5
        },
        "2005-04-18": {
            "cash": 0.5,
            "stock": 2
        },
        "2006-03-17": {
            "cash": 1.49,
            "stock": 0.5
        },
        "2007-03-08": {
            "cash": 0,
            "stock": 0.28
        },
        "2008-03-11": {
            "cash": 0,
            "stock": 0.2
        },
        "2009-03-16": {
            "cash": 0,
            "stock": 0.1
        },
        "2010-06-09": {
            "cash": 2.2,
            "stock": 0.1
        },
        "2011-01-01": {
            "cash": 1.01,
            "stock": 0.1
        },
        "2011-03-04": {
            "cash": 1.26,
            "stock": 0.1
        },
        "2013-03-19": {
            "cash": 1.15,
            "stock": 0.1
        },
        "2014-06-25": {
            "cash": 1.6,
            "stock": 0.1
        },
        "2015-07-28": {
            "cash": 1.2,
            "stock": 0.1
        },
        "2016-07-19": {
            "cash": 1.1,
            "stock": 0.05
        },
        "2017-07-18": {
            "cash": 0.85,
            "stock": 0
        },
        "2018-07-31": {
            "cash": 0.45,
            "stock": 0
        },
        "2019-07-12": {
            "cash": 1,
            "stock": 0
        },
        "2020-08-05": {
            "cash": 1.04,
            "stock": 0
        },
        "2021-09-10": {
            "cash": 0.75,
            "stock": 0
        },
        "2022-07-15": {
            "cash": 0.85,
            "stock": 0
        },
        "2023-08-29": {
            "cash": 1.5,
            "stock": 0
        },
        "2024-02-19": {
            "cash": 0.85,
            "stock": 0
        }
    },
    "prices": {
        "200101": "無",
        "200102": "無",
        "200103": "無",
        "200104": "無",
        "200105": "無",
        "200106": "無",
        "200107": "無",
        "200108": "無",
        "200109": "無",
        "200110": "無",
        "200111": "無",
        "200112": "無",
        "200201": "無",
        "200202": "無",
        "200203": "64.95",
        "200204": "67.67",
        "200205": "59.70",
        "200206": "53.84",
        "200207": "47.06",
        "200208": "39.41",
        "200209": "43.46",
        "200210": "46.85",
        "200211": "46.58",
        "200212": "41.27",
        "200301": "36.93",
        "200302": "35.96",
        "200303": "33.33",
        "200304": "31.98",
        "200305": "36.87",
        "200306": "35.83",
        "200307": "32.36",
        "200308": "31.96",
        "200309": "30.46",
        "200310": "30.67",
        "200311": "36.32",
        "200312": "37.50",
        "200401": "39.40",
        "200402": "40.74",
        "200403": "39.90",
        "200404": "41.30",
        "200405": "38.85",
        "200406": "38.16",
        "200407": "35.79",
        "200408": "31.94",
        "200409": "30.17",
        "200410": "28.66",
        "200411": "28.56",
        "200412": "27.26",
        "200501": "25.34",
        "200502": "28.17",
        "200503": "31.79",
        "200504": "31.96",
        "200505": "30.42",
        "200506": "31.79",
        "200507": "29.57",
        "200508": "26.34",
        "200509": "25.43",
        "200510": "24.83",
        "200511": "25.57",
        "200512": "27.95",
        "200601": "30.09",
        "200602": "29.61",
        "200603": "29.73",
        "200604": "29.73",
        "200605": "29.49",
        "200606": "26.18",
        "200607": "26.41",
        "200608": "28.52",
        "200609": "25.92",
        "200610": "27.90",
        "200611": "28.76",
        "200612": "30.05",
        "200701": "32.38",
        "200702": "35.68",
        "200703": "36.83",
        "200704": "39.26",
        "200705": "38.70",
        "200706": "44.40",
        "200707": "45.28",
        "200708": "55.54",
        "200709": "52.55",
        "200710": "49.64",
        "200711": "41.18",
        "200712": "34.42",
        "200801": "32.38",
        "200802": "33.27",
        "200803": "35.41",
        "200804": "38.25",
        "200805": "39.15",
        "200806": "36.89",
        "200807": "30.54",
        "200808": "34.15",
        "200809": "27.69",
        "200810": "23.60",
        "200811": "20.03",
        "200812": "17.43",
        "200901": "16.20",
        "200902": "16.60",
        "200903": "19.50",
        "200904": "23.15",
        "200905": "24.27",
        "200906": "24.81",
        "200907": "27.01",
        "200908": "31.06",
        "200909": "32.14",
        "200910": "33.36",
        "200911": "31.28",
        "200912": "33.77",
        "201001": "36.25",
        "201002": "35.72",
        "201003": "36.24",
        "201004": "38.69",
        "201005": "33.14",
        "201006": "32.24",
        "201007": "30.93",
        "201008": "32.13",
        "201009": "30.57",
        "201010": "30.05",
        "201011": "28.62",
        "201012": "29.40",
        "201101": "30.42",
        "201102": "30.02",
        "201103": "28.47",
        "201104": "28.57",
        "201105": "26.87",
        "201106": "25.33",
        "201107": "25.03",
        "201108": "22.91",
        "201109": "21.09",
        "201110": "20.05",
        "201111": "19.76",
        "201112": "18.91",
        "201201": "18.41",
        "201202": "19.63",
        "201203": "20.62",
        "201204": "20.98",
        "201205": "20.40",
        "201206": "19.88",
        "201207": "19.40",
        "201208": "19.20",
        "201209": "18.44",
        "201210": "16.95",
        "201211": "16.45",
        "201212": "17.29",
        "201301": "19.86",
        "201302": "20.86",
        "201303": "21.37",
        "201304": "20.96",
        "201305": "21.52",
        "201306": "20.88",
        "201307": "20.42",
        "201308": "20.70",
        "201309": "20.00",
        "201310": "19.71",
        "201311": "19.30",
        "201312": "20.15",
        "201401": "24.74",
        "201402": "31.17",
        "201403": "29.51",
        "201404": "30.67",
        "201405": "28.87",
        "201406": "29.04",
        "201407": "26.68",
        "201408": "23.12",
        "201409": "22.04",
        "201410": "20.01",
        "201411": "19.94",
        "201412": "20.89",
        "201501": "23.06",
        "201502": "22.53",
        "201503": "24.02",
        "201504": "24.50",
        "201505": "23.10",
        "201506": "19.72",
        "201507": "19.75",
        "201508": "17.21",
        "201509": "17.00",
        "201510": "17.44",
        "201511": "17.96",
        "201512": "17.88",
        "201601": "17.05",
        "201602": "17.59",
        "201603": "18.85",
        "201604": "18.09",
        "201605": "17.63",
        "201606": "17.70",
        "201607": "16.93",
        "201608": "17.67",
        "201609": "18.52",
        "201610": "18.05",
        "201611": "17.70",
        "201612": "17.62",
        "201701": "17.62",
        "201702": "17.72",
        "201703": "18.13",
        "201704": "18.90",
        "201705": "21.36",
        "201706": "19.81",
        "201707": "17.85",
        "201708": "18.51",
        "201709": "19.55",
        "201710": "19.53",
        "201711": "19.21",
        "201712": "19.17",
        "201801": "21.47",
        "201802": "19.88",
        "201803": "20.35",
        "201804": "20.91",
        "201805": "21.90",
        "201806": "37.34",
        "201807": "43.71",
        "201808": "36.59",
        "201809": "31.86",
        "201810": "23.26",
        "201811": "21.05",
        "201812": "21.89",
        "201901": "20.12",
        "201902": "21.60",
        "201903": "20.64",
        "201904": "22.53",
        "201905": "20.84",
        "201906": "20.88",
        "201907": "21.20",
        "201908": "20.46",
        "201909": "24.34",
        "201910": "27.54",
        "201911": "25.59",
        "201912": "27.78",
        "202001": "27.23",
        "202002": "26.68",
        "202003": "20.45",
        "202004": "21.06",
        "202005": "24.38",
        "202006": "24.43",
        "202007": "23.37",
        "202008": "21.42",
        "202009": "21.33",
        "202010": "22.04",
        "202011": "24.05",
        "202012": "26.30",
        "202101": "25.94",
        "202102": "26.17",
        "202103": "28.15",
        "202104": "29.64",
        "202105": "25.62",
        "202106": "26.32",
        "202107": "29.61",
        "202108": "25.95",
        "202109": "23.36",
        "202110": "23.10",
        "202111": "24.64",
        "202112": "24.34",
        "202201": "24.22",
        "202202": "23.72",
        "202203": "23.48",
        "202204": "23.53",
        "202205": "23.73",
        "202206": "23.99",
        "202207": "21.02",
        "202208": "22.44",
        "202209": "22.41",
        "202210": "20.68",
        "202211": "22.58",
        "202212": "24.55",
        "202301": "24.51",
        "202302": "25.28",
        "202303": "27.10",
        "202304": "26.94",
        "202305": "25.67",
        "202306": "25.96",
        "202307": "26.35",
        "202308": "24.74",
        "202309": "26.58",
        "202310": "26.87",
        "202311": "27.56",
        "202312": "27.50"
    },
    "quarters": {
        "20011": {
            "year_quarter": 20011,
            "year": 2001,
            "quarter": 1,
            "eps": 0.62,
            "eps_growth_year": null,
            "eps_4q": null,
            "eps_4q_growth_year": null,
            "roe": 3.55,
            "roe_4q": 3.55,
            "gross_profit": 27683,
            "gross_margin": 38.5,
            "gross_margin_4q_avg": 38.5,
            "net_income": 14790,
            "net_income_4q": null,
            "revenue": 71898,
            "revenue_4q": null,
            "common_shares": 240000,
            "book_valuer_per_share": 17.81,
            "book_valuer_per_share_4q_avg": 17.81,
            "equity": 427466,
            "current_ratio": 382.56,
            "debt_ratio": 15.26,
            "inventory_turnover_ratio": 0.69,
            "account_receivable_turnover_ratio": null,
            "reinvestment_rate": null,
            "research_to_sale_ratio": null,
            "price_fair": 0,
            "eps_avg_yearly": 0,
            "eps_latest_yearly": 0,
            "eps_growth_yearly": 0
        },
        "20012": {
            "year_quarter": 20012,
            "year": 2001,
            "quarter": 2,
            "eps": 0.46,
            "eps_growth_year": null,
            "eps_4q": null,
            "eps_4q_growth_year": null,
            "roe": 3.47,
            "roe_4q": 7.02,
            "gross_profit": 17378,
            "gross_margin": 28.71,
            "gross_margin_4q_avg": 33.61,
            "net_income": 14600,
            "net_income_4q": null,
            "revenue": 60538,
            "revenue_4q": null,
            "common_shares": 320000,
            "book_valuer_per_share": 12.95,
            "book_valuer_per_share_4q_avg": 15.38,
            "equity": 414476,
            "current_ratio": 339.43,
            "debt_ratio": 15.44,
            "inventory_turnover_ratio": 0.74,
            "account_receivable_turnover_ratio": null,
            "reinvestment_rate": null,
            "research_to_sale_ratio": null,
            "price_fair": 0,
            "eps_avg_yearly": 0,
            "eps_latest_yearly": 0,
            "eps_growth_yearly": 0
        },
        "20013": {
            "year_quarter": 20013,
            "year": 2001,
            "quarter": 3,
            "eps": 0.52,
            "eps_growth_year": null,
            "eps_4q": null,
            "eps_4q_growth_year": null,
            "roe": 3.96,
            "roe_4q": 10.98,
            "gross_profit": 26730,
            "gross_margin": 39.03,
            "gross_margin_4q_avg": 35.41,
            "net_income": 16499,
            "net_income_4q": null,
            "revenue": 68483,
            "revenue_4q": null,
            "common_shares": 320000,
            "book_valuer_per_share": 13.12,
            "book_valuer_per_share_4q_avg": 14.63,
            "equity": 419854,
            "current_ratio": 361.36,
            "debt_ratio": 14.8,
            "inventory_turnover_ratio": 0.69,
            "account_receivable_turnover_ratio": null,
            "reinvestment_rate": null,
            "research_to_sale_ratio": null,
            "price_fair": 0,
            "eps_avg_yearly": 0,
            "eps_latest_yearly": 0,
            "eps_growth_yearly": 0
        },
        "20014": {
            "year_quarter": 20014,
            "year": 2001,
            "quarter": 4,
            "eps": 0.41,
            "eps_growth_year": null,
            "eps_4q": 1.83,
            "eps_4q_growth_year": null,
            "roe": 3.06,
            "roe_4q": 14.04,
            "gross_profit": 31431,
            "gross_margin": 46.61,
            "gross_margin_4q_avg": 38.21,
            "net_income": 13274,
            "net_income_4q": null,
            "revenue": 67438,
            "revenue_4q": null,
            "common_shares": 320000,
            "book_valuer_per_share": 13.97,
            "book_valuer_per_share_4q_avg": 14.46,
            "equity": 447088,
            "current_ratio": 372.51,
            "debt_ratio": 14.79,
            "inventory_turnover_ratio": 0.49,
            "account_receivable_turnover_ratio": null,
            "reinvestment_rate": null,
            "research_to_sale_ratio": null,
            "price_fair": 0,
            "eps_avg_yearly": 0,
            "eps_latest_yearly": 0,
            "eps_growth_yearly": 0
        },
        "20021": {
            "year_quarter": 20021,
            "year": 2002,
            "quarter": 1,
            "eps": 0.83,
            "eps_growth_year": 33.87,
            "eps_4q": 2.21,
            "eps_4q_growth_year": null,
            "roe": 5.79,
            "roe_4q": 16.279999999999998,
            "gross_profit": 37178,
            "gross_margin": 44.69,
            "gross_margin_4q_avg": 39.76,
            "net_income": 26615,
            "net_income_4q": null,
            "revenue": 83193,
            "revenue_4q": null,
            "common_shares": 320000,
            "book_valuer_per_share": 14.76,
            "book_valuer_per_share_4q_avg": 13.7,
            "equity": 472364,
            "current_ratio": 435.88,
            "debt_ratio": 12.23,
            "inventory_turnover_ratio": 0.61,
            "account_receivable_turnover_ratio": null,
            "reinvestment_rate": null,
            "research_to_sale_ratio": null,
            "price_fair": 116.2,
            "eps_avg_yearly": 3.32,
            "eps_latest_yearly": 3.32,
            "eps_growth_yearly": 409.76
        },
        "20022": {
            "year_quarter": 20022,
            "year": 2002,
            "quarter": 2,
            "eps": 0.45,
            "eps_growth_year": -2.17,
            "eps_4q": 2.2,
            "eps_4q_growth_year": null,
            "roe": 3.04,
            "roe_4q": 15.850000000000001,
            "gross_profit": 40249,
            "gross_margin": 49.13,
            "gross_margin_4q_avg": 44.87,
            "net_income": 14493,
            "net_income_4q": null,
            "revenue": 81927,
            "revenue_4q": null,
            "common_shares": 320000,
            "book_valuer_per_share": 15.07,
            "book_valuer_per_share_4q_avg": 14.23,
            "equity": 482093,
            "current_ratio": 360.47,
            "debt_ratio": 15.72,
            "inventory_turnover_ratio": 0.6,
            "account_receivable_turnover_ratio": null,
            "reinvestment_rate": null,
            "research_to_sale_ratio": null,
            "price_fair": 89.6,
            "eps_avg_yearly": 2.56,
            "eps_latest_yearly": 1.8,
            "eps_growth_yearly": 113.31
        },
        "20023": {
            "year_quarter": 20023,
            "year": 2002,
            "quarter": 3,
            "eps": 0.51,
            "eps_growth_year": -1.92,
            "eps_4q": 1.97,
            "eps_4q_growth_year": null,
            "roe": 3.86,
            "roe_4q": 15.750000000000002,
            "gross_profit": 33045,
            "gross_margin": 41.15,
            "gross_margin_4q_avg": 45.4,
            "net_income": 19035,
            "net_income_4q": null,
            "revenue": 80299,
            "revenue_4q": null,
            "common_shares": 372000,
            "book_valuer_per_share": 13.56,
            "book_valuer_per_share_4q_avg": 14.34,
            "equity": 504598,
            "current_ratio": 702.32,
            "debt_ratio": 38.87,
            "inventory_turnover_ratio": 0.64,
            "account_receivable_turnover_ratio": null,
            "reinvestment_rate": null,
            "research_to_sale_ratio": null,
            "price_fair": 83.53,
            "eps_avg_yearly": 2.39,
            "eps_latest_yearly": 2.04,
            "eps_growth_yearly": 93.32
        },
        "20024": {
            "year_quarter": 20024,
            "year": 2002,
            "quarter": 4,
            "eps": 1.1,
            "eps_growth_year": 168.29,
            "eps_4q": 2.71,
            "eps_4q_growth_year": 48.49,
            "roe": 7.8,
            "roe_4q": 20.49,
            "gross_profit": 35384,
            "gross_margin": 45.43,
            "gross_margin_4q_avg": 45.1,
            "net_income": 41001,
            "net_income_4q": null,
            "revenue": 77891,
            "revenue_4q": null,
            "common_shares": 372000,
            "book_valuer_per_share": 14.68,
            "book_valuer_per_share_4q_avg": 14.52,
            "equity": 546279,
            "current_ratio": 585.57,
            "debt_ratio": 38.5,
            "inventory_turnover_ratio": 0.45,
            "account_receivable_turnover_ratio": null,
            "reinvestment_rate": null,
            "research_to_sale_ratio": null,
            "price_fair": 101.15,
            "eps_avg_yearly": 2.89,
            "eps_latest_yearly": 4.4,
            "eps_growth_yearly": 185.68
        },
        "20031": {
            "year_quarter": 20031,
            "year": 2003,
            "quarter": 1,
            "eps": 0.67,
            "eps_growth_year": -19.28,
            "eps_4q": 2.66,
            "eps_4q_growth_year": 20.27,
            "roe": 4.49,
            "roe_4q": 19.189999999999998,
            "gross_profit": 32005,
            "gross_margin": 40.72,
            "gross_margin_4q_avg": 44.11,
            "net_income": 25062,
            "net_income_4q": null,
            "revenue": 78592,
            "revenue_4q": null,
            "common_shares": 372000,
            "book_valuer_per_share": 15.33,
            "book_valuer_per_share_4q_avg": 14.66,
            "equity": 570198,
            "current_ratio": 763.33,
            "debt_ratio": 36.51,
            "inventory_turnover_ratio": 0.47,
            "account_receivable_turnover_ratio": null,
            "reinvestment_rate": null,
            "research_to_sale_ratio": null,
            "price_fair": 99.68,
            "eps_avg_yearly": 2.85,
            "eps_latest_yearly": 2.68,
            "eps_growth_yearly": 117.27
        },
        "20032": {
            "year_quarter": 20032,
            "year": 2003,
            "quarter": 2,
            "eps": 0.64,
            "eps_growth_year": 42.22,
            "eps_4q": 2.61,
            "eps_4q_growth_year": 18.5,
            "roe": 4.83,
            "roe_4q": 20.98,
            "gross_profit": 34501,
            "gross_margin": 41.57,
            "gross_margin_4q_avg": 42.22,
            "net_income": 27676,
            "net_income_4q": null,
            "revenue": 82990,
            "revenue_4q": null,
            "common_shares": 372000,
            "book_valuer_per_share": 15.51,
            "book_valuer_per_share_4q_avg": 14.77,
            "equity": 576933,
            "current_ratio": 538.9,
            "debt_ratio": 38.51,
            "inventory_turnover_ratio": 0.57,
            "account_receivable_turnover_ratio": null,
            "reinvestment_rate": null,
            "research_to_sale_ratio": null,
            "price_fair": 98,
            "eps_avg_yearly": 2.8,
            "eps_latest_yearly": 2.56,
            "eps_growth_yearly": 94.74
        },
        "20033": {
            "year_quarter": 20033,
            "year": 2003,
            "quarter": 3,
            "eps": 0.79,
            "eps_growth_year": 54.9,
            "eps_4q": 2.97,
            "eps_4q_growth_year": 51.04,
            "roe": 5.74,
            "roe_4q": 22.86,
            "gross_profit": 43418,
            "gross_margin": 41.65,
            "gross_margin_4q_avg": 42.34,
            "net_income": 33954,
            "net_income_4q": null,
            "revenue": 104239,
            "revenue_4q": null,
            "common_shares": 432300,
            "book_valuer_per_share": 14.01,
            "book_valuer_per_share_4q_avg": 14.88,
            "equity": 605544,
            "current_ratio": 673.47,
            "debt_ratio": 36.07,
            "inventory_turnover_ratio": 0.72,
            "account_receivable_turnover_ratio": null,
            "reinvestment_rate": null,
            "research_to_sale_ratio": null,
            "price_fair": 99.8,
            "eps_avg_yearly": 2.85,
            "eps_latest_yearly": 3.16,
            "eps_growth_yearly": 94.6
        },
        "20034": {
            "year_quarter": 20034,
            "year": 2003,
            "quarter": 4,
            "eps": 0.74,
            "eps_growth_year": -32.73,
            "eps_4q": 2.75,
            "eps_4q_growth_year": 1.22,
            "roe": 5.13,
            "roe_4q": 20.19,
            "gross_profit": 49242,
            "gross_margin": 38.35,
            "gross_margin_4q_avg": 40.57,
            "net_income": 31971,
            "net_income_4q": null,
            "revenue": 128408,
            "revenue_4q": null,
            "common_shares": 432620,
            "book_valuer_per_share": 14.8,
            "book_valuer_per_share_4q_avg": 14.91,
            "equity": 640116,
            "current_ratio": 646.13,
            "debt_ratio": 37.12,
            "inventory_turnover_ratio": 0.8,
            "account_receivable_turnover_ratio": null,
            "reinvestment_rate": null,
            "research_to_sale_ratio": null,
            "price_fair": 100.28,
            "eps_avg_yearly": 2.87,
            "eps_latest_yearly": 2.96,
            "eps_growth_yearly": 79.61
        },
        "20041": {
            "year_quarter": 20041,
            "year": 2004,
            "quarter": 1,
            "eps": 0.88,
            "eps_growth_year": 31.34,
            "eps_4q": 3.05,
            "eps_4q_growth_year": 14.43,
            "roe": 5.79,
            "roe_4q": 21.490000000000002,
            "gross_profit": 41247,
            "gross_margin": 38.32,
            "gross_margin_4q_avg": 39.97,
            "net_income": 38019,
            "net_income_4q": null,
            "revenue": 107625,
            "revenue_4q": null,
            "common_shares": 432678,
            "book_valuer_per_share": 15.54,
            "book_valuer_per_share_4q_avg": 14.97,
            "equity": 672279,
            "current_ratio": 558.34,
            "debt_ratio": 36.59,
            "inventory_turnover_ratio": 0.68,
            "account_receivable_turnover_ratio": null,
            "reinvestment_rate": null,
            "research_to_sale_ratio": null,
            "price_fair": 102.82,
            "eps_avg_yearly": 2.94,
            "eps_latest_yearly": 3.52,
            "eps_growth_yearly": 79.17
        },
        "20042": {
            "year_quarter": 20042,
            "year": 2004,
            "quarter": 2,
            "eps": 0.95,
            "eps_growth_year": 48.44,
            "eps_4q": 3.35,
            "eps_4q_growth_year": 28.5,
            "roe": 6.02,
            "roe_4q": 22.68,
            "gross_profit": 51631,
            "gross_margin": 36.19,
            "gross_margin_4q_avg": 38.63,
            "net_income": 41126,
            "net_income_4q": null,
            "revenue": 142668,
            "revenue_4q": null,
            "common_shares": 432678,
            "book_valuer_per_share": 16.02,
            "book_valuer_per_share_4q_avg": 15.09,
            "equity": 693180,
            "current_ratio": 410.75,
            "debt_ratio": 38.21,
            "inventory_turnover_ratio": 1.13,
            "account_receivable_turnover_ratio": null,
            "reinvestment_rate": null,
            "research_to_sale_ratio": null,
            "price_fair": 105.84,
            "eps_avg_yearly": 3.02,
            "eps_latest_yearly": 3.8,
            "eps_growth_yearly": 74.44
        },
        "20043": {
            "year_quarter": 20043,
            "year": 2004,
            "quarter": 3,
            "eps": 1.13,
            "eps_growth_year": 43.04,
            "eps_4q": 3.34,
            "eps_4q_growth_year": 12.29,
            "roe": 7.88,
            "roe_4q": 24.819999999999997,
            "gross_profit": 59277,
            "gross_margin": 39.55,
            "gross_margin_4q_avg": 38.1,
            "net_income": 56917,
            "net_income_4q": null,
            "revenue": 149860,
            "revenue_4q": null,
            "common_shares": 502080,
            "book_valuer_per_share": 14.97,
            "book_valuer_per_share_4q_avg": 15.33,
            "equity": 751593,
            "current_ratio": 475.79,
            "debt_ratio": 36.16,
            "inventory_turnover_ratio": 1.07,
            "account_receivable_turnover_ratio": null,
            "reinvestment_rate": null,
            "research_to_sale_ratio": null,
            "price_fair": 110.6,
            "eps_avg_yearly": 3.16,
            "eps_latest_yearly": 4.52,
            "eps_growth_yearly": 74.56
        },
        "20044": {
            "year_quarter": 20044,
            "year": 2004,
            "quarter": 4,
            "eps": 0.56,
            "eps_growth_year": -24.32,
            "eps_4q": 3.28,
            "eps_4q_growth_year": 19.42,
            "roe": 3.7,
            "roe_4q": 23.39,
            "gross_profit": 45105,
            "gross_margin": 35.87,
            "gross_margin_4q_avg": 37.48,
            "net_income": 28014,
            "net_income_4q": null,
            "revenue": 125742,
            "revenue_4q": null,
            "common_shares": 502080,
            "book_valuer_per_share": 15.23,
            "book_valuer_per_share_4q_avg": 15.44,
            "equity": 764577,
            "current_ratio": 213.37,
            "debt_ratio": 35.73,
            "inventory_turnover_ratio": 0.6,
            "account_receivable_turnover_ratio": null,
            "reinvestment_rate": 17.41,
            "research_to_sale_ratio": null,
            "price_fair": 107.92,
            "eps_avg_yearly": 3.08,
            "eps_latest_yearly": 2.24,
            "eps_growth_yearly": 51.53
        },
        "20051": {
            "year_quarter": 20051,
            "year": 2005,
            "quarter": 1,
            "eps": 0.69,
            "eps_growth_year": -21.59,
            "eps_4q": 3.21,
            "eps_4q_growth_year": 5.49,
            "roe": 4.42,
            "roe_4q": 22.02,
            "gross_profit": 53350,
            "gross_margin": 38.69,
            "gross_margin_4q_avg": 37.58,
            "net_income": 34462,
            "net_income_4q": null,
            "revenue": 137884,
            "revenue_4q": null,
            "common_shares": 502080,
            "book_valuer_per_share": 15.86,
            "book_valuer_per_share_4q_avg": 15.52,
            "equity": 796156,
            "current_ratio": 189.52,
            "debt_ratio": 34.56,
            "inventory_turnover_ratio": 0.6,
            "account_receivable_turnover_ratio": null,
            "reinvestment_rate": 9.16,
            "research_to_sale_ratio": null,
            "price_fair": 107.05,
            "eps_avg_yearly": 3.06,
            "eps_latest_yearly": 2.76,
            "eps_growth_yearly": 54.71
        },
        "20052": {
            "year_quarter": 20052,
            "year": 2005,
            "quarter": 2,
            "eps": 0.54,
            "eps_growth_year": -43.16,
            "eps_4q": 2.91,
            "eps_4q_growth_year": -13.24,
            "roe": 3.43,
            "roe_4q": 19.43,
            "gross_profit": 54876,
            "gross_margin": 44.95,
            "gross_margin_4q_avg": 39.77,
            "net_income": 27234,
            "net_income_4q": null,
            "revenue": 122093,
            "revenue_4q": null,
            "common_shares": 502080,
            "book_valuer_per_share": 15.81,
            "book_valuer_per_share_4q_avg": 15.47,
            "equity": 793810,
            "current_ratio": 181.57,
            "debt_ratio": 36.43,
            "inventory_turnover_ratio": 0.63,
            "account_receivable_turnover_ratio": null,
            "reinvestment_rate": 8.79,
            "research_to_sale_ratio": null,
            "price_fair": 104.8,
            "eps_avg_yearly": 2.99,
            "eps_latest_yearly": 2.16,
            "eps_growth_yearly": 44.59
        },
        "20053": {
            "year_quarter": 20053,
            "year": 2005,
            "quarter": 3,
            "eps": 1.07,
            "eps_growth_year": -5.31,
            "eps_4q": 2.55,
            "eps_4q_growth_year": -23.66,
            "roe": 7.78,
            "roe_4q": 19.330000000000002,
            "gross_profit": 66881,
            "gross_margin": 42.68,
            "gross_margin_4q_avg": 40.55,
            "net_income": 65001,
            "net_income_4q": null,
            "revenue": 156701,
            "revenue_4q": null,
            "common_shares": 608987,
            "book_valuer_per_share": 14.41,
            "book_valuer_per_share_4q_avg": 15.33,
            "equity": 877737,
            "current_ratio": 121.75,
            "debt_ratio": 39.73,
            "inventory_turnover_ratio": 0.83,
            "account_receivable_turnover_ratio": null,
            "reinvestment_rate": 44.47,
            "research_to_sale_ratio": null,
            "price_fair": 107.8,
            "eps_avg_yearly": 3.08,
            "eps_latest_yearly": 4.28,
            "eps_growth_yearly": 67.79
        },
        "20054": {
            "year_quarter": 20054,
            "year": 2005,
            "quarter": 4,
            "eps": 0.55,
            "eps_growth_year": -1.79,
            "eps_4q": 2.63,
            "eps_4q_growth_year": -19.89,
            "roe": 3.74,
            "roe_4q": 19.369999999999997,
            "gross_profit": 57658,
            "gross_margin": 39.62,
            "gross_margin_4q_avg": 41.49,
            "net_income": 33542,
            "net_income_4q": null,
            "revenue": 145528,
            "revenue_4q": null,
            "common_shares": 608987,
            "book_valuer_per_share": 14.9,
            "book_valuer_per_share_4q_avg": 15.25,
            "equity": 914018,
            "current_ratio": 181.7,
            "debt_ratio": 37.58,
            "inventory_turnover_ratio": 0.62,
            "account_receivable_turnover_ratio": null,
            "reinvestment_rate": 52,
            "research_to_sale_ratio": null,
            "price_fair": 105.88,
            "eps_avg_yearly": 3.03,
            "eps_latest_yearly": 2.2,
            "eps_growth_yearly": 51.4
        },
        "20061": {
            "year_quarter": 20061,
            "year": 2006,
            "quarter": 1,
            "eps": 0.81,
            "eps_growth_year": 17.39,
            "eps_4q": 2.86,
            "eps_4q_growth_year": -10.95,
            "roe": 4.82,
            "roe_4q": 19.77,
            "gross_profit": 56490,
            "gross_margin": 41.81,
            "gross_margin_4q_avg": 42.27,
            "net_income": 49648,
            "net_income_4q": null,
            "revenue": 135114,
            "revenue_4q": null,
            "common_shares": 623618,
            "book_valuer_per_share": 18.38,
            "book_valuer_per_share_4q_avg": 15.88,
            "equity": 1146336,
            "current_ratio": 161.01,
            "debt_ratio": 29.11,
            "inventory_turnover_ratio": 0.48,
            "account_receivable_turnover_ratio": null,
            "reinvestment_rate": 48.07,
            "research_to_sale_ratio": null,
            "price_fair": 105.7,
            "eps_avg_yearly": 3.02,
            "eps_latest_yearly": 3.24,
            "eps_growth_yearly": 37.61
        },
        "20062": {
            "year_quarter": 20062,
            "year": 2006,
            "quarter": 2,
            "eps": 0.53,
            "eps_growth_year": -1.85,
            "eps_4q": 2.93,
            "eps_4q_growth_year": 0.88,
            "roe": 2.95,
            "roe_4q": 19.290000000000003,
            "gross_profit": 63087,
            "gross_margin": 39.16,
            "gross_margin_4q_avg": 40.82,
            "net_income": 32686,
            "net_income_4q": null,
            "revenue": 161099,
            "revenue_4q": null,
            "common_shares": 623618,
            "book_valuer_per_share": 17.1,
            "book_valuer_per_share_4q_avg": 16.2,
            "equity": 1066264,
            "current_ratio": 136.24,
            "debt_ratio": 34.3,
            "inventory_turnover_ratio": 0.66,
            "account_receivable_turnover_ratio": null,
            "reinvestment_rate": 48.33,
            "research_to_sale_ratio": null,
            "price_fair": 106.4,
            "eps_avg_yearly": 3.04,
            "eps_latest_yearly": 2.12,
            "eps_growth_yearly": 40.42
        },
        "20063": {
            "year_quarter": 20063,
            "year": 2006,
            "quarter": 3,
            "eps": 1.08,
            "eps_growth_year": 0.93,
            "eps_4q": 2.85,
            "eps_4q_growth_year": 11.88,
            "roe": 6.27,
            "roe_4q": 17.78,
            "gross_profit": 72474,
            "gross_margin": 44.21,
            "gross_margin_4q_avg": 41.2,
            "net_income": 70729,
            "net_income_4q": null,
            "revenue": 163924,
            "revenue_4q": null,
            "common_shares": 660635,
            "book_valuer_per_share": 18.01,
            "book_valuer_per_share_4q_avg": 17.1,
            "equity": 1189651,
            "current_ratio": 164.04,
            "debt_ratio": 28.43,
            "inventory_turnover_ratio": 0.61,
            "account_receivable_turnover_ratio": null,
            "reinvestment_rate": 43.08,
            "research_to_sale_ratio": null,
            "price_fair": 111.39,
            "eps_avg_yearly": 3.18,
            "eps_latest_yearly": 4.32,
            "eps_growth_yearly": 63.03
        },
        "20064": {
            "year_quarter": 20064,
            "year": 2006,
            "quarter": 4,
            "eps": 0.9,
            "eps_growth_year": 63.64,
            "eps_4q": 3.22,
            "eps_4q_growth_year": 22.56,
            "roe": 4.77,
            "roe_4q": 18.81,
            "gross_profit": 68830,
            "gross_margin": 43.58,
            "gross_margin_4q_avg": 42.19,
            "net_income": 59372,
            "net_income_4q": null,
            "revenue": 157931,
            "revenue_4q": null,
            "common_shares": 666548,
            "book_valuer_per_share": 19.43,
            "book_valuer_per_share_4q_avg": 18.23,
            "equity": 1301182,
            "current_ratio": 312.43,
            "debt_ratio": 22.27,
            "inventory_turnover_ratio": 0.46,
            "account_receivable_turnover_ratio": null,
            "reinvestment_rate": 38.48,
            "research_to_sale_ratio": null,
            "price_fair": 109.64,
            "eps_avg_yearly": 3.13,
            "eps_latest_yearly": 3.6,
            "eps_growth_yearly": 29.94
        },
        "20071": {
            "year_quarter": 20071,
            "year": 2007,
            "quarter": 1,
            "eps": 0.83,
            "eps_growth_year": 2.47,
            "eps_4q": 3.26,
            "eps_4q_growth_year": 13.76,
            "roe": 4.11,
            "roe_4q": 18.099999999999998,
            "gross_profit": 65882,
            "gross_margin": 43.21,
            "gross_margin_4q_avg": 42.54,
            "net_income": 55698,
            "net_income_4q": null,
            "revenue": 152465,
            "revenue_4q": null,
            "common_shares": 667418,
            "book_valuer_per_share": 21.07,
            "book_valuer_per_share_4q_avg": 18.9,
            "equity": 1406264,
            "current_ratio": 246.02,
            "debt_ratio": 20.22,
            "inventory_turnover_ratio": 0.42,
            "account_receivable_turnover_ratio": null,
            "reinvestment_rate": 33.7,
            "research_to_sale_ratio": null,
            "price_fair": 111.04,
            "eps_avg_yearly": 3.17,
            "eps_latest_yearly": 3.32,
            "eps_growth_yearly": 37.77
        },
        "20072": {
            "year_quarter": 20072,
            "year": 2007,
            "quarter": 2,
            "eps": 0.66,
            "eps_growth_year": 24.53,
            "eps_4q": 3.42,
            "eps_4q_growth_year": 16.72,
            "roe": 3.21,
            "roe_4q": 18.36,
            "gross_profit": 68104,
            "gross_margin": 38.89,
            "gross_margin_4q_avg": 42.47,
            "net_income": 44379,
            "net_income_4q": null,
            "revenue": 175122,
            "revenue_4q": null,
            "common_shares": 715766,
            "book_valuer_per_share": 19.02,
            "book_valuer_per_share_4q_avg": 19.38,
            "equity": 1361146,
            "current_ratio": 222.82,
            "debt_ratio": 22.66,
            "inventory_turnover_ratio": 0.61,
            "account_receivable_turnover_ratio": null,
            "reinvestment_rate": 33.09,
            "research_to_sale_ratio": null,
            "price_fair": 111.21,
            "eps_avg_yearly": 3.18,
            "eps_latest_yearly": 2.64,
            "eps_growth_yearly": 33.77
        },
        "20073": {
            "year_quarter": 20073,
            "year": 2007,
            "quarter": 3,
            "eps": 1.07,
            "eps_growth_year": -0.93,
            "eps_4q": 3.3,
            "eps_4q_growth_year": 15.69,
            "roe": 5.4,
            "roe_4q": 17.49,
            "gross_profit": 98769,
            "gross_margin": 44.67,
            "gross_margin_4q_avg": 42.59,
            "net_income": 76628,
            "net_income_4q": null,
            "revenue": 221115,
            "revenue_4q": null,
            "common_shares": 748976,
            "book_valuer_per_share": 19.73,
            "book_valuer_per_share_4q_avg": 19.81,
            "equity": 1477594,
            "current_ratio": 258.37,
            "debt_ratio": 19.24,
            "inventory_turnover_ratio": 0.73,
            "account_receivable_turnover_ratio": null,
            "reinvestment_rate": 34.22,
            "research_to_sale_ratio": null,
            "price_fair": 113.66,
            "eps_avg_yearly": 3.25,
            "eps_latest_yearly": 4.28,
            "eps_growth_yearly": 43.44
        },
        "20074": {
            "year_quarter": 20074,
            "year": 2007,
            "quarter": 4,
            "eps": 0.74,
            "eps_growth_year": -17.78,
            "eps_4q": 3.17,
            "eps_4q_growth_year": -1.66,
            "roe": 3.65,
            "roe_4q": 16.37,
            "gross_profit": 95453,
            "gross_margin": 45.77,
            "gross_margin_4q_avg": 43.14,
            "net_income": 53884,
            "net_income_4q": null,
            "revenue": 208537,
            "revenue_4q": null,
            "common_shares": 748976,
            "book_valuer_per_share": 19.66,
            "book_valuer_per_share_4q_avg": 19.87,
            "equity": 1472135,
            "current_ratio": 386.69,
            "debt_ratio": 18.38,
            "inventory_turnover_ratio": 0.56,
            "account_receivable_turnover_ratio": null,
            "reinvestment_rate": 36.95,
            "research_to_sale_ratio": null,
            "price_fair": 113.66,
            "eps_avg_yearly": 3.25,
            "eps_latest_yearly": 2.96,
            "eps_growth_yearly": 37.31
        },
        "20081": {
            "year_quarter": 20081,
            "year": 2008,
            "quarter": 1,
            "eps": 0.43,
            "eps_growth_year": -48.19,
            "eps_4q": 2.76,
            "eps_4q_growth_year": -15.25,
            "roe": 2.21,
            "roe_4q": 14.469999999999999,
            "gross_profit": 90116,
            "gross_margin": 41.24,
            "gross_margin_4q_avg": 42.64,
            "net_income": 32286,
            "net_income_4q": null,
            "revenue": 218535,
            "revenue_4q": null,
            "common_shares": 748976,
            "book_valuer_per_share": 19.35,
            "book_valuer_per_share_4q_avg": 19.44,
            "equity": 1449255,
            "current_ratio": 432.7,
            "debt_ratio": 16.95,
            "inventory_turnover_ratio": 0.53,
            "account_receivable_turnover_ratio": null,
            "reinvestment_rate": 49.37,
            "research_to_sale_ratio": null,
            "price_fair": 100.65,
            "eps_avg_yearly": 3.14,
            "eps_latest_yearly": 1.72,
            "eps_growth_yearly": 22.11
        },
        "20082": {
            "year_quarter": 20082,
            "year": 2008,
            "quarter": 2,
            "eps": 0.65,
            "eps_growth_year": -1.52,
            "eps_4q": 2.83,
            "eps_4q_growth_year": -17.31,
            "roe": 3.57,
            "roe_4q": 14.83,
            "gross_profit": 97014,
            "gross_margin": 41.71,
            "gross_margin_4q_avg": 43.35,
            "net_income": 48526,
            "net_income_4q": null,
            "revenue": 232607,
            "revenue_4q": null,
            "common_shares": 748976,
            "book_valuer_per_share": 16.99,
            "book_valuer_per_share_4q_avg": 18.93,
            "equity": 1272710,
            "current_ratio": 262.36,
            "debt_ratio": 26.39,
            "inventory_turnover_ratio": 0.54,
            "account_receivable_turnover_ratio": null,
            "reinvestment_rate": 50.65,
            "research_to_sale_ratio": null,
            "price_fair": 107.1,
            "eps_avg_yearly": 3.06,
            "eps_latest_yearly": 2.6,
            "eps_growth_yearly": 32.91
        },
        "20083": {
            "year_quarter": 20083,
            "year": 2008,
            "quarter": 3,
            "eps": 0.75,
            "eps_growth_year": -29.91,
            "eps_4q": 2.5,
            "eps_4q_growth_year": -24.26,
            "roe": 4.45,
            "roe_4q": 13.88,
            "gross_profit": 105825,
            "gross_margin": 43.61,
            "gross_margin_4q_avg": 43.08,
            "net_income": 57829,
            "net_income_4q": null,
            "revenue": 242651,
            "revenue_4q": null,
            "common_shares": 770956,
            "book_valuer_per_share": 17.23,
            "book_valuer_per_share_4q_avg": 18.31,
            "equity": 1328100,
            "current_ratio": 396.88,
            "debt_ratio": 18.64,
            "inventory_turnover_ratio": 0.54,
            "account_receivable_turnover_ratio": null,
            "reinvestment_rate": 50.12,
            "research_to_sale_ratio": null,
            "price_fair": 103.78,
            "eps_avg_yearly": 2.97,
            "eps_latest_yearly": 3,
            "eps_growth_yearly": 32.02
        },
        "20084": {
            "year_quarter": 20084,
            "year": 2008,
            "quarter": 4,
            "eps": 0.27,
            "eps_growth_year": -63.51,
            "eps_4q": 2.09,
            "eps_4q_growth_year": -33.98,
            "roe": 1.56,
            "roe_4q": 11.79,
            "gross_profit": 61674,
            "gross_margin": 37.07,
            "gross_margin_4q_avg": 40.91,
            "net_income": 20560,
            "net_income_4q": null,
            "revenue": 166387,
            "revenue_4q": null,
            "common_shares": 770956,
            "book_valuer_per_share": 17.04,
            "book_valuer_per_share_4q_avg": 17.65,
            "equity": 1313746,
            "current_ratio": 571.84,
            "debt_ratio": 14.27,
            "inventory_turnover_ratio": 0.41,
            "account_receivable_turnover_ratio": 1.36,
            "reinvestment_rate": 38.81,
            "research_to_sale_ratio": null,
            "price_fair": 101.24,
            "eps_avg_yearly": 2.89,
            "eps_latest_yearly": 1.08,
            "eps_growth_yearly": 28.63
        },
        "20091": {
            "year_quarter": 20091,
            "year": 2009,
            "quarter": 1,
            "eps": 0.32,
            "eps_growth_year": -25.58,
            "eps_4q": 1.98,
            "eps_4q_growth_year": -28.35,
            "roe": 1.81,
            "roe_4q": 11.39,
            "gross_profit": 47747,
            "gross_margin": 30.95,
            "gross_margin_4q_avg": 38.34,
            "net_income": 24511,
            "net_income_4q": null,
            "revenue": 154264,
            "revenue_4q": null,
            "common_shares": 770956,
            "book_valuer_per_share": 18.01,
            "book_valuer_per_share_4q_avg": 17.32,
            "equity": 1388667,
            "current_ratio": 686.29,
            "debt_ratio": 12.38,
            "inventory_turnover_ratio": 0.45,
            "account_receivable_turnover_ratio": 0.68,
            "reinvestment_rate": 49.44,
            "research_to_sale_ratio": null,
            "price_fair": 98,
            "eps_avg_yearly": 2.8,
            "eps_latest_yearly": 1.28,
            "eps_growth_yearly": 27.45
        },
        "20092": {
            "year_quarter": 20092,
            "year": 2009,
            "quarter": 2,
            "eps": 0.68,
            "eps_growth_year": 4.62,
            "eps_4q": 2.02,
            "eps_4q_growth_year": -28.68,
            "roe": 3.81,
            "roe_4q": 11.629999999999999,
            "gross_profit": 67921,
            "gross_margin": 41.36,
            "gross_margin_4q_avg": 38.25,
            "net_income": 52265,
            "net_income_4q": null,
            "revenue": 164237,
            "revenue_4q": null,
            "common_shares": 770956,
            "book_valuer_per_share": 17.62,
            "book_valuer_per_share_4q_avg": 17.48,
            "equity": 1358232,
            "current_ratio": 385.5,
            "debt_ratio": 18.59,
            "inventory_turnover_ratio": 0.44,
            "account_receivable_turnover_ratio": 0.75,
            "reinvestment_rate": 45.43,
            "research_to_sale_ratio": null,
            "price_fair": 99.23,
            "eps_avg_yearly": 2.84,
            "eps_latest_yearly": 2.72,
            "eps_growth_yearly": 61.01
        },
        "20093": {
            "year_quarter": 20093,
            "year": 2009,
            "quarter": 3,
            "eps": 0.84,
            "eps_growth_year": 12,
            "eps_4q": 2.09,
            "eps_4q_growth_year": -16.3,
            "roe": 4.65,
            "roe_4q": 11.830000000000002,
            "gross_profit": 94501,
            "gross_margin": 40.5,
            "gross_margin_4q_avg": 37.47,
            "net_income": 65412,
            "net_income_4q": null,
            "revenue": 233323,
            "revenue_4q": null,
            "common_shares": 783790,
            "book_valuer_per_share": 18.53,
            "book_valuer_per_share_4q_avg": 17.8,
            "equity": 1452420,
            "current_ratio": 400.8,
            "debt_ratio": 18.18,
            "inventory_turnover_ratio": 0.7,
            "account_receivable_turnover_ratio": 0.9,
            "reinvestment_rate": 18.73,
            "research_to_sale_ratio": null,
            "price_fair": 97.21,
            "eps_avg_yearly": 2.78,
            "eps_latest_yearly": 3.36,
            "eps_growth_yearly": 42.36
        },
        "20094": {
            "year_quarter": 20094,
            "year": 2009,
            "quarter": 4,
            "eps": 0.83,
            "eps_growth_year": 207.41,
            "eps_4q": 2.64,
            "eps_4q_growth_year": 26.33,
            "roe": 4.31,
            "roe_4q": 14.580000000000002,
            "gross_profit": 78773,
            "gross_margin": 37.95,
            "gross_margin_4q_avg": 37.69,
            "net_income": 64820,
            "net_income_4q": null,
            "revenue": 207554,
            "revenue_4q": null,
            "common_shares": 783790,
            "book_valuer_per_share": 19.84,
            "book_valuer_per_share_4q_avg": 18.5,
            "equity": 1555223,
            "current_ratio": 583.71,
            "debt_ratio": 13.06,
            "inventory_turnover_ratio": 0.72,
            "account_receivable_turnover_ratio": 1.46,
            "reinvestment_rate": 90.61,
            "research_to_sale_ratio": null,
            "price_fair": 99.66,
            "eps_avg_yearly": 2.85,
            "eps_latest_yearly": 3.32,
            "eps_growth_yearly": 54.21
        },
        "20101": {
            "year_quarter": 20101,
            "year": 2010,
            "quarter": 1,
            "eps": 0.33,
            "eps_growth_year": 3.12,
            "eps_4q": 2.66,
            "eps_4q_growth_year": 34.4,
            "roe": 1.67,
            "roe_4q": 14.44,
            "gross_profit": 68277,
            "gross_margin": 38.43,
            "gross_margin_4q_avg": 39.56,
            "net_income": 25758,
            "net_income_4q": null,
            "revenue": 177686,
            "revenue_4q": null,
            "common_shares": 783790,
            "book_valuer_per_share": 19.6,
            "book_valuer_per_share_4q_avg": 18.9,
            "equity": 1536500,
            "current_ratio": 601.21,
            "debt_ratio": 13.25,
            "inventory_turnover_ratio": 0.62,
            "account_receivable_turnover_ratio": 0.68,
            "reinvestment_rate": 99.02,
            "research_to_sale_ratio": 1.6,
            "price_fair": 95.46,
            "eps_avg_yearly": 2.73,
            "eps_latest_yearly": 1.32,
            "eps_growth_yearly": 27.33
        },
        "20102": {
            "year_quarter": 20102,
            "year": 2010,
            "quarter": 2,
            "eps": 0.48,
            "eps_growth_year": -29.36,
            "eps_4q": 2.44,
            "eps_4q_growth_year": 20.83,
            "roe": 2.61,
            "roe_4q": 13.24,
            "gross_profit": 77455,
            "gross_margin": 40.92,
            "gross_margin_4q_avg": 39.45,
            "net_income": 38249,
            "net_income_4q": null,
            "revenue": 189270,
            "revenue_4q": null,
            "common_shares": 783790,
            "book_valuer_per_share": 17.75,
            "book_valuer_per_share_4q_avg": 18.93,
            "equity": 1391341,
            "current_ratio": 303.28,
            "debt_ratio": 22.65,
            "inventory_turnover_ratio": 0.59,
            "account_receivable_turnover_ratio": 0.79,
            "reinvestment_rate": 101.6,
            "research_to_sale_ratio": 1.97,
            "price_fair": 95.03,
            "eps_avg_yearly": 2.72,
            "eps_latest_yearly": 1.92,
            "eps_growth_yearly": 47.34
        },
        "20103": {
            "year_quarter": 20103,
            "year": 2010,
            "quarter": 3,
            "eps": 0.67,
            "eps_growth_year": -20.57,
            "eps_4q": 2.29,
            "eps_4q_growth_year": 9.34,
            "roe": 3.74,
            "roe_4q": 12.329999999999998,
            "gross_profit": 62035,
            "gross_margin": 34.02,
            "gross_margin_4q_avg": 37.83,
            "net_income": 53128,
            "net_income_4q": null,
            "revenue": 182348,
            "revenue_4q": null,
            "common_shares": 796267,
            "book_valuer_per_share": 18.19,
            "book_valuer_per_share_4q_avg": 18.85,
            "equity": 1448743,
            "current_ratio": 510.3,
            "debt_ratio": 14.2,
            "inventory_turnover_ratio": 0.58,
            "account_receivable_turnover_ratio": 0.78,
            "reinvestment_rate": 104.98,
            "research_to_sale_ratio": 1.98,
            "price_fair": 91.44,
            "eps_avg_yearly": 2.61,
            "eps_latest_yearly": 2.68,
            "eps_growth_yearly": 31.29
        },
        "20104": {
            "year_quarter": 20104,
            "year": 2010,
            "quarter": 4,
            "eps": 0.05,
            "eps_growth_year": -94.11,
            "eps_4q": 1.52,
            "eps_4q_growth_year": -42.45,
            "roe": 0.27,
            "roe_4q": 8.29,
            "gross_profit": 42864,
            "gross_margin": 32.46,
            "gross_margin_4q_avg": 36.46,
            "net_income": 3890,
            "net_income_4q": null,
            "revenue": 132072,
            "revenue_4q": null,
            "common_shares": 796267,
            "book_valuer_per_share": 17.76,
            "book_valuer_per_share_4q_avg": 18.33,
            "equity": 1413840,
            "current_ratio": 455.49,
            "debt_ratio": 15.61,
            "inventory_turnover_ratio": 0.44,
            "account_receivable_turnover_ratio": 0.63,
            "reinvestment_rate": 95.16,
            "research_to_sale_ratio": 1.98,
            "price_fair": 53.58,
            "eps_avg_yearly": 2.4,
            "eps_latest_yearly": 0.2,
            "eps_growth_yearly": 12.32
        },
        "20111": {
            "year_quarter": 20111,
            "year": 2011,
            "quarter": 1,
            "eps": 0.31,
            "eps_growth_year": -6.06,
            "eps_4q": 1.51,
            "eps_4q_growth_year": -43.3,
            "roe": 1.73,
            "roe_4q": 8.35,
            "gross_profit": 56192,
            "gross_margin": 33.06,
            "gross_margin_4q_avg": 35.12,
            "net_income": 24693,
            "net_income_4q": null,
            "revenue": 169946,
            "revenue_4q": null,
            "common_shares": 796267,
            "book_valuer_per_share": 18.14,
            "book_valuer_per_share_4q_avg": 17.96,
            "equity": 1444141,
            "current_ratio": 390.79,
            "debt_ratio": 18.28,
            "inventory_turnover_ratio": 0.62,
            "account_receivable_turnover_ratio": 0.82,
            "reinvestment_rate": 113.02,
            "research_to_sale_ratio": 1.87,
            "price_fair": 79.45,
            "eps_avg_yearly": 2.27,
            "eps_latest_yearly": 1.24,
            "eps_growth_yearly": 144.27
        },
        "20112": {
            "year_quarter": 20112,
            "year": 2011,
            "quarter": 2,
            "eps": 0.31,
            "eps_growth_year": -35.36,
            "eps_4q": 1.32,
            "eps_4q_growth_year": -45.78,
            "roe": 1.78,
            "roe_4q": 7.52,
            "gross_profit": 67968,
            "gross_margin": 38.28,
            "gross_margin_4q_avg": 34.46,
            "net_income": 25068,
            "net_income_4q": null,
            "revenue": 177567,
            "revenue_4q": null,
            "common_shares": 796267,
            "book_valuer_per_share": 17.19,
            "book_valuer_per_share_4q_avg": 17.82,
            "equity": 1368395,
            "current_ratio": 257.12,
            "debt_ratio": 27.01,
            "inventory_turnover_ratio": 0.62,
            "account_receivable_turnover_ratio": 0.75,
            "reinvestment_rate": 117.31,
            "research_to_sale_ratio": 1.9,
            "price_fair": 76.39,
            "eps_avg_yearly": 2.18,
            "eps_latest_yearly": 1.24,
            "eps_growth_yearly": 149.39
        },
        "20113": {
            "year_quarter": 20113,
            "year": 2011,
            "quarter": 3,
            "eps": 0.28,
            "eps_growth_year": -58.06,
            "eps_4q": 0.94,
            "eps_4q_growth_year": -58.67,
            "roe": 1.65,
            "roe_4q": 5.43,
            "gross_profit": 55404,
            "gross_margin": 32.74,
            "gross_margin_4q_avg": 34.14,
            "net_income": 22594,
            "net_income_4q": null,
            "revenue": 169238,
            "revenue_4q": null,
            "common_shares": 807336,
            "book_valuer_per_share": 16.95,
            "book_valuer_per_share_4q_avg": 17.51,
            "equity": 1368548,
            "current_ratio": 344.55,
            "debt_ratio": 20.72,
            "inventory_turnover_ratio": 0.6,
            "account_receivable_turnover_ratio": 0.66,
            "reinvestment_rate": 125.63,
            "research_to_sale_ratio": 2,
            "price_fair": 69.48,
            "eps_avg_yearly": 1.99,
            "eps_latest_yearly": 1.12,
            "eps_growth_yearly": 131.44
        },
        "20114": {
            "year_quarter": 20114,
            "year": 2011,
            "quarter": 4,
            "eps": -0.02,
            "eps_growth_year": -141.07,
            "eps_4q": 0.88,
            "eps_4q_growth_year": -42.35,
            "roe": -0.12,
            "roe_4q": 5.039999999999999,
            "gross_profit": 46101,
            "gross_margin": 27.82,
            "gross_margin_4q_avg": 32.98,
            "net_income": -1620,
            "net_income_4q": null,
            "revenue": 165727,
            "revenue_4q": null,
            "common_shares": 807336,
            "book_valuer_per_share": 16.97,
            "book_valuer_per_share_4q_avg": 17.31,
            "equity": 1369865,
            "current_ratio": 413.5,
            "debt_ratio": 17.27,
            "inventory_turnover_ratio": 0.63,
            "account_receivable_turnover_ratio": 0.65,
            "reinvestment_rate": 122.38,
            "research_to_sale_ratio": 1.8,
            "price_fair": 67.2,
            "eps_avg_yearly": 1.92,
            "eps_latest_yearly": 1.12,
            "eps_growth_yearly": 148.43
        },
        "20121": {
            "year_quarter": 20121,
            "year": 2012,
            "quarter": 1,
            "eps": 0.29,
            "eps_growth_year": -6.45,
            "eps_4q": 0.86,
            "eps_4q_growth_year": -42.86,
            "roe": 1.68,
            "roe_4q": 4.99,
            "gross_profit": 43005,
            "gross_margin": 29.42,
            "gross_margin_4q_avg": 32.07,
            "net_income": 23455,
            "net_income_4q": null,
            "revenue": 146183,
            "revenue_4q": null,
            "common_shares": 807336,
            "book_valuer_per_share": 17.54,
            "book_valuer_per_share_4q_avg": 17.16,
            "equity": 1416213,
            "current_ratio": 433.4,
            "debt_ratio": 16.67,
            "inventory_turnover_ratio": 0.59,
            "account_receivable_turnover_ratio": 0.62,
            "reinvestment_rate": 120.86,
            "research_to_sale_ratio": 2.27,
            "price_fair": 67.7,
            "eps_avg_yearly": 1.93,
            "eps_latest_yearly": 1.12,
            "eps_growth_yearly": 171
        },
        "20122": {
            "year_quarter": 20122,
            "year": 2012,
            "quarter": 2,
            "eps": 0.19,
            "eps_growth_year": -38.53,
            "eps_4q": 0.73,
            "eps_4q_growth_year": -44.49,
            "roe": 1.14,
            "roe_4q": 4.35,
            "gross_profit": 55621,
            "gross_margin": 29.7,
            "gross_margin_4q_avg": 29.92,
            "net_income": 15609,
            "net_income_4q": null,
            "revenue": 187259,
            "revenue_4q": null,
            "common_shares": 807336,
            "book_valuer_per_share": 16.43,
            "book_valuer_per_share_4q_avg": 16.97,
            "equity": 1326463,
            "current_ratio": 297.96,
            "debt_ratio": 23.57,
            "inventory_turnover_ratio": 0.77,
            "account_receivable_turnover_ratio": 0.78,
            "reinvestment_rate": 120.76,
            "research_to_sale_ratio": 2.1,
            "price_fair": 63.1,
            "eps_avg_yearly": 1.8,
            "eps_latest_yearly": 0.76,
            "eps_growth_yearly": 146.53
        },
        "20123": {
            "year_quarter": 20123,
            "year": 2012,
            "quarter": 3,
            "eps": 0.54,
            "eps_growth_year": 91.19,
            "eps_4q": 0.99,
            "eps_4q_growth_year": 5.14,
            "roe": 3.26,
            "roe_4q": 5.959999999999999,
            "gross_profit": 74381,
            "gross_margin": 38.01,
            "gross_margin_4q_avg": 31.24,
            "net_income": 43756,
            "net_income_4q": null,
            "revenue": 195696,
            "revenue_4q": null,
            "common_shares": 817792,
            "book_valuer_per_share": 16.64,
            "book_valuer_per_share_4q_avg": 16.9,
            "equity": 1361023,
            "current_ratio": 285.09,
            "debt_ratio": 25.25,
            "inventory_turnover_ratio": 0.74,
            "account_receivable_turnover_ratio": 0.74,
            "reinvestment_rate": 120.74,
            "research_to_sale_ratio": 2.15,
            "price_fair": 61,
            "eps_avg_yearly": 1.74,
            "eps_latest_yearly": 2.16,
            "eps_growth_yearly": 194.76
        },
        "20124": {
            "year_quarter": 20124,
            "year": 2012,
            "quarter": 4,
            "eps": 0.38,
            "eps_growth_year": null,
            "eps_4q": 1.39,
            "eps_4q_growth_year": 59.02,
            "roe": 2.28,
            "roe_4q": 8.36,
            "gross_profit": 63879,
            "gross_margin": 35.61,
            "gross_margin_4q_avg": 33.19,
            "net_income": 31122,
            "net_income_4q": null,
            "revenue": 179374,
            "revenue_4q": null,
            "common_shares": 817792,
            "book_valuer_per_share": 16.74,
            "book_valuer_per_share_4q_avg": 16.84,
            "equity": 1368713,
            "current_ratio": 282.36,
            "debt_ratio": 26.61,
            "inventory_turnover_ratio": 0.72,
            "account_receivable_turnover_ratio": 0.67,
            "reinvestment_rate": 113.76,
            "research_to_sale_ratio": 2.48,
            "price_fair": 62.1,
            "eps_avg_yearly": 1.77,
            "eps_latest_yearly": 1.52,
            "eps_growth_yearly": 204.58
        },
        "20131": {
            "year_quarter": 20131,
            "year": 2013,
            "quarter": 1,
            "eps": 0.47,
            "eps_growth_year": 62.07,
            "eps_4q": 1.57,
            "eps_4q_growth_year": 82.92,
            "roe": 2.73,
            "roe_4q": 9.41,
            "gross_profit": 49143,
            "gross_margin": 27.83,
            "gross_margin_4q_avg": 32.79,
            "net_income": 38280,
            "net_income_4q": null,
            "revenue": 176585,
            "revenue_4q": null,
            "common_shares": 817792,
            "book_valuer_per_share": 17.57,
            "book_valuer_per_share_4q_avg": 16.85,
            "equity": 1437253,
            "current_ratio": 243.85,
            "debt_ratio": 29.87,
            "inventory_turnover_ratio": 0.8,
            "account_receivable_turnover_ratio": 0.66,
            "reinvestment_rate": 36.31,
            "research_to_sale_ratio": 2.61,
            "price_fair": 63.6,
            "eps_avg_yearly": 1.82,
            "eps_latest_yearly": 1.88,
            "eps_growth_yearly": 206.06
        },
        "20132": {
            "year_quarter": 20132,
            "year": 2013,
            "quarter": 2,
            "eps": 0.27,
            "eps_growth_year": 41.46,
            "eps_4q": 1.64,
            "eps_4q_growth_year": 122.82,
            "roe": 1.6,
            "roe_4q": 9.87,
            "gross_profit": 52696,
            "gross_margin": 29.84,
            "gross_margin_4q_avg": 32.82,
            "net_income": 22489,
            "net_income_4q": null,
            "revenue": 176600,
            "revenue_4q": null,
            "common_shares": 817792,
            "book_valuer_per_share": 16.81,
            "book_valuer_per_share_4q_avg": 16.94,
            "equity": 1374359,
            "current_ratio": 219.52,
            "debt_ratio": 33.16,
            "inventory_turnover_ratio": 0.77,
            "account_receivable_turnover_ratio": 0.68,
            "reinvestment_rate": 39.09,
            "research_to_sale_ratio": 2.51,
            "price_fair": 59.5,
            "eps_avg_yearly": 1.7,
            "eps_latest_yearly": 1.08,
            "eps_growth_yearly": 161.76
        },
        "20133": {
            "year_quarter": 20133,
            "year": 2013,
            "quarter": 3,
            "eps": 0.32,
            "eps_growth_year": -40.19,
            "eps_4q": 1.43,
            "eps_4q_growth_year": 44.06,
            "roe": 1.92,
            "roe_4q": 8.53,
            "gross_profit": 58042,
            "gross_margin": 32.62,
            "gross_margin_4q_avg": 31.48,
            "net_income": 26721,
            "net_income_4q": null,
            "revenue": 177922,
            "revenue_4q": null,
            "common_shares": 829216,
            "book_valuer_per_share": 16.99,
            "book_valuer_per_share_4q_avg": 17.03,
            "equity": 1409097,
            "current_ratio": 214.96,
            "debt_ratio": 34.55,
            "inventory_turnover_ratio": 0.74,
            "account_receivable_turnover_ratio": 0.74,
            "reinvestment_rate": 42.56,
            "research_to_sale_ratio": 2.46,
            "price_fair": 54.3,
            "eps_avg_yearly": 1.55,
            "eps_latest_yearly": 1.28,
            "eps_growth_yearly": 160.33
        },
        "20134": {
            "year_quarter": 20134,
            "year": 2013,
            "quarter": 4,
            "eps": 0.39,
            "eps_growth_year": 3.77,
            "eps_4q": 1.45,
            "eps_4q_growth_year": 4.07,
            "roe": 2.28,
            "roe_4q": 8.53,
            "gross_profit": 47623,
            "gross_margin": 27.7,
            "gross_margin_4q_avg": 29.5,
            "net_income": 32747,
            "net_income_4q": null,
            "revenue": 171923,
            "revenue_4q": null,
            "common_shares": 829216,
            "book_valuer_per_share": 17.62,
            "book_valuer_per_share_4q_avg": 17.25,
            "equity": 1461407,
            "current_ratio": 219.8,
            "debt_ratio": 34.05,
            "inventory_turnover_ratio": 0.77,
            "account_receivable_turnover_ratio": 0.74,
            "reinvestment_rate": -114.26,
            "research_to_sale_ratio": 2.6,
            "price_fair": 49.9,
            "eps_avg_yearly": 1.43,
            "eps_latest_yearly": 1.56,
            "eps_growth_yearly": 166.92
        },
        "20141": {
            "year_quarter": 20141,
            "year": 2014,
            "quarter": 1,
            "eps": 0.35,
            "eps_growth_year": -25.53,
            "eps_4q": 1.34,
            "eps_4q_growth_year": -14.98,
            "roe": 1.95,
            "roe_4q": 7.75,
            "gross_profit": 35976,
            "gross_margin": 24.19,
            "gross_margin_4q_avg": 28.59,
            "net_income": 29048,
            "net_income_4q": null,
            "revenue": 148736,
            "revenue_4q": null,
            "common_shares": 829216,
            "book_valuer_per_share": 18.27,
            "book_valuer_per_share_4q_avg": 17.42,
            "equity": 1514912,
            "current_ratio": 235.47,
            "debt_ratio": 31.73,
            "inventory_turnover_ratio": 0.72,
            "account_receivable_turnover_ratio": 0.69,
            "reinvestment_rate": -103.02,
            "research_to_sale_ratio": 3.14,
            "price_fair": 50.1,
            "eps_avg_yearly": 1.43,
            "eps_latest_yearly": 1.4,
            "eps_growth_yearly": 181.2
        },
        "20142": {
            "year_quarter": 20142,
            "year": 2014,
            "quarter": 2,
            "eps": 0.07,
            "eps_growth_year": -74.07,
            "eps_4q": 1.12,
            "eps_4q_growth_year": -31.31,
            "roe": 0.4,
            "roe_4q": 6.55,
            "gross_profit": 42200,
            "gross_margin": 24,
            "gross_margin_4q_avg": 27.13,
            "net_income": 5861,
            "net_income_4q": null,
            "revenue": 175869,
            "revenue_4q": null,
            "common_shares": 829216,
            "book_valuer_per_share": 16.95,
            "book_valuer_per_share_4q_avg": 17.46,
            "equity": 1405446,
            "current_ratio": 199.5,
            "debt_ratio": 37.09,
            "inventory_turnover_ratio": 0.91,
            "account_receivable_turnover_ratio": 0.85,
            "reinvestment_rate": -122.04,
            "research_to_sale_ratio": 2.58,
            "price_fair": 46,
            "eps_avg_yearly": 1.31,
            "eps_latest_yearly": 0.28,
            "eps_growth_yearly": 145.35
        },
        "20143": {
            "year_quarter": 20143,
            "year": 2014,
            "quarter": 3,
            "eps": 0.42,
            "eps_growth_year": 31.25,
            "eps_4q": 1.23,
            "eps_4q_growth_year": -14.03,
            "roe": 2.5,
            "roe_4q": 7.129999999999999,
            "gross_profit": 47355,
            "gross_margin": 27.67,
            "gross_margin_4q_avg": 25.89,
            "net_income": 35630,
            "net_income_4q": null,
            "revenue": 171122,
            "revenue_4q": null,
            "common_shares": 839923,
            "book_valuer_per_share": 17.14,
            "book_valuer_per_share_4q_avg": 17.5,
            "equity": 1439260,
            "current_ratio": 203.01,
            "debt_ratio": 37.77,
            "inventory_turnover_ratio": 0.87,
            "account_receivable_turnover_ratio": 0.79,
            "reinvestment_rate": -137.59,
            "research_to_sale_ratio": 2.86,
            "price_fair": 43.5,
            "eps_avg_yearly": 1.24,
            "eps_latest_yearly": 1.68,
            "eps_growth_yearly": 276.9
        },
        "20144": {
            "year_quarter": 20144,
            "year": 2014,
            "quarter": 4,
            "eps": 0.61,
            "eps_growth_year": 53.52,
            "eps_4q": 1.45,
            "eps_4q_growth_year": -0.27,
            "roe": 3.46,
            "roe_4q": 8.31,
            "gross_profit": 41777,
            "gross_margin": 23.56,
            "gross_margin_4q_avg": 24.86,
            "net_income": 50922,
            "net_income_4q": null,
            "revenue": 177289,
            "revenue_4q": null,
            "common_shares": 839923,
            "book_valuer_per_share": 17.94,
            "book_valuer_per_share_4q_avg": 17.58,
            "equity": 1506836,
            "current_ratio": 254.13,
            "debt_ratio": 29.38,
            "inventory_turnover_ratio": 0.94,
            "account_receivable_turnover_ratio": 0.79,
            "reinvestment_rate": -114.23,
            "research_to_sale_ratio": 2.87,
            "price_fair": 49.1,
            "eps_avg_yearly": 1.4,
            "eps_latest_yearly": 2.44,
            "eps_growth_yearly": 316.26
        },
        "20151": {
            "year_quarter": 20151,
            "year": 2015,
            "quarter": 1,
            "eps": 0.1,
            "eps_growth_year": -71.43,
            "eps_4q": 1.2,
            "eps_4q_growth_year": -10.56,
            "roe": 0.54,
            "roe_4q": 6.9,
            "gross_profit": 41362,
            "gross_margin": 26.86,
            "gross_margin_4q_avg": 25.52,
            "net_income": 8148,
            "net_income_4q": null,
            "revenue": 154002,
            "revenue_4q": null,
            "common_shares": 839923,
            "book_valuer_per_share": 18.11,
            "book_valuer_per_share_4q_avg": 17.54,
            "equity": 1520705,
            "current_ratio": 250.24,
            "debt_ratio": 29.9,
            "inventory_turnover_ratio": 0.81,
            "account_receivable_turnover_ratio": 0.73,
            "reinvestment_rate": -120.63,
            "research_to_sale_ratio": 3.18,
            "price_fair": 47,
            "eps_avg_yearly": 1.34,
            "eps_latest_yearly": 0.4,
            "eps_growth_yearly": 143.81
        },
        "20152": {
            "year_quarter": 20152,
            "year": 2015,
            "quarter": 2,
            "eps": 0.2,
            "eps_growth_year": 185.71,
            "eps_4q": 1.31,
            "eps_4q_growth_year": 16.48,
            "roe": 1.14,
            "roe_4q": 7.64,
            "gross_profit": 45806,
            "gross_margin": 28.4,
            "gross_margin_4q_avg": 26.62,
            "net_income": 16678,
            "net_income_4q": null,
            "revenue": 161311,
            "revenue_4q": null,
            "common_shares": 839923,
            "book_valuer_per_share": 16.62,
            "book_valuer_per_share_4q_avg": 17.45,
            "equity": 1395687,
            "current_ratio": 190.34,
            "debt_ratio": 36.47,
            "inventory_turnover_ratio": 0.83,
            "account_receivable_turnover_ratio": 0.83,
            "reinvestment_rate": -99.93,
            "research_to_sale_ratio": 2.94,
            "price_fair": 45.9,
            "eps_avg_yearly": 1.31,
            "eps_latest_yearly": 0.8,
            "eps_growth_yearly": 172.38
        },
        "20153": {
            "year_quarter": 20153,
            "year": 2015,
            "quarter": 3,
            "eps": 0.76,
            "eps_growth_year": 80.95,
            "eps_4q": 1.65,
            "eps_4q_growth_year": 34.25,
            "roe": 4.61,
            "roe_4q": 9.75,
            "gross_profit": 46079,
            "gross_margin": 27.58,
            "gross_margin_4q_avg": 26.6,
            "net_income": 64733,
            "net_income_4q": null,
            "revenue": 167086,
            "revenue_4q": null,
            "common_shares": 850965,
            "book_valuer_per_share": 16.57,
            "book_valuer_per_share_4q_avg": 17.31,
            "equity": 1410004,
            "current_ratio": 208.2,
            "debt_ratio": 34.71,
            "inventory_turnover_ratio": 0.82,
            "account_receivable_turnover_ratio": 0.86,
            "reinvestment_rate": -101.48,
            "research_to_sale_ratio": 2.94,
            "price_fair": 50.7,
            "eps_avg_yearly": 1.45,
            "eps_latest_yearly": 3.04,
            "eps_growth_yearly": 255.14
        },
        "20154": {
            "year_quarter": 20154,
            "year": 2015,
            "quarter": 4,
            "eps": 0.17,
            "eps_growth_year": -71.84,
            "eps_4q": 1.22,
            "eps_4q_growth_year": -15.42,
            "roe": 1.02,
            "roe_4q": 7.3100000000000005,
            "gross_profit": 35471,
            "gross_margin": 23.66,
            "gross_margin_4q_avg": 26.63,
            "net_income": 14527,
            "net_income_4q": null,
            "revenue": 149933,
            "revenue_4q": null,
            "common_shares": 850965,
            "book_valuer_per_share": 16.98,
            "book_valuer_per_share_4q_avg": 17.07,
            "equity": 1444896,
            "current_ratio": 197.05,
            "debt_ratio": 36.65,
            "inventory_turnover_ratio": 0.76,
            "account_receivable_turnover_ratio": 0.77,
            "reinvestment_rate": -99.64,
            "research_to_sale_ratio": 3.08,
            "price_fair": 48.91,
            "eps_avg_yearly": 1.4,
            "eps_latest_yearly": 0.68,
            "eps_growth_yearly": 217.43
        },
        "20161": {
            "year_quarter": 20161,
            "year": 2016,
            "quarter": 1,
            "eps": 0.14,
            "eps_growth_year": 40,
            "eps_4q": 1.27,
            "eps_4q_growth_year": 6.16,
            "roe": 0.84,
            "roe_4q": 7.61,
            "gross_profit": 39475,
            "gross_margin": 27.27,
            "gross_margin_4q_avg": 26.73,
            "net_income": 12224,
            "net_income_4q": null,
            "revenue": 144772,
            "revenue_4q": null,
            "common_shares": 850965,
            "book_valuer_per_share": 17.17,
            "book_valuer_per_share_4q_avg": 16.84,
            "equity": 1460743,
            "current_ratio": 198.88,
            "debt_ratio": 33.76,
            "inventory_turnover_ratio": 0.71,
            "account_receivable_turnover_ratio": 0.8,
            "reinvestment_rate": -81.58,
            "research_to_sale_ratio": 3.14,
            "price_fair": 47.08,
            "eps_avg_yearly": 1.35,
            "eps_latest_yearly": 0.56,
            "eps_growth_yearly": 199.43
        },
        "20162": {
            "year_quarter": 20162,
            "year": 2016,
            "quarter": 2,
            "eps": 0.27,
            "eps_growth_year": 35,
            "eps_4q": 1.33,
            "eps_4q_growth_year": 1.94,
            "roe": 1.63,
            "roe_4q": 8.1,
            "gross_profit": 48111,
            "gross_margin": 29.68,
            "gross_margin_4q_avg": 27.05,
            "net_income": 23108,
            "net_income_4q": null,
            "revenue": 162080,
            "revenue_4q": null,
            "common_shares": 858842,
            "book_valuer_per_share": 16.09,
            "book_valuer_per_share_4q_avg": 16.7,
            "equity": 1381841,
            "current_ratio": 177.37,
            "debt_ratio": 37.84,
            "inventory_turnover_ratio": 0.77,
            "account_receivable_turnover_ratio": 0.94,
            "reinvestment_rate": -75.62,
            "research_to_sale_ratio": 3.01,
            "price_fair": 47.78,
            "eps_avg_yearly": 1.37,
            "eps_latest_yearly": 1.08,
            "eps_growth_yearly": 231.26
        },
        "20163": {
            "year_quarter": 20163,
            "year": 2016,
            "quarter": 3,
            "eps": 0.13,
            "eps_growth_year": -82.89,
            "eps_4q": 0.71,
            "eps_4q_growth_year": -57.24,
            "roe": 0.78,
            "roe_4q": 4.27,
            "gross_profit": 40680,
            "gross_margin": 25.35,
            "gross_margin_4q_avg": 26.49,
            "net_income": 10765,
            "net_income_4q": null,
            "revenue": 160456,
            "revenue_4q": null,
            "common_shares": 858842,
            "book_valuer_per_share": 16.11,
            "book_valuer_per_share_4q_avg": 16.59,
            "equity": 1383840,
            "current_ratio": 200.28,
            "debt_ratio": 33.01,
            "inventory_turnover_ratio": 0.81,
            "account_receivable_turnover_ratio": 0.9,
            "reinvestment_rate": -83.15,
            "research_to_sale_ratio": 3.1,
            "price_fair": 44.19,
            "eps_avg_yearly": 1.26,
            "eps_latest_yearly": 0.52,
            "eps_growth_yearly": 172.25
        },
        "20164": {
            "year_quarter": 20164,
            "year": 2016,
            "quarter": 4,
            "eps": 0.42,
            "eps_growth_year": 148.68,
            "eps_4q": 0.96,
            "eps_4q_growth_year": -21.41,
            "roe": 2.62,
            "roe_4q": 5.87,
            "gross_profit": 44698,
            "gross_margin": 25.48,
            "gross_margin_4q_avg": 26.95,
            "net_income": 36460,
            "net_income_4q": null,
            "revenue": 175437,
            "revenue_4q": null,
            "common_shares": 858842,
            "book_valuer_per_share": 16.3,
            "book_valuer_per_share_4q_avg": 16.42,
            "equity": 1400276,
            "current_ratio": 207.48,
            "debt_ratio": 32.67,
            "inventory_turnover_ratio": 0.98,
            "account_receivable_turnover_ratio": 0.9,
            "reinvestment_rate": -78.1,
            "research_to_sale_ratio": 2.63,
            "price_fair": 44.54,
            "eps_avg_yearly": 1.27,
            "eps_latest_yearly": 1.68,
            "eps_growth_yearly": 235.43
        },
        "20171": {
            "year_quarter": 20171,
            "year": 2017,
            "quarter": 1,
            "eps": -0.37,
            "eps_growth_year": -364.29,
            "eps_4q": 0.45,
            "eps_4q_growth_year": -64.74,
            "roe": -2.31,
            "roe_4q": 2.7199999999999998,
            "gross_profit": 47124,
            "gross_margin": 29.75,
            "gross_margin_4q_avg": 27.57,
            "net_income": -31837,
            "net_income_4q": null,
            "revenue": 158377,
            "revenue_4q": null,
            "common_shares": 858842,
            "book_valuer_per_share": 15.85,
            "book_valuer_per_share_4q_avg": 16.09,
            "equity": 1361373,
            "current_ratio": 184.39,
            "debt_ratio": 36.17,
            "inventory_turnover_ratio": 0.88,
            "account_receivable_turnover_ratio": 0.82,
            "reinvestment_rate": 23.53,
            "research_to_sale_ratio": 2.61,
            "price_fair": 43.12,
            "eps_avg_yearly": 1.23,
            "eps_latest_yearly": 1.68,
            "eps_growth_yearly": 244.81
        },
        "20172": {
            "year_quarter": 20172,
            "year": 2017,
            "quarter": 2,
            "eps": 0.36,
            "eps_growth_year": 33.33,
            "eps_4q": 0.53,
            "eps_4q_growth_year": -60.01,
            "roe": 2.28,
            "roe_4q": 3.37,
            "gross_profit": 47122,
            "gross_margin": 27.11,
            "gross_margin_4q_avg": 26.92,
            "net_income": 30587,
            "net_income_4q": null,
            "revenue": 173835,
            "revenue_4q": null,
            "common_shares": 861680,
            "book_valuer_per_share": 15.39,
            "book_valuer_per_share_4q_avg": 15.91,
            "equity": 1326020,
            "current_ratio": 171.79,
            "debt_ratio": 39.18,
            "inventory_turnover_ratio": 1,
            "account_receivable_turnover_ratio": 0.92,
            "reinvestment_rate": 26.39,
            "research_to_sale_ratio": 2.56,
            "price_fair": 43.5,
            "eps_avg_yearly": 1.24,
            "eps_latest_yearly": 1.68,
            "eps_growth_yearly": 274.45
        },
        "20173": {
            "year_quarter": 20173,
            "year": 2017,
            "quarter": 3,
            "eps": 0.49,
            "eps_growth_year": 276.92,
            "eps_4q": 0.9,
            "eps_4q_growth_year": 27,
            "roe": 3.12,
            "roe_4q": 5.710000000000001,
            "gross_profit": 55719,
            "gross_margin": 29.51,
            "gross_margin_4q_avg": 27.96,
            "net_income": 42037,
            "net_income_4q": null,
            "revenue": 188805,
            "revenue_4q": null,
            "common_shares": 861680,
            "book_valuer_per_share": 15.85,
            "book_valuer_per_share_4q_avg": 15.85,
            "equity": 1365884,
            "current_ratio": 179.88,
            "debt_ratio": 37.7,
            "inventory_turnover_ratio": 0.98,
            "account_receivable_turnover_ratio": 0.92,
            "reinvestment_rate": 28.79,
            "research_to_sale_ratio": 2.53,
            "price_fair": 45.2,
            "eps_avg_yearly": 1.29,
            "eps_latest_yearly": 1.96,
            "eps_growth_yearly": 279.48
        },
        "20174": {
            "year_quarter": 20174,
            "year": 2017,
            "quarter": 4,
            "eps": 0.03,
            "eps_growth_year": -94.07,
            "eps_4q": 0.5,
            "eps_4q_growth_year": -48.14,
            "roe": 0.16,
            "roe_4q": 3.2500000000000004,
            "gross_profit": 41536,
            "gross_margin": 23.41,
            "gross_margin_4q_avg": 27.45,
            "net_income": 2170,
            "net_income_4q": null,
            "revenue": 177450,
            "revenue_4q": null,
            "common_shares": 861680,
            "book_valuer_per_share": 15.8,
            "book_valuer_per_share_4q_avg": 15.72,
            "equity": 1361351,
            "current_ratio": 182.47,
            "debt_ratio": 37.22,
            "inventory_turnover_ratio": 0.92,
            "account_receivable_turnover_ratio": 0.82,
            "reinvestment_rate": 23.44,
            "research_to_sale_ratio": 2.66,
            "price_fair": 41.6,
            "eps_avg_yearly": 1.19,
            "eps_latest_yearly": 0.12,
            "eps_growth_yearly": 246.4
        },
        "20181": {
            "year_quarter": 20181,
            "year": 2018,
            "quarter": 1,
            "eps": -0.03,
            "eps_growth_year": null,
            "eps_4q": 0.84,
            "eps_4q_growth_year": 87.13,
            "roe": -0.18,
            "roe_4q": 5.38,
            "gross_profit": 44812,
            "gross_margin": 27.8,
            "gross_margin_4q_avg": 26.96,
            "net_income": -2519,
            "net_income_4q": null,
            "revenue": 161176,
            "revenue_4q": null,
            "common_shares": 861680,
            "book_valuer_per_share": 15.82,
            "book_valuer_per_share_4q_avg": 15.72,
            "equity": 1363006,
            "current_ratio": 176.78,
            "debt_ratio": 38.38,
            "inventory_turnover_ratio": 0.75,
            "account_receivable_turnover_ratio": 0.8,
            "reinvestment_rate": -20.45,
            "research_to_sale_ratio": 2.41,
            "price_fair": 41.03,
            "eps_avg_yearly": 1.17,
            "eps_latest_yearly": 0.12,
            "eps_growth_yearly": 268.51
        },
        "20182": {
            "year_quarter": 20182,
            "year": 2018,
            "quarter": 2,
            "eps": 0.96,
            "eps_growth_year": 166.67,
            "eps_4q": 1.45,
            "eps_4q_growth_year": 170.94,
            "roe": 6.04,
            "roe_4q": 9.14,
            "gross_profit": 56372,
            "gross_margin": 27.95,
            "gross_margin_4q_avg": 27.17,
            "net_income": 83053,
            "net_income_4q": null,
            "revenue": 201694,
            "revenue_4q": null,
            "common_shares": 861680,
            "book_valuer_per_share": 16.08,
            "book_valuer_per_share_4q_avg": 15.89,
            "equity": 1385867,
            "current_ratio": 183.78,
            "debt_ratio": 38.27,
            "inventory_turnover_ratio": 0.89,
            "account_receivable_turnover_ratio": 1.02,
            "reinvestment_rate": -17.51,
            "research_to_sale_ratio": 2.39,
            "price_fair": 43.63,
            "eps_avg_yearly": 1.25,
            "eps_latest_yearly": 0.12,
            "eps_growth_yearly": 317.56
        },
        "20183": {
            "year_quarter": 20183,
            "year": 2018,
            "quarter": 3,
            "eps": 0.42,
            "eps_growth_year": -14.29,
            "eps_4q": 1.38,
            "eps_4q_growth_year": 54.14,
            "roe": 2.62,
            "roe_4q": 8.64,
            "gross_profit": 59032,
            "gross_margin": 31.1,
            "gross_margin_4q_avg": 27.57,
            "net_income": 36536,
            "net_income_4q": null,
            "revenue": 189802,
            "revenue_4q": null,
            "common_shares": 862906,
            "book_valuer_per_share": 16.22,
            "book_valuer_per_share_4q_avg": 15.98,
            "equity": 1399613,
            "current_ratio": 190.77,
            "debt_ratio": 36.84,
            "inventory_turnover_ratio": 0.74,
            "account_receivable_turnover_ratio": 0.89,
            "reinvestment_rate": -7.94,
            "research_to_sale_ratio": 2.53,
            "price_fair": 43.63,
            "eps_avg_yearly": 1.25,
            "eps_latest_yearly": 1.68,
            "eps_growth_yearly": 132.14
        },
        "20184": {
            "year_quarter": 20184,
            "year": 2018,
            "quarter": 4,
            "eps": 0.12,
            "eps_growth_year": 379.83,
            "eps_4q": 1.48,
            "eps_4q_growth_year": 196.38,
            "roe": 0.75,
            "roe_4q": 9.23,
            "gross_profit": 40275,
            "gross_margin": 23.76,
            "gross_margin_4q_avg": 27.65,
            "net_income": 10427,
            "net_income_4q": null,
            "revenue": 169514,
            "revenue_4q": null,
            "common_shares": 862906,
            "book_valuer_per_share": 16.21,
            "book_valuer_per_share_4q_avg": 16.08,
            "equity": 1399132,
            "current_ratio": 182.17,
            "debt_ratio": 39.26,
            "inventory_turnover_ratio": 0.69,
            "account_receivable_turnover_ratio": 0.81,
            "reinvestment_rate": -11.26,
            "research_to_sale_ratio": 2.78,
            "price_fair": 37.92,
            "eps_avg_yearly": 1.08,
            "eps_latest_yearly": 0.48,
            "eps_growth_yearly": 93.25
        },
        "20191": {
            "year_quarter": 20191,
            "year": 2019,
            "quarter": 1,
            "eps": 0.33,
            "eps_growth_year": null,
            "eps_4q": 1.84,
            "eps_4q_growth_year": 118.93,
            "roe": 2,
            "roe_4q": 11.41,
            "gross_profit": 36512,
            "gross_margin": 26.78,
            "gross_margin_4q_avg": 27.4,
            "net_income": 28440,
            "net_income_4q": null,
            "revenue": 136337,
            "revenue_4q": null,
            "common_shares": 862906,
            "book_valuer_per_share": 16.73,
            "book_valuer_per_share_4q_avg": 16.31,
            "equity": 1444020,
            "current_ratio": 193.33,
            "debt_ratio": 36.93,
            "inventory_turnover_ratio": 0.53,
            "account_receivable_turnover_ratio": 0.74,
            "reinvestment_rate": -7.34,
            "research_to_sale_ratio": 3.09,
            "price_fair": 40.6,
            "eps_avg_yearly": 1.16,
            "eps_latest_yearly": 1.32,
            "eps_growth_yearly": 179.45
        },
        "20192": {
            "year_quarter": 20192,
            "year": 2019,
            "quarter": 2,
            "eps": 0.35,
            "eps_growth_year": -63.54,
            "eps_4q": 1.22,
            "eps_4q_growth_year": -15.5,
            "roe": 2.14,
            "roe_4q": 7.510000000000001,
            "gross_profit": 38092,
            "gross_margin": 23.3,
            "gross_margin_4q_avg": 26.24,
            "net_income": 30461,
            "net_income_4q": null,
            "revenue": 163498,
            "revenue_4q": null,
            "common_shares": 866676,
            "book_valuer_per_share": 16.2,
            "book_valuer_per_share_4q_avg": 16.34,
            "equity": 1403724,
            "current_ratio": 192.93,
            "debt_ratio": 37.2,
            "inventory_turnover_ratio": 0.7,
            "account_receivable_turnover_ratio": 0.9,
            "reinvestment_rate": -35.3,
            "research_to_sale_ratio": 2.54,
            "price_fair": 42.35,
            "eps_avg_yearly": 1.21,
            "eps_latest_yearly": 1.4,
            "eps_growth_yearly": 148.14
        },
        "20193": {
            "year_quarter": 20193,
            "year": 2019,
            "quarter": 3,
            "eps": 0.34,
            "eps_growth_year": -19.05,
            "eps_4q": 1.14,
            "eps_4q_growth_year": -17.5,
            "roe": 2.08,
            "roe_4q": 6.970000000000001,
            "gross_profit": 50424,
            "gross_margin": 28.14,
            "gross_margin_4q_avg": 25.5,
            "net_income": 29480,
            "net_income_4q": null,
            "revenue": 179170,
            "revenue_4q": null,
            "common_shares": 866676,
            "book_valuer_per_share": 16.46,
            "book_valuer_per_share_4q_avg": 16.4,
            "equity": 1426829,
            "current_ratio": 202.79,
            "debt_ratio": 35.61,
            "inventory_turnover_ratio": 0.81,
            "account_receivable_turnover_ratio": 0.9,
            "reinvestment_rate": -28.51,
            "research_to_sale_ratio": 2.39,
            "price_fair": 37.45,
            "eps_avg_yearly": 1.07,
            "eps_latest_yearly": 1.36,
            "eps_growth_yearly": 53.85
        },
        "20194": {
            "year_quarter": 20194,
            "year": 2019,
            "quarter": 4,
            "eps": -0.09,
            "eps_growth_year": -176.77,
            "eps_4q": 0.93,
            "eps_4q_growth_year": -37.26,
            "roe": -0.56,
            "roe_4q": 5.66,
            "gross_profit": 38285,
            "gross_margin": 22.4,
            "gross_margin_4q_avg": 25.16,
            "net_income": -8040,
            "net_income_4q": null,
            "revenue": 170895,
            "revenue_4q": null,
            "common_shares": 866676,
            "book_valuer_per_share": 16.59,
            "book_valuer_per_share_4q_avg": 16.5,
            "equity": 1437912,
            "current_ratio": 211.26,
            "debt_ratio": 33.43,
            "inventory_turnover_ratio": 0.91,
            "account_receivable_turnover_ratio": 0.83,
            "reinvestment_rate": -34.92,
            "research_to_sale_ratio": 2.47,
            "price_fair": 38.69,
            "eps_avg_yearly": 1.11,
            "eps_latest_yearly": 1.36,
            "eps_growth_yearly": 86.98
        },
        "20201": {
            "year_quarter": 20201,
            "year": 2020,
            "quarter": 1,
            "eps": 0.08,
            "eps_growth_year": -75.76,
            "eps_4q": 0.68,
            "eps_4q_growth_year": -63.19,
            "roe": 0.47,
            "roe_4q": 4.13,
            "gross_profit": 32686,
            "gross_margin": 24.25,
            "gross_margin_4q_avg": 24.52,
            "net_income": 6684,
            "net_income_4q": null,
            "revenue": 134786,
            "revenue_4q": null,
            "common_shares": 866676,
            "book_valuer_per_share": 16.05,
            "book_valuer_per_share_4q_avg": 16.33,
            "equity": 1391085,
            "current_ratio": 219.63,
            "debt_ratio": 32.02,
            "inventory_turnover_ratio": 0.74,
            "account_receivable_turnover_ratio": 0.71,
            "reinvestment_rate": -63.45,
            "research_to_sale_ratio": 2.74,
            "price_fair": 40.6,
            "eps_avg_yearly": 1.16,
            "eps_latest_yearly": 1.36,
            "eps_growth_yearly": 102.74
        },
        "20202": {
            "year_quarter": 20202,
            "year": 2020,
            "quarter": 2,
            "eps": 0.12,
            "eps_growth_year": -65.71,
            "eps_4q": 0.44,
            "eps_4q_growth_year": -64.05,
            "roe": 0.73,
            "roe_4q": 2.7199999999999998,
            "gross_profit": 40963,
            "gross_margin": 25.98,
            "gross_margin_4q_avg": 25.19,
            "net_income": 10015,
            "net_income_4q": null,
            "revenue": 157696,
            "revenue_4q": null,
            "common_shares": 866676,
            "book_valuer_per_share": 15.51,
            "book_valuer_per_share_4q_avg": 16.15,
            "equity": 1344265,
            "current_ratio": 180.43,
            "debt_ratio": 40.43,
            "inventory_turnover_ratio": 0.82,
            "account_receivable_turnover_ratio": 0.89,
            "reinvestment_rate": -72.46,
            "research_to_sale_ratio": 2.67,
            "price_fair": 38.5,
            "eps_avg_yearly": 1.1,
            "eps_latest_yearly": 0.48,
            "eps_growth_yearly": 85.59
        },
        "20203": {
            "year_quarter": 20203,
            "year": 2020,
            "quarter": 3,
            "eps": 0.09,
            "eps_growth_year": -73.53,
            "eps_4q": 0.19,
            "eps_4q_growth_year": -83.13,
            "roe": 0.59,
            "roe_4q": 1.2299999999999998,
            "gross_profit": 40115,
            "gross_margin": 27.19,
            "gross_margin_4q_avg": 24.96,
            "net_income": 8045,
            "net_income_4q": null,
            "revenue": 147527,
            "revenue_4q": null,
            "common_shares": 868427,
            "book_valuer_per_share": 15.8,
            "book_valuer_per_share_4q_avg": 15.99,
            "equity": 1371877,
            "current_ratio": 172.75,
            "debt_ratio": 42.7,
            "inventory_turnover_ratio": 0.7,
            "account_receivable_turnover_ratio": 0.82,
            "reinvestment_rate": -66.09,
            "research_to_sale_ratio": 2.71,
            "price_fair": 37.94,
            "eps_avg_yearly": 1.08,
            "eps_latest_yearly": 0.36,
            "eps_growth_yearly": 96.33
        },
        "20204": {
            "year_quarter": 20204,
            "year": 2020,
            "quarter": 4,
            "eps": 0.11,
            "eps_growth_year": null,
            "eps_4q": 0.39,
            "eps_4q_growth_year": -57.68,
            "roe": 0.67,
            "roe_4q": 2.46,
            "gross_profit": 40227,
            "gross_margin": 24.13,
            "gross_margin_4q_avg": 25.39,
            "net_income": 9329,
            "net_income_4q": null,
            "revenue": 166731,
            "revenue_4q": null,
            "common_shares": 868427,
            "book_valuer_per_share": 16.3,
            "book_valuer_per_share_4q_avg": 15.92,
            "equity": 1415434,
            "current_ratio": 166.03,
            "debt_ratio": 44.52,
            "inventory_turnover_ratio": 0.79,
            "account_receivable_turnover_ratio": 0.88,
            "reinvestment_rate": -63.18,
            "research_to_sale_ratio": 2.25,
            "price_fair": 24.95,
            "eps_avg_yearly": 0.96,
            "eps_latest_yearly": 0.44,
            "eps_growth_yearly": 15.99
        },
        "20211": {
            "year_quarter": 20211,
            "year": 2021,
            "quarter": 1,
            "eps": 0.22,
            "eps_growth_year": 175,
            "eps_4q": 0.53,
            "eps_4q_growth_year": -20.87,
            "roe": 1.34,
            "roe_4q": 3.33,
            "gross_profit": 53136,
            "gross_margin": 29.72,
            "gross_margin_4q_avg": 26.76,
            "net_income": 19065,
            "net_income_4q": null,
            "revenue": 178783,
            "revenue_4q": null,
            "common_shares": 868427,
            "book_valuer_per_share": 16.56,
            "book_valuer_per_share_4q_avg": 16.04,
            "equity": 1438118,
            "current_ratio": 162.28,
            "debt_ratio": 46.2,
            "inventory_turnover_ratio": 0.79,
            "account_receivable_turnover_ratio": 0.9,
            "reinvestment_rate": -59.6,
            "research_to_sale_ratio": 1.88,
            "price_fair": 33.35,
            "eps_avg_yearly": 0.95,
            "eps_latest_yearly": 0.88,
            "eps_growth_yearly": 50.9
        },
        "20212": {
            "year_quarter": 20212,
            "year": 2021,
            "quarter": 2,
            "eps": 0.07,
            "eps_growth_year": -41.67,
            "eps_4q": 0.49,
            "eps_4q_growth_year": 12.22,
            "roe": 0.45,
            "roe_4q": 3.05,
            "gross_profit": 65598,
            "gross_margin": 31.59,
            "gross_margin_4q_avg": 28.16,
            "net_income": 6399,
            "net_income_4q": null,
            "revenue": 207675,
            "revenue_4q": null,
            "common_shares": 868427,
            "book_valuer_per_share": 15.97,
            "book_valuer_per_share_4q_avg": 16.16,
            "equity": 1386518,
            "current_ratio": 148.93,
            "debt_ratio": 50.56,
            "inventory_turnover_ratio": 0.8,
            "account_receivable_turnover_ratio": 0.95,
            "reinvestment_rate": -62.81,
            "research_to_sale_ratio": 1.84,
            "price_fair": 30.43,
            "eps_avg_yearly": 0.9,
            "eps_latest_yearly": 0.28,
            "eps_growth_yearly": 23.93
        },
        "20213": {
            "year_quarter": 20213,
            "year": 2021,
            "quarter": 3,
            "eps": 0.31,
            "eps_growth_year": 244.44,
            "eps_4q": 0.71,
            "eps_4q_growth_year": 271.49,
            "roe": 1.97,
            "roe_4q": 4.43,
            "gross_profit": 67484,
            "gross_margin": 33.1,
            "gross_margin_4q_avg": 29.64,
            "net_income": 27316,
            "net_income_4q": null,
            "revenue": 203871,
            "revenue_4q": null,
            "common_shares": 869204,
            "book_valuer_per_share": 15.94,
            "book_valuer_per_share_4q_avg": 16.19,
            "equity": 1385521,
            "current_ratio": 147.09,
            "debt_ratio": 52.16,
            "inventory_turnover_ratio": 0.69,
            "account_receivable_turnover_ratio": 0.86,
            "reinvestment_rate": -64.74,
            "research_to_sale_ratio": 1.97,
            "price_fair": 29.28,
            "eps_avg_yearly": 0.84,
            "eps_latest_yearly": 1.24,
            "eps_growth_yearly": 126.18
        },
        "20214": {
            "year_quarter": 20214,
            "year": 2021,
            "quarter": 4,
            "eps": 0.32,
            "eps_growth_year": 200.06,
            "eps_4q": 0.93,
            "eps_4q_growth_year": 136.92,
            "roe": 2,
            "roe_4q": 5.76,
            "gross_profit": 64449,
            "gross_margin": 30.8,
            "gross_margin_4q_avg": 31.3,
            "net_income": 28018,
            "net_income_4q": null,
            "revenue": 209237,
            "revenue_4q": null,
            "common_shares": 869204,
            "book_valuer_per_share": 16.36,
            "book_valuer_per_share_4q_avg": 16.21,
            "equity": 1422138,
            "current_ratio": 147.69,
            "debt_ratio": 52.06,
            "inventory_turnover_ratio": 0.71,
            "account_receivable_turnover_ratio": 0.88,
            "reinvestment_rate": -54.4,
            "research_to_sale_ratio": 1.91,
            "price_fair": 32.67,
            "eps_avg_yearly": 0.93,
            "eps_latest_yearly": 1.28,
            "eps_growth_yearly": 158.55
        },
        "20221": {
            "year_quarter": 20221,
            "year": 2022,
            "quarter": 1,
            "eps": 0.71,
            "eps_growth_year": 222.73,
            "eps_4q": 1.43,
            "eps_4q_growth_year": 166.54,
            "roe": 4.28,
            "roe_4q": 8.7,
            "gross_profit": 55362,
            "gross_margin": 28.21,
            "gross_margin_4q_avg": 30.93,
            "net_income": 62196,
            "net_income_4q": null,
            "revenue": 196219,
            "revenue_4q": null,
            "common_shares": 869204,
            "book_valuer_per_share": 17.05,
            "book_valuer_per_share_4q_avg": 16.33,
            "equity": 1481723,
            "current_ratio": 165.05,
            "debt_ratio": 45.87,
            "inventory_turnover_ratio": 0.67,
            "account_receivable_turnover_ratio": 0.86,
            "reinvestment_rate": -9,
            "research_to_sale_ratio": 1.72,
            "price_fair": 37.8,
            "eps_avg_yearly": 1.08,
            "eps_latest_yearly": 2.84,
            "eps_growth_yearly": 183.85
        },
        "20222": {
            "year_quarter": 20222,
            "year": 2022,
            "quarter": 2,
            "eps": 0.44,
            "eps_growth_year": 528.57,
            "eps_4q": 1.79,
            "eps_4q_growth_year": 263.57,
            "roe": 2.65,
            "roe_4q": 10.9,
            "gross_profit": 56255,
            "gross_margin": 28.24,
            "gross_margin_4q_avg": 30.09,
            "net_income": 38622,
            "net_income_4q": null,
            "revenue": 199219,
            "revenue_4q": null,
            "common_shares": 871477,
            "book_valuer_per_share": 16.48,
            "book_valuer_per_share_4q_avg": 16.46,
            "equity": 1436587,
            "current_ratio": 171.69,
            "debt_ratio": 43.67,
            "inventory_turnover_ratio": 0.65,
            "account_receivable_turnover_ratio": 0.91,
            "reinvestment_rate": -11.89,
            "research_to_sale_ratio": 1.81,
            "price_fair": 39.5,
            "eps_avg_yearly": 1.13,
            "eps_latest_yearly": 1.76,
            "eps_growth_yearly": 159.86
        },
        "20223": {
            "year_quarter": 20223,
            "year": 2022,
            "quarter": 3,
            "eps": 0.92,
            "eps_growth_year": 196.77,
            "eps_4q": 2.4,
            "eps_4q_growth_year": 235.67,
            "roe": 5.43,
            "roe_4q": 14.36,
            "gross_profit": 55628,
            "gross_margin": 28.53,
            "gross_margin_4q_avg": 28.95,
            "net_income": 80192,
            "net_income_4q": null,
            "revenue": 194954,
            "revenue_4q": null,
            "common_shares": 871477,
            "book_valuer_per_share": 17.43,
            "book_valuer_per_share_4q_avg": 16.83,
            "equity": 1519374,
            "current_ratio": 198.84,
            "debt_ratio": 36.46,
            "inventory_turnover_ratio": 0.62,
            "account_receivable_turnover_ratio": 0.92,
            "reinvestment_rate": -4.88,
            "research_to_sale_ratio": 1.83,
            "price_fair": 44.5,
            "eps_avg_yearly": 1.27,
            "eps_latest_yearly": 3.68,
            "eps_growth_yearly": 207.1
        },
        "20224": {
            "year_quarter": 20224,
            "year": 2022,
            "quarter": 4,
            "eps": 0.11,
            "eps_growth_year": -65.8,
            "eps_4q": 2.19,
            "eps_4q_growth_year": 135.3,
            "roe": 0.63,
            "roe_4q": 12.989999999999998,
            "gross_profit": 37769,
            "gross_margin": 21.01,
            "gross_margin_4q_avg": 26.5,
            "net_income": 9606,
            "net_income_4q": null,
            "revenue": 179755,
            "revenue_4q": null,
            "common_shares": 871477,
            "book_valuer_per_share": 17.6,
            "book_valuer_per_share_4q_avg": 17.14,
            "equity": 1534136,
            "current_ratio": 204.13,
            "debt_ratio": 34.27,
            "inventory_turnover_ratio": 0.66,
            "account_receivable_turnover_ratio": 0.91,
            "reinvestment_rate": -1.94,
            "research_to_sale_ratio": 2.09,
            "price_fair": 44.4,
            "eps_avg_yearly": 1.27,
            "eps_latest_yearly": 0.44,
            "eps_growth_yearly": 202.35
        },
        "20231": {
            "year_quarter": 20231,
            "year": 2023,
            "quarter": 1,
            "eps": 0.23,
            "eps_growth_year": -67.61,
            "eps_4q": 1.71,
            "eps_4q_growth_year": 19.68,
            "roe": 1.31,
            "roe_4q": 10.02,
            "gross_profit": 36986,
            "gross_margin": 25.25,
            "gross_margin_4q_avg": 25.76,
            "net_income": 20289,
            "net_income_4q": null,
            "revenue": 146452,
            "revenue_4q": null,
            "common_shares": 871477,
            "book_valuer_per_share": 17.95,
            "book_valuer_per_share_4q_avg": 17.37,
            "equity": 1564481,
            "current_ratio": 205.01,
            "debt_ratio": 34.12,
            "inventory_turnover_ratio": 0.51,
            "account_receivable_turnover_ratio": 0.82,
            "reinvestment_rate": -3.54,
            "research_to_sale_ratio": 1.71,
            "price_fair": 43.4,
            "eps_avg_yearly": 1.24,
            "eps_latest_yearly": 0.92,
            "eps_growth_yearly": 183.52
        },
        "20232": {
            "year_quarter": 20232,
            "year": 2023,
            "quarter": 2,
            "eps": 0.36,
            "eps_growth_year": -18.18,
            "eps_4q": 1.62,
            "eps_4q_growth_year": -9.73,
            "roe": 2.07,
            "roe_4q": 9.44,
            "gross_profit": 27742,
            "gross_margin": 19.15,
            "gross_margin_4q_avg": 23.49,
            "net_income": 31669,
            "net_income_4q": null,
            "revenue": 144880,
            "revenue_4q": null,
            "common_shares": 871477,
            "book_valuer_per_share": 17.14,
            "book_valuer_per_share_4q_avg": 17.53,
            "equity": 1493593,
            "current_ratio": 185.34,
            "debt_ratio": 37.56,
            "inventory_turnover_ratio": 0.53,
            "account_receivable_turnover_ratio": 0.95,
            "reinvestment_rate": -3.37,
            "research_to_sale_ratio": 2.54,
            "price_fair": 43.5,
            "eps_avg_yearly": 1.24,
            "eps_latest_yearly": 1.44,
            "eps_growth_yearly": 197.94
        },
        "20233": {
            "year_quarter": 20233,
            "year": 2023,
            "quarter": 3,
            "eps": 0.42,
            "eps_growth_year": -54.35,
            "eps_4q": 1.12,
            "eps_4q_growth_year": -53.2,
            "roe": 2.44,
            "roe_4q": 6.45,
            "gross_profit": 32709,
            "gross_margin": 26.68,
            "gross_margin_4q_avg": 23.02,
            "net_income": 36815,
            "net_income_4q": null,
            "revenue": 122592,
            "revenue_4q": null,
            "common_shares": 876390,
            "book_valuer_per_share": 17.41,
            "book_valuer_per_share_4q_avg": 17.53,
            "equity": 1525369,
            "current_ratio": 231.5,
            "debt_ratio": 28.53,
            "inventory_turnover_ratio": 0.41,
            "account_receivable_turnover_ratio": 0.86,
            "reinvestment_rate": 3.68,
            "research_to_sale_ratio": 3.13,
            "price_fair": 44.3,
            "eps_avg_yearly": 1.27,
            "eps_latest_yearly": 1.68,
            "eps_growth_yearly": 203.51
        },
        "20234": {
            "year_quarter": 20234,
            "year": 2023,
            "quarter": 4,
            "eps": -0.16,
            "eps_growth_year": -244.69,
            "eps_4q": 0.85,
            "eps_4q_growth_year": -60.98,
            "roe": -0.92,
            "roe_4q": 4.9,
            "gross_profit": 19519,
            "gross_margin": 14.94,
            "gross_margin_4q_avg": 21.51,
            "net_income": -13977,
            "net_income_4q": null,
            "revenue": 130678,
            "revenue_4q": null,
            "common_shares": 876390,
            "book_valuer_per_share": 17.2,
            "book_valuer_per_share_4q_avg": 17.43,
            "equity": 1507619,
            "current_ratio": 223.67,
            "debt_ratio": 28.98,
            "inventory_turnover_ratio": 0.53,
            "account_receivable_turnover_ratio": 0.9,
            "reinvestment_rate": 4.74,
            "research_to_sale_ratio": 2.88,
            "price_fair": 44.3,
            "eps_avg_yearly": 1.27,
            "eps_latest_yearly": 1.68,
            "eps_growth_yearly": 203.51
        }
    },
    "months": {
        "2002-03": {
            "month": "2002-03",
            "price": "64.95",
            "revenue": 32415
        },
        "2002-04": {
            "month": "2002-04",
            "price": "67.67",
            "revenue": 29624
        },
        "2002-05": {
            "month": "2002-05",
            "price": "59.70",
            "revenue": 32038
        },
        "2002-06": {
            "month": "2002-06",
            "price": "53.84",
            "revenue": 24262
        },
        "2002-07": {
            "month": "2002-07",
            "price": "47.06",
            "revenue": 25575
        },
        "2002-08": {
            "month": "2002-08",
            "price": "39.41",
            "revenue": 23964
        },
        "2002-09": {
            "month": "2002-09",
            "price": "43.46",
            "revenue": 30759
        },
        "2002-10": {
            "month": "2002-10",
            "price": "46.85",
            "revenue": 33473
        },
        "2002-11": {
            "month": "2002-11",
            "price": "46.58",
            "revenue": 23173
        },
        "2002-12": {
            "month": "2002-12",
            "price": "41.27",
            "revenue": 21360
        },
        "2003-01": {
            "month": "2003-01",
            "price": "36.93",
            "revenue": 24346
        },
        "2003-02": {
            "month": "2003-02",
            "price": "35.96",
            "revenue": 25491
        },
        "2003-03": {
            "month": "2003-03",
            "price": "33.33",
            "revenue": 28756
        },
        "2003-04": {
            "month": "2003-04",
            "price": "31.98",
            "revenue": 30787
        },
        "2003-05": {
            "month": "2003-05",
            "price": "36.87",
            "revenue": 28404
        },
        "2003-06": {
            "month": "2003-06",
            "price": "35.83",
            "revenue": 23798
        },
        "2003-07": {
            "month": "2003-07",
            "price": "32.36",
            "revenue": 30041
        },
        "2003-08": {
            "month": "2003-08",
            "price": "31.96",
            "revenue": 35450
        },
        "2003-09": {
            "month": "2003-09",
            "price": "30.46",
            "revenue": 38748
        },
        "2003-10": {
            "month": "2003-10",
            "price": "30.67",
            "revenue": 43300
        },
        "2003-11": {
            "month": "2003-11",
            "price": "36.32",
            "revenue": 41000
        },
        "2003-12": {
            "month": "2003-12",
            "price": "37.50",
            "revenue": 44107
        },
        "2004-01": {
            "month": "2004-01",
            "price": "39.40",
            "revenue": 31830
        },
        "2004-02": {
            "month": "2004-02",
            "price": "40.74",
            "revenue": 35746
        },
        "2004-03": {
            "month": "2004-03",
            "price": "39.90",
            "revenue": 40048
        },
        "2004-04": {
            "month": "2004-04",
            "price": "41.30",
            "revenue": 45271
        },
        "2004-05": {
            "month": "2004-05",
            "price": "38.85",
            "revenue": 46422
        },
        "2004-06": {
            "month": "2004-06",
            "price": "38.16",
            "revenue": 50976
        },
        "2004-07": {
            "month": "2004-07",
            "price": "35.79",
            "revenue": 49469
        },
        "2004-08": {
            "month": "2004-08",
            "price": "31.94",
            "revenue": 48553
        },
        "2004-09": {
            "month": "2004-09",
            "price": "30.17",
            "revenue": 51837
        },
        "2004-10": {
            "month": "2004-10",
            "price": "28.66",
            "revenue": 43458
        },
        "2004-11": {
            "month": "2004-11",
            "price": "28.56",
            "revenue": 43040
        },
        "2004-12": {
            "month": "2004-12",
            "price": "27.26",
            "revenue": 39252
        },
        "2005-01": {
            "month": "2005-01",
            "price": "25.34",
            "revenue": 48747
        },
        "2005-02": {
            "month": "2005-02",
            "price": "28.17",
            "revenue": 33560
        },
        "2005-03": {
            "month": "2005-03",
            "price": "31.79",
            "revenue": 55661
        },
        "2005-04": {
            "month": "2005-04",
            "price": "31.96",
            "revenue": 57030
        },
        "2005-05": {
            "month": "2005-05",
            "price": "30.42",
            "revenue": 51255
        },
        "2005-06": {
            "month": "2005-06",
            "price": "31.79",
            "revenue": 42709
        },
        "2005-07": {
            "month": "2005-07",
            "price": "29.57",
            "revenue": 56060
        },
        "2005-08": {
            "month": "2005-08",
            "price": "26.34",
            "revenue": 50712
        },
        "2005-09": {
            "month": "2005-09",
            "price": "25.43",
            "revenue": 49576
        },
        "2005-10": {
            "month": "2005-10",
            "price": "24.83",
            "revenue": 50707
        },
        "2005-11": {
            "month": "2005-11",
            "price": "25.57",
            "revenue": 51634
        },
        "2005-12": {
            "month": "2005-12",
            "price": "27.95",
            "revenue": 50001
        },
        "2006-01": {
            "month": "2006-01",
            "price": "30.09",
            "revenue": 48405
        },
        "2006-02": {
            "month": "2006-02",
            "price": "29.61",
            "revenue": 35346
        },
        "2006-03": {
            "month": "2006-03",
            "price": "29.73",
            "revenue": 51506
        },
        "2006-04": {
            "month": "2006-04",
            "price": "29.73",
            "revenue": 55699
        },
        "2006-05": {
            "month": "2006-05",
            "price": "29.49",
            "revenue": 50026
        },
        "2006-06": {
            "month": "2006-06",
            "price": "26.18",
            "revenue": 55377
        },
        "2006-07": {
            "month": "2006-07",
            "price": "26.41",
            "revenue": 54036
        },
        "2006-08": {
            "month": "2006-08",
            "price": "28.52",
            "revenue": 52349
        },
        "2006-09": {
            "month": "2006-09",
            "price": "25.92",
            "revenue": 57538
        },
        "2006-10": {
            "month": "2006-10",
            "price": "27.90",
            "revenue": 53789
        },
        "2006-11": {
            "month": "2006-11",
            "price": "28.76",
            "revenue": 57789
        },
        "2006-12": {
            "month": "2006-12",
            "price": "30.05",
            "revenue": 46354
        },
        "2007-01": {
            "month": "2007-01",
            "price": "32.38",
            "revenue": 60524
        },
        "2007-02": {
            "month": "2007-02",
            "price": "35.68",
            "revenue": 35523
        },
        "2007-03": {
            "month": "2007-03",
            "price": "36.83",
            "revenue": 56415
        },
        "2007-04": {
            "month": "2007-04",
            "price": "39.26",
            "revenue": 55720
        },
        "2007-05": {
            "month": "2007-05",
            "price": "38.70",
            "revenue": 61517
        },
        "2007-06": {
            "month": "2007-06",
            "price": "44.40",
            "revenue": 57886
        },
        "2007-07": {
            "month": "2007-07",
            "price": "45.28",
            "revenue": 61852
        },
        "2007-08": {
            "month": "2007-08",
            "price": "55.54",
            "revenue": 78286
        },
        "2007-09": {
            "month": "2007-09",
            "price": "52.55",
            "revenue": 80977
        },
        "2007-10": {
            "month": "2007-10",
            "price": "49.64",
            "revenue": 72796
        },
        "2007-11": {
            "month": "2007-11",
            "price": "41.18",
            "revenue": 73539
        },
        "2007-12": {
            "month": "2007-12",
            "price": "34.42",
            "revenue": 62202
        },
        "2008-01": {
            "month": "2008-01",
            "price": "32.38",
            "revenue": 76155
        },
        "2008-02": {
            "month": "2008-02",
            "price": "33.27",
            "revenue": 50657
        },
        "2008-03": {
            "month": "2008-03",
            "price": "35.41",
            "revenue": 74944
        },
        "2008-04": {
            "month": "2008-04",
            "price": "38.25",
            "revenue": 75415
        },
        "2008-05": {
            "month": "2008-05",
            "price": "39.15",
            "revenue": 77666
        },
        "2008-06": {
            "month": "2008-06",
            "price": "36.89",
            "revenue": 75651
        },
        "2008-07": {
            "month": "2008-07",
            "price": "30.54",
            "revenue": 82199
        },
        "2008-08": {
            "month": "2008-08",
            "price": "34.15",
            "revenue": 79368
        },
        "2008-09": {
            "month": "2008-09",
            "price": "27.69",
            "revenue": 81574
        },
        "2008-10": {
            "month": "2008-10",
            "price": "23.60",
            "revenue": 70740
        },
        "2008-11": {
            "month": "2008-11",
            "price": "20.03",
            "revenue": 51420
        },
        "2008-12": {
            "month": "2008-12",
            "price": "17.43",
            "revenue": 42316
        },
        "2009-01": {
            "month": "2009-01",
            "price": "16.20",
            "revenue": 41384
        },
        "2009-02": {
            "month": "2009-02",
            "price": "16.60",
            "revenue": 48571
        },
        "2009-03": {
            "month": "2009-03",
            "price": "19.50",
            "revenue": 60560
        },
        "2009-04": {
            "month": "2009-04",
            "price": "23.15",
            "revenue": 58635
        },
        "2009-05": {
            "month": "2009-05",
            "price": "24.27",
            "revenue": 54206
        },
        "2009-06": {
            "month": "2009-06",
            "price": "24.81",
            "revenue": 57454
        },
        "2009-07": {
            "month": "2009-07",
            "price": "27.01",
            "revenue": 70047
        },
        "2009-08": {
            "month": "2009-08",
            "price": "31.06",
            "revenue": 79961
        },
        "2009-09": {
            "month": "2009-09",
            "price": "32.14",
            "revenue": 85934
        },
        "2009-10": {
            "month": "2009-10",
            "price": "33.36",
            "revenue": 70639
        },
        "2009-11": {
            "month": "2009-11",
            "price": "31.28",
            "revenue": 64627
        },
        "2009-12": {
            "month": "2009-12",
            "price": "33.77",
            "revenue": 66827
        },
        "2010-01": {
            "month": "2010-01",
            "price": "36.25",
            "revenue": 65284
        },
        "2010-02": {
            "month": "2010-02",
            "price": "35.72",
            "revenue": 42546
        },
        "2010-03": {
            "month": "2010-03",
            "price": "36.24",
            "revenue": 69674
        },
        "2010-04": {
            "month": "2010-04",
            "price": "38.69",
            "revenue": 59421
        },
        "2010-05": {
            "month": "2010-05",
            "price": "33.14",
            "revenue": 68995
        },
        "2010-06": {
            "month": "2010-06",
            "price": "32.24",
            "revenue": 57515
        },
        "2010-07": {
            "month": "2010-07",
            "price": "30.93",
            "revenue": 67036
        },
        "2010-08": {
            "month": "2010-08",
            "price": "32.13",
            "revenue": 57629
        },
        "2010-09": {
            "month": "2010-09",
            "price": "30.57",
            "revenue": 54303
        },
        "2010-10": {
            "month": "2010-10",
            "price": "30.05",
            "revenue": 44695
        },
        "2010-11": {
            "month": "2010-11",
            "price": "28.62",
            "revenue": 47595
        },
        "2010-12": {
            "month": "2010-12",
            "price": "29.40",
            "revenue": 50507
        },
        "2011-01": {
            "month": "2011-01",
            "price": "30.42",
            "revenue": 54028
        },
        "2011-02": {
            "month": "2011-02",
            "price": "30.02",
            "revenue": 37819
        },
        "2011-03": {
            "month": "2011-03",
            "price": "28.47",
            "revenue": 80957
        },
        "2011-04": {
            "month": "2011-04",
            "price": "28.57",
            "revenue": 57677
        },
        "2011-05": {
            "month": "2011-05",
            "price": "26.87",
            "revenue": 58063
        },
        "2011-06": {
            "month": "2011-06",
            "price": "25.33",
            "revenue": 59780
        },
        "2011-07": {
            "month": "2011-07",
            "price": "25.03",
            "revenue": 53120
        },
        "2011-08": {
            "month": "2011-08",
            "price": "22.91",
            "revenue": 63653
        },
        "2011-09": {
            "month": "2011-09",
            "price": "21.09",
            "revenue": 58636
        },
        "2011-10": {
            "month": "2011-10",
            "price": "20.05",
            "revenue": 53648
        },
        "2011-11": {
            "month": "2011-11",
            "price": "19.76",
            "revenue": 53652
        },
        "2011-12": {
            "month": "2011-12",
            "price": "18.91",
            "revenue": 50853
        },
        "2012-01": {
            "month": "2012-01",
            "price": "18.41",
            "revenue": 37180
        },
        "2012-02": {
            "month": "2012-02",
            "price": "19.63",
            "revenue": 49718
        },
        "2012-03": {
            "month": "2012-03",
            "price": "20.62",
            "revenue": 59417
        },
        "2012-04": {
            "month": "2012-04",
            "price": "20.98",
            "revenue": 60145
        },
        "2012-05": {
            "month": "2012-05",
            "price": "20.40",
            "revenue": 64520
        },
        "2012-06": {
            "month": "2012-06",
            "price": "19.88",
            "revenue": 60839
        },
        "2012-07": {
            "month": "2012-07",
            "price": "19.40",
            "revenue": 62348
        },
        "2012-08": {
            "month": "2012-08",
            "price": "19.20",
            "revenue": 64335
        },
        "2012-09": {
            "month": "2012-09",
            "price": "18.44",
            "revenue": 69620
        },
        "2012-10": {
            "month": "2012-10",
            "price": "16.95",
            "revenue": 54606
        },
        "2012-11": {
            "month": "2012-11",
            "price": "16.45",
            "revenue": 65461
        },
        "2012-12": {
            "month": "2012-12",
            "price": "17.29",
            "revenue": 62565
        },
        "2013-01": {
            "month": "2013-01",
            "price": "19.86",
            "revenue": 68834
        },
        "2013-02": {
            "month": "2013-02",
            "price": "20.86",
            "revenue": 40461
        },
        "2013-03": {
            "month": "2013-03",
            "price": "21.37",
            "revenue": 70711
        },
        "2013-04": {
            "month": "2013-04",
            "price": "20.96",
            "revenue": 62712
        },
        "2013-05": {
            "month": "2013-05",
            "price": "21.52",
            "revenue": 50823
        },
        "2013-06": {
            "month": "2013-06",
            "price": "20.88",
            "revenue": 60048
        },
        "2013-07": {
            "month": "2013-07",
            "price": "20.42",
            "revenue": 58965
        },
        "2013-08": {
            "month": "2013-08",
            "price": "20.70",
            "revenue": 60496
        },
        "2013-09": {
            "month": "2013-09",
            "price": "20.00",
            "revenue": 58056
        },
        "2013-10": {
            "month": "2013-10",
            "price": "19.71",
            "revenue": 57125
        },
        "2013-11": {
            "month": "2013-11",
            "price": "19.30",
            "revenue": 62117
        },
        "2013-12": {
            "month": "2013-12",
            "price": "20.15",
            "revenue": 52681
        },
        "2014-01": {
            "month": "2014-01",
            "price": "24.74",
            "revenue": 51428
        },
        "2014-02": {
            "month": "2014-02",
            "price": "31.17",
            "revenue": 49222
        },
        "2014-03": {
            "month": "2014-03",
            "price": "29.51",
            "revenue": 48086
        },
        "2014-04": {
            "month": "2014-04",
            "price": "30.67",
            "revenue": 56888
        },
        "2014-05": {
            "month": "2014-05",
            "price": "28.87",
            "revenue": 63427
        },
        "2014-06": {
            "month": "2014-06",
            "price": "29.04",
            "revenue": 54058
        },
        "2014-07": {
            "month": "2014-07",
            "price": "26.68",
            "revenue": 57432
        },
        "2014-08": {
            "month": "2014-08",
            "price": "23.12",
            "revenue": 53488
        },
        "2014-09": {
            "month": "2014-09",
            "price": "22.04",
            "revenue": 61240
        },
        "2014-10": {
            "month": "2014-10",
            "price": "20.01",
            "revenue": 64791
        },
        "2014-11": {
            "month": "2014-11",
            "price": "19.94",
            "revenue": 53731
        },
        "2014-12": {
            "month": "2014-12",
            "price": "20.89",
            "revenue": 64937
        },
        "2015-01": {
            "month": "2015-01",
            "price": "23.06",
            "revenue": 55455
        },
        "2015-02": {
            "month": "2015-02",
            "price": "22.53",
            "revenue": 37561
        },
        "2015-03": {
            "month": "2015-03",
            "price": "24.02",
            "revenue": 61157
        },
        "2015-04": {
            "month": "2015-04",
            "price": "24.50",
            "revenue": 58281
        },
        "2015-05": {
            "month": "2015-05",
            "price": "23.10",
            "revenue": 52701
        },
        "2015-06": {
            "month": "2015-06",
            "price": "19.72",
            "revenue": 50141
        },
        "2015-07": {
            "month": "2015-07",
            "price": "19.75",
            "revenue": 58172
        },
        "2015-08": {
            "month": "2015-08",
            "price": "17.21",
            "revenue": 55071
        },
        "2015-09": {
            "month": "2015-09",
            "price": "17.00",
            "revenue": 54152
        },
        "2015-10": {
            "month": "2015-10",
            "price": "17.44",
            "revenue": 46095
        },
        "2015-11": {
            "month": "2015-11",
            "price": "17.96",
            "revenue": 49965
        },
        "2015-12": {
            "month": "2015-12",
            "price": "17.88",
            "revenue": 53578
        },
        "2016-01": {
            "month": "2016-01",
            "price": "17.05",
            "revenue": 54403
        },
        "2016-02": {
            "month": "2016-02",
            "price": "17.59",
            "revenue": 33906
        },
        "2016-03": {
            "month": "2016-03",
            "price": "18.85",
            "revenue": 56470
        },
        "2016-04": {
            "month": "2016-04",
            "price": "18.09",
            "revenue": 54650
        },
        "2016-05": {
            "month": "2016-05",
            "price": "17.63",
            "revenue": 52324
        },
        "2016-06": {
            "month": "2016-06",
            "price": "17.70",
            "revenue": 55098
        },
        "2016-07": {
            "month": "2016-07",
            "price": "16.93",
            "revenue": 51237
        },
        "2016-08": {
            "month": "2016-08",
            "price": "17.67",
            "revenue": 52998
        },
        "2016-09": {
            "month": "2016-09",
            "price": "18.52",
            "revenue": 56224
        },
        "2016-10": {
            "month": "2016-10",
            "price": "18.05",
            "revenue": 57707
        },
        "2016-11": {
            "month": "2016-11",
            "price": "17.70",
            "revenue": 59280
        },
        "2016-12": {
            "month": "2016-12",
            "price": "17.62",
            "revenue": 58448
        },
        "2017-01": {
            "month": "2017-01",
            "price": "17.62",
            "revenue": 48167
        },
        "2017-02": {
            "month": "2017-02",
            "price": "17.72",
            "revenue": 48396
        },
        "2017-03": {
            "month": "2017-03",
            "price": "18.13",
            "revenue": 61814
        },
        "2017-04": {
            "month": "2017-04",
            "price": "18.90",
            "revenue": 61017
        },
        "2017-05": {
            "month": "2017-05",
            "price": "21.36",
            "revenue": 59245
        },
        "2017-06": {
            "month": "2017-06",
            "price": "19.81",
            "revenue": 53573
        },
        "2017-07": {
            "month": "2017-07",
            "price": "17.85",
            "revenue": 62336
        },
        "2017-08": {
            "month": "2017-08",
            "price": "18.51",
            "revenue": 60582
        },
        "2017-09": {
            "month": "2017-09",
            "price": "19.55",
            "revenue": 65887
        },
        "2017-10": {
            "month": "2017-10",
            "price": "19.53",
            "revenue": 55818
        },
        "2017-11": {
            "month": "2017-11",
            "price": "19.21",
            "revenue": 61388
        },
        "2017-12": {
            "month": "2017-12",
            "price": "19.17",
            "revenue": 60244
        },
        "2018-01": {
            "month": "2018-01",
            "price": "21.47",
            "revenue": 66157
        },
        "2018-02": {
            "month": "2018-02",
            "price": "19.88",
            "revenue": 36518
        },
        "2018-03": {
            "month": "2018-03",
            "price": "20.35",
            "revenue": 60093
        },
        "2018-04": {
            "month": "2018-04",
            "price": "20.91",
            "revenue": 62858
        },
        "2018-05": {
            "month": "2018-05",
            "price": "21.90",
            "revenue": 69639
        },
        "2018-06": {
            "month": "2018-06",
            "price": "37.34",
            "revenue": 67605
        },
        "2018-07": {
            "month": "2018-07",
            "price": "43.71",
            "revenue": 68076
        },
        "2018-08": {
            "month": "2018-08",
            "price": "36.59",
            "revenue": 71445
        },
        "2018-09": {
            "month": "2018-09",
            "price": "31.86",
            "revenue": 50345
        },
        "2018-10": {
            "month": "2018-10",
            "price": "23.26",
            "revenue": 56314
        },
        "2018-11": {
            "month": "2018-11",
            "price": "21.05",
            "revenue": 57666
        },
        "2018-12": {
            "month": "2018-12",
            "price": "21.89",
            "revenue": 55470
        },
        "2019-01": {
            "month": "2019-01",
            "price": "20.12",
            "revenue": 53533
        },
        "2019-02": {
            "month": "2019-02",
            "price": "21.60",
            "revenue": 32183
        },
        "2019-03": {
            "month": "2019-03",
            "price": "20.64",
            "revenue": 57644
        },
        "2019-04": {
            "month": "2019-04",
            "price": "22.53",
            "revenue": 41746
        },
        "2019-05": {
            "month": "2019-05",
            "price": "20.84",
            "revenue": 63523
        },
        "2019-06": {
            "month": "2019-06",
            "price": "20.88",
            "revenue": 51207
        },
        "2019-07": {
            "month": "2019-07",
            "price": "21.20",
            "revenue": 56422
        },
        "2019-08": {
            "month": "2019-08",
            "price": "20.46",
            "revenue": 62227
        },
        "2019-09": {
            "month": "2019-09",
            "price": "24.34",
            "revenue": 60521
        },
        "2019-10": {
            "month": "2019-10",
            "price": "27.54",
            "revenue": 49227
        },
        "2019-11": {
            "month": "2019-11",
            "price": "25.59",
            "revenue": 58676
        },
        "2019-12": {
            "month": "2019-12",
            "price": "27.78",
            "revenue": 62992
        },
        "2020-01": {
            "month": "2020-01",
            "price": "27.23",
            "revenue": 36760
        },
        "2020-02": {
            "month": "2020-02",
            "price": "26.68",
            "revenue": 45944
        },
        "2020-03": {
            "month": "2020-03",
            "price": "20.45",
            "revenue": 52082
        },
        "2020-04": {
            "month": "2020-04",
            "price": "21.06",
            "revenue": 52298
        },
        "2020-05": {
            "month": "2020-05",
            "price": "24.38",
            "revenue": 54879
        },
        "2020-06": {
            "month": "2020-06",
            "price": "24.43",
            "revenue": 50519
        },
        "2020-07": {
            "month": "2020-07",
            "price": "23.37",
            "revenue": 42297
        },
        "2020-08": {
            "month": "2020-08",
            "price": "21.42",
            "revenue": 57200
        },
        "2020-09": {
            "month": "2020-09",
            "price": "21.33",
            "revenue": 48030
        },
        "2020-10": {
            "month": "2020-10",
            "price": "22.04",
            "revenue": 43858
        },
        "2020-11": {
            "month": "2020-11",
            "price": "24.05",
            "revenue": 64534
        },
        "2020-12": {
            "month": "2020-12",
            "price": "26.30",
            "revenue": 58339
        },
        "2021-01": {
            "month": "2021-01",
            "price": "25.94",
            "revenue": 65913
        },
        "2021-02": {
            "month": "2021-02",
            "price": "26.17",
            "revenue": 45652
        },
        "2021-03": {
            "month": "2021-03",
            "price": "28.15",
            "revenue": 67218
        },
        "2021-04": {
            "month": "2021-04",
            "price": "29.64",
            "revenue": 67873
        },
        "2021-05": {
            "month": "2021-05",
            "price": "25.62",
            "revenue": 65467
        },
        "2021-06": {
            "month": "2021-06",
            "price": "26.32",
            "revenue": 74335
        },
        "2021-07": {
            "month": "2021-07",
            "price": "29.61",
            "revenue": 71328
        },
        "2021-08": {
            "month": "2021-08",
            "price": "25.95",
            "revenue": 64930
        },
        "2021-09": {
            "month": "2021-09",
            "price": "23.36",
            "revenue": 67613
        },
        "2021-10": {
            "month": "2021-10",
            "price": "23.10",
            "revenue": 63315
        },
        "2021-11": {
            "month": "2021-11",
            "price": "24.64",
            "revenue": 75574
        },
        "2021-12": {
            "month": "2021-12",
            "price": "24.34",
            "revenue": 70348
        },
        "2022-01": {
            "month": "2022-01",
            "price": "24.22",
            "revenue": 66586
        },
        "2022-02": {
            "month": "2022-02",
            "price": "23.72",
            "revenue": 48898
        },
        "2022-03": {
            "month": "2022-03",
            "price": "23.48",
            "revenue": 80735
        },
        "2022-04": {
            "month": "2022-04",
            "price": "23.53",
            "revenue": 66118
        },
        "2022-05": {
            "month": "2022-05",
            "price": "23.73",
            "revenue": 66385
        },
        "2022-06": {
            "month": "2022-06",
            "price": "23.99",
            "revenue": 66716
        },
        "2022-07": {
            "month": "2022-07",
            "price": "21.02",
            "revenue": 69910
        },
        "2022-08": {
            "month": "2022-08",
            "price": "22.44",
            "revenue": 63458
        },
        "2022-09": {
            "month": "2022-09",
            "price": "22.41",
            "revenue": 61586
        },
        "2022-10": {
            "month": "2022-10",
            "price": "20.68",
            "revenue": 62112
        },
        "2022-11": {
            "month": "2022-11",
            "price": "22.58",
            "revenue": 58577
        },
        "2022-12": {
            "month": "2022-12",
            "price": "24.55",
            "revenue": 59066
        },
        "2023-01": {
            "month": "2023-01",
            "price": "24.51",
            "revenue": 41404
        },
        "2023-02": {
            "month": "2023-02",
            "price": "25.28",
            "revenue": 48076
        },
        "2023-03": {
            "month": "2023-03",
            "price": "27.10",
            "revenue": 56972
        },
        "2023-04": {
            "month": "2023-04",
            "price": "26.94",
            "revenue": 55608
        },
        "2023-05": {
            "month": "2023-05",
            "price": "25.67",
            "revenue": 47996
        },
        "2023-06": {
            "month": "2023-06",
            "price": "25.96",
            "revenue": 41276
        },
        "2023-07": {
            "month": "2023-07",
            "price": "26.35",
            "revenue": 44037
        },
        "2023-08": {
            "month": "2023-08",
            "price": "24.74",
            "revenue": 44124
        },
        "2023-09": {
            "month": "2023-09",
            "price": "26.58",
            "revenue": 34431
        },
        "2023-10": {
            "month": "2023-10",
            "price": "26.87",
            "revenue": 48054
        },
        "2023-11": {
            "month": "2023-11",
            "price": "27.56",
            "revenue": 41715
        },
        "2023-12": {
            "month": "2023-12",
            "price": "27.50",
            "revenue": 40909
        }
    }
}
