{
    "summary": {
        "stock_name": "松上",
        "stock_id": "6156",
        "category": "電子零組件",
        "main_business": "印刷電路板、磁性元件",
        "website_url": "http://www.song-shang.com.tw",
        "ceo": "陳添富",
        "pe_ratio": 12,
        "report_year_from": 2001,
        "report_year_to": 2023,
        "age": 23,
        "eps_negative_percentage": 30,
        "eps_growth_avg": {
            "last_all": -3.17,
            "last_2y": 19.65,
            "last_4y": 9.29,
            "last_8y": 16.52,
            "last_12y": 4.87,
            "last_16y": -4.66,
            "last_20y": 3.75,
            "at_2006_last_3y": 34.58,
            "at_2007_last_3y": 0.93,
            "at_2008_last_3y": -32.09,
            "at_2009_last_3y": 0,
            "at_2010_last_3y": -100,
            "at_2011_last_3y": null,
            "at_2012_last_3y": null,
            "at_2013_last_3y": -100,
            "at_2014_last_3y": -100,
            "at_2015_last_3y": -4.32,
            "at_2016_last_3y": 3.14,
            "at_2017_last_3y": 34.29,
            "at_2018_last_3y": 25.57,
            "at_2019_last_3y": -6.83,
            "at_2020_last_3y": -4.92,
            "at_2021_last_3y": -3.84,
            "at_2022_last_3y": 20.14,
            "at_2023_last_3y": 21.17,
            "at_2024_last_3y": 21.17,
            "at_2006_last_all": 0.93,
            "at_2007_last_all": -19.25,
            "at_2008_last_all": -19.25,
            "at_2009_last_all": -19.25,
            "at_2010_last_all": -19.25,
            "at_2011_last_all": -19.25,
            "at_2012_last_all": -19.25,
            "at_2013_last_all": -32.71,
            "at_2014_last_all": -32.71,
            "at_2015_last_all": -14.99,
            "at_2016_last_all": -10.86,
            "at_2017_last_all": -10.38,
            "at_2018_last_all": -9.4,
            "at_2019_last_all": -12.02,
            "at_2020_last_all": -8.88,
            "at_2021_last_all": -8.37,
            "at_2022_last_all": -0.96,
            "at_2023_last_all": -3.17,
            "at_2024_last_all": -3.17
        },
        "latest_eps": 2.12,
        "latest_price": 24.5,
        "latest_roe": 10.52,
        "latest_gross_margin": 17.09,
        "latest_equity": 1999954,
        "latest_revenue": 889470,
        "latest_gross_profit": 152030,
        "latest_net_income": 67828,
        "latest_debt_ratio": 53.35,
        "latest_current_ratio": 174.37,
        "latest_account_receivable_turnover_ratio": 0.74,
        "latest_inventory_turnover_ratio": 2.33,
        "latest_reinvestment_rate": -25.22,
        "latest_research_to_sale_ratio": 0.72
    },
    "eps_dividends": {
        "1999": {
            "cash": 0.08,
            "stock": 1.34,
            "eps": 0
        },
        "2000": {
            "cash": 0,
            "stock": 1,
            "eps": 0
        },
        "2001": {
            "cash": 0,
            "stock": 1.5,
            "eps": 1.44
        },
        "2002": {
            "cash": 0,
            "stock": 1.5,
            "eps": -4.56
        },
        "2003": {
            "cash": 0,
            "stock": 0,
            "eps": 2.05
        },
        "2004": {
            "cash": 0,
            "stock": 1.35,
            "eps": 4.29
        },
        "2005": {
            "cash": 0.2,
            "stock": 1.3,
            "eps": 0.16
        },
        "2006": {
            "cash": 0,
            "stock": 1,
            "eps": 0.51
        },
        "2007": {
            "cash": 0,
            "stock": 0.95,
            "eps": -3.99
        },
        "2008": {
            "cash": 0,
            "stock": 0,
            "eps": -5.08
        },
        "2009": {
            "cash": 0,
            "stock": 0,
            "eps": -1.99
        },
        "2010": {
            "cash": 0,
            "stock": 0,
            "eps": -2.8
        },
        "2011": {
            "cash": 0,
            "stock": 0,
            "eps": -2.47
        },
        "2012": {
            "cash": 0,
            "stock": 0,
            "eps": 0.18
        },
        "2013": {
            "cash": 0,
            "stock": 0,
            "eps": -0.73
        },
        "2014": {
            "cash": 0,
            "stock": 0,
            "eps": 0.81
        },
        "2015": {
            "cash": 0,
            "stock": 0,
            "eps": 1.55
        },
        "2016": {
            "cash": 0.3,
            "stock": 0,
            "eps": 1.83
        },
        "2017": {
            "cash": 0.8,
            "stock": 0,
            "eps": 1.71
        },
        "2018": {
            "cash": 0.4,
            "stock": 0.4,
            "eps": 1.7
        },
        "2019": {
            "cash": 0.4,
            "stock": 0,
            "eps": 1.05
        },
        "2020": {
            "cash": 0.2,
            "stock": 0,
            "eps": 1.32
        },
        "2021": {
            "cash": 0.5,
            "stock": 0,
            "eps": 1.29
        },
        "2022": {
            "cash": 0.5,
            "stock": 0,
            "eps": 2.52
        },
        "2023": {
            "cash": 0.8,
            "stock": 0,
            "eps": 1.66
        }
    },
    "dividends": {
        "1999-05-30": {
            "cash": 0.08,
            "stock": 1.34
        },
        "2000-05-05": {
            "cash": 0,
            "stock": 1
        },
        "2001-04-27": {
            "cash": 0,
            "stock": 1.5
        },
        "2002-05-17": {
            "cash": 0,
            "stock": 1.5
        },
        "2004-03-23": {
            "cash": 0,
            "stock": 1.35
        },
        "2005-04-28": {
            "cash": 0.2,
            "stock": 1.3
        },
        "2006-03-23": {
            "cash": 0,
            "stock": 1
        },
        "2007-04-27": {
            "cash": 0,
            "stock": 0.95
        },
        "2016-09-20": {
            "cash": 0.3,
            "stock": 0
        },
        "2017-08-18": {
            "cash": 0.8,
            "stock": 0
        },
        "2018-09-13": {
            "cash": 0.4,
            "stock": 0.4
        },
        "2019-08-29": {
            "cash": 0.4,
            "stock": 0
        },
        "2020-09-16": {
            "cash": 0.2,
            "stock": 0
        },
        "2021-09-22": {
            "cash": 0.5,
            "stock": 0
        },
        "2022-11-14": {
            "cash": 0.5,
            "stock": 0
        },
        "2023-09-12": {
            "cash": 0.8,
            "stock": 0
        }
    },
    "prices": {
        "200101": "無",
        "200102": "無",
        "200103": "無",
        "200104": "無",
        "200105": "無",
        "200106": "無",
        "200107": "無",
        "200108": "無",
        "200109": "無",
        "200110": "無",
        "200111": "無",
        "200112": "無",
        "200201": "無",
        "200202": "39.56",
        "200203": "78.98",
        "200204": "74.12",
        "200205": "55.20",
        "200206": "41.48",
        "200207": "37.63",
        "200208": "32.40",
        "200209": "27.15",
        "200210": "19.22",
        "200211": "17.26",
        "200212": "14.59",
        "200301": "14.03",
        "200302": "13.04",
        "200303": "11.72",
        "200304": "11.94",
        "200305": "9.97",
        "200306": "13.66",
        "200307": "21.33",
        "200308": "26.98",
        "200309": "26.38",
        "200310": "27.87",
        "200311": "30.24",
        "200312": "37.80",
        "200401": "40.47",
        "200402": "53.58",
        "200403": "56.80",
        "200404": "58.86",
        "200405": "46.69",
        "200406": "38.58",
        "200407": "30.17",
        "200408": "30.17",
        "200409": "34.26",
        "200410": "29.78",
        "200411": "27.04",
        "200412": "28.53",
        "200501": "24.98",
        "200502": "26.02",
        "200503": "26.47",
        "200504": "28.65",
        "200505": "22.52",
        "200506": "23.98",
        "200507": "24.32",
        "200508": "22.09",
        "200509": "16.83",
        "200510": "13.79",
        "200511": "15.30",
        "200512": "22.78",
        "200601": "29.83",
        "200602": "27.43",
        "200603": "25.10",
        "200604": "25.59",
        "200605": "23.38",
        "200606": "18.94",
        "200607": "18.92",
        "200608": "17.94",
        "200609": "17.14",
        "200610": "16.93",
        "200611": "16.68",
        "200612": "18.79",
        "200701": "19.21",
        "200702": "18.80",
        "200703": "17.64",
        "200704": "21.81",
        "200705": "22.26",
        "200706": "22.79",
        "200707": "23.42",
        "200708": "19.31",
        "200709": "15.29",
        "200710": "16.76",
        "200711": "13.65",
        "200712": "15.24",
        "200801": "13.26",
        "200802": "12.26",
        "200803": "12.46",
        "200804": "12.97",
        "200805": "14.68",
        "200806": "12.46",
        "200807": "7.77",
        "200808": "7.97",
        "200809": "5.86",
        "200810": "4.64",
        "200811": "2.61",
        "200812": "2.62",
        "200901": "2.89",
        "200902": "2.95",
        "200903": "5.44",
        "200904": "7.00",
        "200905": "5.57",
        "200906": "4.54",
        "200907": "4.62",
        "200908": "4.88",
        "200909": "3.23",
        "200910": "3.96",
        "200911": "5.62",
        "200912": "5.54",
        "201001": "7.38",
        "201002": "6.37",
        "201003": "6.65",
        "201004": "6.98",
        "201005": "5.60",
        "201006": "5.36",
        "201007": "5.38",
        "201008": "4.94",
        "201009": "3.91",
        "201010": "5.07",
        "201011": "4.25",
        "201012": "4.45",
        "201101": "4.90",
        "201102": "5.16",
        "201103": "5.04",
        "201104": "4.86",
        "201105": "3.96",
        "201106": "3.68",
        "201107": "2.79",
        "201108": "2.38",
        "201109": "2.01",
        "201110": "1.72",
        "201111": "4.91",
        "201112": "3.99",
        "201201": "3.55",
        "201202": "3.75",
        "201203": "3.48",
        "201204": "3.48",
        "201205": "3.02",
        "201206": "2.97",
        "201207": "2.74",
        "201208": "2.91",
        "201209": "6.21",
        "201210": "9.11",
        "201211": "8.44",
        "201212": "8.41",
        "201301": "8.33",
        "201302": "8.66",
        "201303": "7.77",
        "201304": "7.76",
        "201305": "8.12",
        "201306": "7.33",
        "201307": "6.86",
        "201308": "6.72",
        "201309": "6.11",
        "201310": "5.97",
        "201311": "5.83",
        "201312": "5.67",
        "201401": "7.19",
        "201402": "7.67",
        "201403": "7.97",
        "201404": "7.97",
        "201405": "7.94",
        "201406": "10.29",
        "201407": "10.34",
        "201408": "11.60",
        "201409": "13.84",
        "201410": "12.77",
        "201411": "12.26",
        "201412": "12.49",
        "201501": "14.23",
        "201502": "14.53",
        "201503": "14.18",
        "201504": "13.48",
        "201505": "13.32",
        "201506": "13.06",
        "201507": "11.52",
        "201508": "8.89",
        "201509": "8.79",
        "201510": "12.38",
        "201511": "13.97",
        "201512": "13.48",
        "201601": "13.01",
        "201602": "13.52",
        "201603": "17.97",
        "201604": "17.84",
        "201605": "16.98",
        "201606": "14.77",
        "201607": "14.17",
        "201608": "14.34",
        "201609": "14.74",
        "201610": "15.80",
        "201611": "15.40",
        "201612": "16.13",
        "201701": "17.99",
        "201702": "24.11",
        "201703": "23.98",
        "201704": "23.52",
        "201705": "26.02",
        "201706": "33.53",
        "201707": "29.15",
        "201708": "28.14",
        "201709": "28.96",
        "201710": "26.95",
        "201711": "23.75",
        "201712": "20.85",
        "201801": "21.70",
        "201802": "20.18",
        "201803": "21.97",
        "201804": "20.11",
        "201805": "18.12",
        "201806": "17.95",
        "201807": "17.36",
        "201808": "17.58",
        "201809": "17.88",
        "201810": "14.59",
        "201811": "14.68",
        "201812": "15.48",
        "201901": "15.07",
        "201902": "16.70",
        "201903": "18.15",
        "201904": "18.17",
        "201905": "15.43",
        "201906": "14.90",
        "201907": "15.34",
        "201908": "14.65",
        "201909": "14.63",
        "201910": "14.05",
        "201911": "14.03",
        "201912": "13.99",
        "202001": "13.81",
        "202002": "12.03",
        "202003": "10.35",
        "202004": "10.37",
        "202005": "11.42",
        "202006": "13.37",
        "202007": "16.95",
        "202008": "19.77",
        "202009": "19.38",
        "202010": "18.39",
        "202011": "17.72",
        "202012": "20.02",
        "202101": "19.99",
        "202102": "18.52",
        "202103": "20.05",
        "202104": "21.68",
        "202105": "17.95",
        "202106": "17.22",
        "202107": "17.71",
        "202108": "16.36",
        "202109": "15.90",
        "202110": "15.56",
        "202111": "17.37",
        "202112": "19.73",
        "202201": "22.37",
        "202202": "22.35",
        "202203": "20.31",
        "202204": "20.00",
        "202205": "17.99",
        "202206": "17.60",
        "202207": "16.43",
        "202208": "19.62",
        "202209": "18.63",
        "202210": "16.41",
        "202211": "19.58",
        "202212": "19.98",
        "202301": "18.90",
        "202302": "19.54",
        "202303": "19.92",
        "202304": "21.75",
        "202305": "20.11",
        "202306": "19.90",
        "202307": "20.89",
        "202308": "20.97",
        "202309": "21.42",
        "202310": "24.06",
        "202311": "25.98",
        "202312": "26.19"
    },
    "quarters": {
        "20011": {
            "year_quarter": 20011,
            "year": 2001,
            "quarter": 1,
            "eps": -0.41,
            "eps_growth_year": null,
            "eps_4q": null,
            "eps_4q_growth_year": null,
            "roe": -2.74,
            "roe_4q": -2.74,
            "gross_profit": 17397,
            "gross_margin": 10.68,
            "gross_margin_4q_avg": 10.68,
            "net_income": -15738,
            "net_income_4q": null,
            "revenue": 162964,
            "revenue_4q": null,
            "common_shares": 380000,
            "book_valuer_per_share": 14.93,
            "book_valuer_per_share_4q_avg": 14.93,
            "equity": 567326,
            "current_ratio": 239.13,
            "debt_ratio": 40.66,
            "inventory_turnover_ratio": 1.22,
            "account_receivable_turnover_ratio": null,
            "reinvestment_rate": null,
            "research_to_sale_ratio": null,
            "price_fair": 0,
            "eps_avg_yearly": 0,
            "eps_latest_yearly": 0,
            "eps_growth_yearly": 0
        },
        "20012": {
            "year_quarter": 20012,
            "year": 2001,
            "quarter": 2,
            "eps": 0.18,
            "eps_growth_year": null,
            "eps_4q": null,
            "eps_4q_growth_year": null,
            "roe": 1.39,
            "roe_4q": -1.3500000000000003,
            "gross_profit": 33225,
            "gross_margin": 15.7,
            "gross_margin_4q_avg": 13.19,
            "net_income": 7953,
            "net_income_4q": null,
            "revenue": 211628,
            "revenue_4q": null,
            "common_shares": 380000,
            "book_valuer_per_share": 15.1,
            "book_valuer_per_share_4q_avg": 15.02,
            "equity": 573962,
            "current_ratio": 253.55,
            "debt_ratio": 40.24,
            "inventory_turnover_ratio": 2.07,
            "account_receivable_turnover_ratio": null,
            "reinvestment_rate": null,
            "research_to_sale_ratio": null,
            "price_fair": 0,
            "eps_avg_yearly": 0,
            "eps_latest_yearly": 0,
            "eps_growth_yearly": 0
        },
        "20013": {
            "year_quarter": 20013,
            "year": 2001,
            "quarter": 3,
            "eps": 1.18,
            "eps_growth_year": null,
            "eps_4q": null,
            "eps_4q_growth_year": null,
            "roe": 8.63,
            "roe_4q": 7.280000000000001,
            "gross_profit": 78453,
            "gross_margin": 24.22,
            "gross_margin_4q_avg": 16.87,
            "net_income": 51788,
            "net_income_4q": null,
            "revenue": 323902,
            "revenue_4q": null,
            "common_shares": 439600,
            "book_valuer_per_share": 14.23,
            "book_valuer_per_share_4q_avg": 14.75,
            "equity": 625749,
            "current_ratio": 192.29,
            "debt_ratio": 45.26,
            "inventory_turnover_ratio": 2.59,
            "account_receivable_turnover_ratio": null,
            "reinvestment_rate": null,
            "research_to_sale_ratio": null,
            "price_fair": 0,
            "eps_avg_yearly": 0,
            "eps_latest_yearly": 0,
            "eps_growth_yearly": 0
        },
        "20014": {
            "year_quarter": 20014,
            "year": 2001,
            "quarter": 4,
            "eps": 0.49,
            "eps_growth_year": null,
            "eps_4q": 1.5,
            "eps_4q_growth_year": null,
            "roe": 3.36,
            "roe_4q": 10.64,
            "gross_profit": 70278,
            "gross_margin": 17.73,
            "gross_margin_4q_avg": 17.08,
            "net_income": 21392,
            "net_income_4q": null,
            "revenue": 396283,
            "revenue_4q": null,
            "common_shares": 439600,
            "book_valuer_per_share": 14.72,
            "book_valuer_per_share_4q_avg": 14.75,
            "equity": 647142,
            "current_ratio": 169.2,
            "debt_ratio": 52.01,
            "inventory_turnover_ratio": 2.33,
            "account_receivable_turnover_ratio": null,
            "reinvestment_rate": null,
            "research_to_sale_ratio": null,
            "price_fair": 0,
            "eps_avg_yearly": 0,
            "eps_latest_yearly": 0,
            "eps_growth_yearly": 0
        },
        "20021": {
            "year_quarter": 20021,
            "year": 2002,
            "quarter": 1,
            "eps": 0.38,
            "eps_growth_year": null,
            "eps_4q": 2.22,
            "eps_4q_growth_year": null,
            "roe": 2.56,
            "roe_4q": 15.940000000000001,
            "gross_profit": 68176,
            "gross_margin": 15.47,
            "gross_margin_4q_avg": 18.28,
            "net_income": 16775,
            "net_income_4q": null,
            "revenue": 440558,
            "revenue_4q": null,
            "common_shares": 439600,
            "book_valuer_per_share": 15.1,
            "book_valuer_per_share_4q_avg": 14.79,
            "equity": 663916,
            "current_ratio": 126,
            "debt_ratio": 61.22,
            "inventory_turnover_ratio": 1.64,
            "account_receivable_turnover_ratio": null,
            "reinvestment_rate": null,
            "research_to_sale_ratio": null,
            "price_fair": 4.56,
            "eps_avg_yearly": 1.52,
            "eps_latest_yearly": 1.52,
            "eps_growth_yearly": -89.8
        },
        "20022": {
            "year_quarter": 20022,
            "year": 2002,
            "quarter": 2,
            "eps": -0.29,
            "eps_growth_year": -261.11,
            "eps_4q": 1.7,
            "eps_4q_growth_year": null,
            "roe": -2.3,
            "roe_4q": 12.25,
            "gross_profit": 77652,
            "gross_margin": 14.9,
            "gross_margin_4q_avg": 18.08,
            "net_income": -15008,
            "net_income_4q": null,
            "revenue": 521216,
            "revenue_4q": null,
            "common_shares": 439600,
            "book_valuer_per_share": 14.64,
            "book_valuer_per_share_4q_avg": 14.67,
            "equity": 643514,
            "current_ratio": 108.13,
            "debt_ratio": 65.75,
            "inventory_turnover_ratio": 1.52,
            "account_receivable_turnover_ratio": null,
            "reinvestment_rate": null,
            "research_to_sale_ratio": null,
            "price_fair": 4.56,
            "eps_avg_yearly": 1.52,
            "eps_latest_yearly": 1.52,
            "eps_growth_yearly": -89.8
        },
        "20023": {
            "year_quarter": 20023,
            "year": 2002,
            "quarter": 3,
            "eps": -0.95,
            "eps_growth_year": -180.51,
            "eps_4q": -0.3,
            "eps_4q_growth_year": null,
            "roe": -5.23,
            "roe_4q": -1.6100000000000008,
            "gross_profit": 37075,
            "gross_margin": 7.8,
            "gross_margin_4q_avg": 13.98,
            "net_income": -41999,
            "net_income_4q": null,
            "revenue": 475391,
            "revenue_4q": null,
            "common_shares": 631326,
            "book_valuer_per_share": 15.27,
            "book_valuer_per_share_4q_avg": 14.93,
            "equity": 963788,
            "current_ratio": 131.53,
            "debt_ratio": 54.09,
            "inventory_turnover_ratio": 1.48,
            "account_receivable_turnover_ratio": null,
            "reinvestment_rate": null,
            "research_to_sale_ratio": null,
            "price_fair": 4.56,
            "eps_avg_yearly": 1.52,
            "eps_latest_yearly": 1.52,
            "eps_growth_yearly": -89.8
        },
        "20024": {
            "year_quarter": 20024,
            "year": 2002,
            "quarter": 4,
            "eps": -3.7,
            "eps_growth_year": -855.1,
            "eps_4q": -4.33,
            "eps_4q_growth_year": -388.8,
            "roe": -24.2,
            "roe_4q": -29.17,
            "gross_profit": 18777,
            "gross_margin": 4.63,
            "gross_margin_4q_avg": 10.7,
            "net_income": -208103,
            "net_income_4q": null,
            "revenue": 405964,
            "revenue_4q": null,
            "common_shares": 631326,
            "book_valuer_per_share": 11.98,
            "book_valuer_per_share_4q_avg": 14.25,
            "equity": 756262,
            "current_ratio": 105.29,
            "debt_ratio": 63.13,
            "inventory_turnover_ratio": 1.18,
            "account_receivable_turnover_ratio": null,
            "reinvestment_rate": null,
            "research_to_sale_ratio": null,
            "price_fair": 4.56,
            "eps_avg_yearly": 1.52,
            "eps_latest_yearly": 1.52,
            "eps_growth_yearly": -89.8
        },
        "20031": {
            "year_quarter": 20031,
            "year": 2003,
            "quarter": 1,
            "eps": -0.96,
            "eps_growth_year": -352.63,
            "eps_4q": -5.17,
            "eps_4q_growth_year": -333.17,
            "roe": -8.33,
            "roe_4q": -40.06,
            "gross_profit": 16782,
            "gross_margin": 3.58,
            "gross_margin_4q_avg": 7.73,
            "net_income": -60432,
            "net_income_4q": null,
            "revenue": 468878,
            "revenue_4q": null,
            "common_shares": 631326,
            "book_valuer_per_share": 11.01,
            "book_valuer_per_share_4q_avg": 13.23,
            "equity": 694959,
            "current_ratio": 113.22,
            "debt_ratio": 62.58,
            "inventory_turnover_ratio": 1.42,
            "account_receivable_turnover_ratio": null,
            "reinvestment_rate": null,
            "research_to_sale_ratio": null,
            "price_fair": 4.56,
            "eps_avg_yearly": 1.52,
            "eps_latest_yearly": 1.52,
            "eps_growth_yearly": -89.8
        },
        "20032": {
            "year_quarter": 20032,
            "year": 2003,
            "quarter": 2,
            "eps": -0.23,
            "eps_growth_year": null,
            "eps_4q": -5.14,
            "eps_4q_growth_year": -401.78,
            "roe": -2.07,
            "roe_4q": -39.83,
            "gross_profit": 80386,
            "gross_margin": 10.48,
            "gross_margin_4q_avg": 6.62,
            "net_income": -14282,
            "net_income_4q": null,
            "revenue": 767165,
            "revenue_4q": null,
            "common_shares": 631326,
            "book_valuer_per_share": 10.84,
            "book_valuer_per_share_4q_avg": 12.28,
            "equity": 684210,
            "current_ratio": 109.72,
            "debt_ratio": 71.17,
            "inventory_turnover_ratio": 2.29,
            "account_receivable_turnover_ratio": null,
            "reinvestment_rate": null,
            "research_to_sale_ratio": null,
            "price_fair": 4.56,
            "eps_avg_yearly": 1.52,
            "eps_latest_yearly": 1.52,
            "eps_growth_yearly": -89.8
        },
        "20033": {
            "year_quarter": 20033,
            "year": 2003,
            "quarter": 3,
            "eps": 1.27,
            "eps_growth_year": null,
            "eps_4q": -3.16,
            "eps_4q_growth_year": null,
            "roe": 10.03,
            "roe_4q": -24.57,
            "gross_profit": 203172,
            "gross_margin": 15.71,
            "gross_margin_4q_avg": 8.6,
            "net_income": 81050,
            "net_income_4q": null,
            "revenue": 1293386,
            "revenue_4q": null,
            "common_shares": 775876,
            "book_valuer_per_share": 12.01,
            "book_valuer_per_share_4q_avg": 11.46,
            "equity": 931628,
            "current_ratio": 108.99,
            "debt_ratio": 73.58,
            "inventory_turnover_ratio": 2.92,
            "account_receivable_turnover_ratio": null,
            "reinvestment_rate": null,
            "research_to_sale_ratio": null,
            "price_fair": 4.56,
            "eps_avg_yearly": 1.52,
            "eps_latest_yearly": 1.52,
            "eps_growth_yearly": -89.8
        },
        "20034": {
            "year_quarter": 20034,
            "year": 2003,
            "quarter": 4,
            "eps": 1.97,
            "eps_growth_year": null,
            "eps_4q": 2.06,
            "eps_4q_growth_year": null,
            "roe": 13.05,
            "roe_4q": 12.679999999999998,
            "gross_profit": 286391,
            "gross_margin": 16.94,
            "gross_margin_4q_avg": 11.68,
            "net_income": 132428,
            "net_income_4q": null,
            "revenue": 1690585,
            "revenue_4q": null,
            "common_shares": 775876,
            "book_valuer_per_share": 13.73,
            "book_valuer_per_share_4q_avg": 11.9,
            "equity": 1097516,
            "current_ratio": 102.5,
            "debt_ratio": 77.28,
            "inventory_turnover_ratio": 2.48,
            "account_receivable_turnover_ratio": null,
            "reinvestment_rate": null,
            "research_to_sale_ratio": null,
            "price_fair": 164.5,
            "eps_avg_yearly": 4.7,
            "eps_latest_yearly": 7.88,
            "eps_growth_yearly": 65.34
        },
        "20041": {
            "year_quarter": 20041,
            "year": 2004,
            "quarter": 1,
            "eps": 1.93,
            "eps_growth_year": null,
            "eps_4q": 4.48,
            "eps_4q_growth_year": null,
            "roe": 12.7,
            "roe_4q": 33.71,
            "gross_profit": 248569,
            "gross_margin": 14.52,
            "gross_margin_4q_avg": 14.41,
            "net_income": 150890,
            "net_income_4q": null,
            "revenue": 1712176,
            "revenue_4q": null,
            "common_shares": 797530,
            "book_valuer_per_share": 16.02,
            "book_valuer_per_share_4q_avg": 13.15,
            "equity": 1277969,
            "current_ratio": 136.64,
            "debt_ratio": 75.39,
            "inventory_turnover_ratio": 2.38,
            "account_receivable_turnover_ratio": null,
            "reinvestment_rate": null,
            "research_to_sale_ratio": null,
            "price_fair": 199.73,
            "eps_avg_yearly": 5.71,
            "eps_latest_yearly": 7.72,
            "eps_growth_yearly": 40.85
        },
        "20042": {
            "year_quarter": 20042,
            "year": 2004,
            "quarter": 2,
            "eps": 1.74,
            "eps_growth_year": null,
            "eps_4q": 6.35,
            "eps_4q_growth_year": null,
            "roe": 9.25,
            "roe_4q": 45.03,
            "gross_profit": 244471,
            "gross_margin": 13.99,
            "gross_margin_4q_avg": 15.29,
            "net_income": 137559,
            "net_income_4q": null,
            "revenue": 1747799,
            "revenue_4q": null,
            "common_shares": 889015,
            "book_valuer_per_share": 19.1,
            "book_valuer_per_share_4q_avg": 15.22,
            "equity": 1697619,
            "current_ratio": 173.38,
            "debt_ratio": 67.95,
            "inventory_turnover_ratio": 3.31,
            "account_receivable_turnover_ratio": null,
            "reinvestment_rate": null,
            "research_to_sale_ratio": null,
            "price_fair": 185.38,
            "eps_avg_yearly": 6.02,
            "eps_latest_yearly": 6.96,
            "eps_growth_yearly": 20.79
        },
        "20043": {
            "year_quarter": 20043,
            "year": 2004,
            "quarter": 3,
            "eps": 1.33,
            "eps_growth_year": 4.72,
            "eps_4q": 5.45,
            "eps_4q_growth_year": null,
            "roe": 6.59,
            "roe_4q": 41.59,
            "gross_profit": 224580,
            "gross_margin": 12.39,
            "gross_margin_4q_avg": 14.46,
            "net_income": 136014,
            "net_income_4q": null,
            "revenue": 1811951,
            "revenue_4q": null,
            "common_shares": 1220895,
            "book_valuer_per_share": 19.9,
            "book_valuer_per_share_4q_avg": 17.19,
            "equity": 2430151,
            "current_ratio": 188.98,
            "debt_ratio": 59.45,
            "inventory_turnover_ratio": 3.51,
            "account_receivable_turnover_ratio": null,
            "reinvestment_rate": null,
            "research_to_sale_ratio": null,
            "price_fair": 17.64,
            "eps_avg_yearly": 5.88,
            "eps_latest_yearly": 5.32,
            "eps_growth_yearly": -2.22
        },
        "20044": {
            "year_quarter": 20044,
            "year": 2004,
            "quarter": 4,
            "eps": -0.71,
            "eps_growth_year": -136.04,
            "eps_4q": 3.17,
            "eps_4q_growth_year": 53.44,
            "roe": -3.15,
            "roe_4q": 25.39,
            "gross_profit": 178151,
            "gross_margin": 11.58,
            "gross_margin_4q_avg": 13.12,
            "net_income": -76186,
            "net_income_4q": null,
            "revenue": 1539049,
            "revenue_4q": null,
            "common_shares": 1220895,
            "book_valuer_per_share": 18.79,
            "book_valuer_per_share_4q_avg": 18.45,
            "equity": 2402662,
            "current_ratio": 182.36,
            "debt_ratio": 65.99,
            "inventory_turnover_ratio": 1.96,
            "account_receivable_turnover_ratio": null,
            "reinvestment_rate": 258.77,
            "research_to_sale_ratio": null,
            "price_fair": 17.64,
            "eps_avg_yearly": 5.88,
            "eps_latest_yearly": 5.32,
            "eps_growth_yearly": -2.22
        },
        "20051": {
            "year_quarter": 20051,
            "year": 2005,
            "quarter": 1,
            "eps": -0.9,
            "eps_growth_year": -146.63,
            "eps_4q": 0.71,
            "eps_4q_growth_year": -84.18,
            "roe": -4.8,
            "roe_4q": 7.890000000000001,
            "gross_profit": 69469,
            "gross_margin": 4.77,
            "gross_margin_4q_avg": 10.68,
            "net_income": -110448,
            "net_income_4q": null,
            "revenue": 1456154,
            "revenue_4q": null,
            "common_shares": 1236955,
            "book_valuer_per_share": 17.76,
            "book_valuer_per_share_4q_avg": 18.89,
            "equity": 2196894,
            "current_ratio": 195.7,
            "debt_ratio": 65.16,
            "inventory_turnover_ratio": 1.88,
            "account_receivable_turnover_ratio": null,
            "reinvestment_rate": -17.6,
            "research_to_sale_ratio": null,
            "price_fair": 17.64,
            "eps_avg_yearly": 5.88,
            "eps_latest_yearly": 5.32,
            "eps_growth_yearly": -2.22
        },
        "20052": {
            "year_quarter": 20052,
            "year": 2005,
            "quarter": 2,
            "eps": -0.4,
            "eps_growth_year": -122.99,
            "eps_4q": -0.8,
            "eps_4q_growth_year": -112.58,
            "roe": -2.28,
            "roe_4q": -3.6400000000000006,
            "gross_profit": 115627,
            "gross_margin": 7.12,
            "gross_margin_4q_avg": 8.97,
            "net_income": -49686,
            "net_income_4q": null,
            "revenue": 1622876,
            "revenue_4q": null,
            "common_shares": 1255941,
            "book_valuer_per_share": 17.18,
            "book_valuer_per_share_4q_avg": 18.41,
            "equity": 2157984,
            "current_ratio": 177.06,
            "debt_ratio": 65.42,
            "inventory_turnover_ratio": 2.43,
            "account_receivable_turnover_ratio": null,
            "reinvestment_rate": -22.35,
            "research_to_sale_ratio": null,
            "price_fair": 17.64,
            "eps_avg_yearly": 5.88,
            "eps_latest_yearly": 5.32,
            "eps_growth_yearly": -2.22
        },
        "20053": {
            "year_quarter": 20053,
            "year": 2005,
            "quarter": 3,
            "eps": 0.47,
            "eps_growth_year": -64.66,
            "eps_4q": -1.43,
            "eps_4q_growth_year": -126.23,
            "roe": 2.67,
            "roe_4q": -7.5600000000000005,
            "gross_profit": 134798,
            "gross_margin": 6.74,
            "gross_margin_4q_avg": 7.55,
            "net_income": 58508,
            "net_income_4q": null,
            "revenue": 1998823,
            "revenue_4q": null,
            "common_shares": 1255941,
            "book_valuer_per_share": 17.73,
            "book_valuer_per_share_4q_avg": 17.87,
            "equity": 2226733,
            "current_ratio": 161.06,
            "debt_ratio": 68.49,
            "inventory_turnover_ratio": 2.46,
            "account_receivable_turnover_ratio": null,
            "reinvestment_rate": 20.23,
            "research_to_sale_ratio": null,
            "price_fair": 17.64,
            "eps_avg_yearly": 5.88,
            "eps_latest_yearly": 5.32,
            "eps_growth_yearly": -2.22
        },
        "20054": {
            "year_quarter": 20054,
            "year": 2005,
            "quarter": 4,
            "eps": 0.99,
            "eps_growth_year": null,
            "eps_4q": 0.19,
            "eps_4q_growth_year": -94.05,
            "roe": 5.09,
            "roe_4q": 0.6800000000000006,
            "gross_profit": 333538,
            "gross_margin": 12.05,
            "gross_margin_4q_avg": 7.67,
            "net_income": 125514,
            "net_income_4q": null,
            "revenue": 2767073,
            "revenue_4q": null,
            "common_shares": 1444056,
            "book_valuer_per_share": 16.64,
            "book_valuer_per_share_4q_avg": 17.33,
            "equity": 2709537,
            "current_ratio": 126.08,
            "debt_ratio": 70.8,
            "inventory_turnover_ratio": 1.98,
            "account_receivable_turnover_ratio": null,
            "reinvestment_rate": 711.78,
            "research_to_sale_ratio": null,
            "price_fair": 194.6,
            "eps_avg_yearly": 5.56,
            "eps_latest_yearly": 3.96,
            "eps_growth_yearly": 71.91
        },
        "20061": {
            "year_quarter": 20061,
            "year": 2006,
            "quarter": 1,
            "eps": 0.51,
            "eps_growth_year": null,
            "eps_4q": 1.43,
            "eps_4q_growth_year": 102.48,
            "roe": 2.63,
            "roe_4q": 8.110000000000001,
            "gross_profit": 269722,
            "gross_margin": 10.86,
            "gross_margin_4q_avg": 9.19,
            "net_income": 74111,
            "net_income_4q": null,
            "revenue": 2484241,
            "revenue_4q": null,
            "common_shares": 1444056,
            "book_valuer_per_share": 20.31,
            "book_valuer_per_share_4q_avg": 17.97,
            "equity": 2932307,
            "current_ratio": 153.2,
            "debt_ratio": 62.21,
            "inventory_turnover_ratio": 1.67,
            "account_receivable_turnover_ratio": null,
            "reinvestment_rate": 14.45,
            "research_to_sale_ratio": null,
            "price_fair": 197.63,
            "eps_avg_yearly": 5.65,
            "eps_latest_yearly": 2.04,
            "eps_growth_yearly": 54.56
        },
        "20062": {
            "year_quarter": 20062,
            "year": 2006,
            "quarter": 2,
            "eps": 0.17,
            "eps_growth_year": null,
            "eps_4q": 1.9,
            "eps_4q_growth_year": null,
            "roe": 0.86,
            "roe_4q": 11.25,
            "gross_profit": 265036,
            "gross_margin": 9.3,
            "gross_margin_4q_avg": 9.74,
            "net_income": 25418,
            "net_income_4q": null,
            "revenue": 2851167,
            "revenue_4q": null,
            "common_shares": 1635412,
            "book_valuer_per_share": 18.14,
            "book_valuer_per_share_4q_avg": 18.21,
            "equity": 2966245,
            "current_ratio": 153.09,
            "debt_ratio": 61.66,
            "inventory_turnover_ratio": 2.41,
            "account_receivable_turnover_ratio": null,
            "reinvestment_rate": 11.61,
            "research_to_sale_ratio": null,
            "price_fair": 92.16,
            "eps_avg_yearly": 4.94,
            "eps_latest_yearly": 0.68,
            "eps_growth_yearly": 8.67
        },
        "20063": {
            "year_quarter": 20063,
            "year": 2006,
            "quarter": 3,
            "eps": 0.06,
            "eps_growth_year": -87.23,
            "eps_4q": 1.34,
            "eps_4q_growth_year": null,
            "roe": 0.35,
            "roe_4q": 8.93,
            "gross_profit": 149853,
            "gross_margin": 5.41,
            "gross_margin_4q_avg": 9.41,
            "net_income": 10570,
            "net_income_4q": null,
            "revenue": 2769739,
            "revenue_4q": null,
            "common_shares": 1808586,
            "book_valuer_per_share": 16.62,
            "book_valuer_per_share_4q_avg": 17.93,
            "equity": 3005407,
            "current_ratio": 151.39,
            "debt_ratio": 61.59,
            "inventory_turnover_ratio": 2.39,
            "account_receivable_turnover_ratio": null,
            "reinvestment_rate": -3.5,
            "research_to_sale_ratio": null,
            "price_fair": 13.05,
            "eps_avg_yearly": 4.35,
            "eps_latest_yearly": 0.24,
            "eps_growth_yearly": -24.77
        },
        "20064": {
            "year_quarter": 20064,
            "year": 2006,
            "quarter": 4,
            "eps": -0.23,
            "eps_growth_year": -123.23,
            "eps_4q": 0.21,
            "eps_4q_growth_year": 12.81,
            "roe": -1.21,
            "roe_4q": 2.63,
            "gross_profit": 137174,
            "gross_margin": 7.1,
            "gross_margin_4q_avg": 8.17,
            "net_income": -39268,
            "net_income_4q": null,
            "revenue": 1933047,
            "revenue_4q": null,
            "common_shares": 1808721,
            "book_valuer_per_share": 16.42,
            "book_valuer_per_share_4q_avg": 17.87,
            "equity": 3474881,
            "current_ratio": 98.32,
            "debt_ratio": 64.74,
            "inventory_turnover_ratio": 1.25,
            "account_receivable_turnover_ratio": null,
            "reinvestment_rate": 351.8,
            "research_to_sale_ratio": null,
            "price_fair": 13.05,
            "eps_avg_yearly": 4.35,
            "eps_latest_yearly": 0.24,
            "eps_growth_yearly": -24.77
        },
        "20071": {
            "year_quarter": 20071,
            "year": 2007,
            "quarter": 1,
            "eps": 0.17,
            "eps_growth_year": -66.67,
            "eps_4q": 0.15,
            "eps_4q_growth_year": -89.44,
            "roe": 0.93,
            "roe_4q": 0.93,
            "gross_profit": 82145,
            "gross_margin": 3.68,
            "gross_margin_4q_avg": 6.37,
            "net_income": 30096,
            "net_income_4q": null,
            "revenue": 2229381,
            "revenue_4q": null,
            "common_shares": 1808721,
            "book_valuer_per_share": 16.7,
            "book_valuer_per_share_4q_avg": 16.97,
            "equity": 3021174,
            "current_ratio": 93.39,
            "debt_ratio": 60.8,
            "inventory_turnover_ratio": 1.58,
            "account_receivable_turnover_ratio": null,
            "reinvestment_rate": -7.26,
            "research_to_sale_ratio": null,
            "price_fair": 13.05,
            "eps_avg_yearly": 4.35,
            "eps_latest_yearly": 0.24,
            "eps_growth_yearly": -24.77
        },
        "20072": {
            "year_quarter": 20072,
            "year": 2007,
            "quarter": 2,
            "eps": -1.51,
            "eps_growth_year": -988.24,
            "eps_4q": -1.5,
            "eps_4q_growth_year": -178.89,
            "roe": -9.39,
            "roe_4q": -9.320000000000002,
            "gross_profit": -19192,
            "gross_margin": -0.98,
            "gross_margin_4q_avg": 3.8,
            "net_income": -272652,
            "net_income_4q": null,
            "revenue": 1959652,
            "revenue_4q": null,
            "common_shares": 1813116,
            "book_valuer_per_share": 15.35,
            "book_valuer_per_share_4q_avg": 16.27,
            "equity": 2783060,
            "current_ratio": 91.31,
            "debt_ratio": 61.57,
            "inventory_turnover_ratio": 2.5,
            "account_receivable_turnover_ratio": null,
            "reinvestment_rate": -8.4,
            "research_to_sale_ratio": null,
            "price_fair": 13.05,
            "eps_avg_yearly": 4.35,
            "eps_latest_yearly": 0.24,
            "eps_growth_yearly": -24.77
        },
        "20073": {
            "year_quarter": 20073,
            "year": 2007,
            "quarter": 3,
            "eps": -1.05,
            "eps_growth_year": -1850,
            "eps_4q": -2.6,
            "eps_4q_growth_year": -294.22,
            "roe": -7.03,
            "roe_4q": -16.700000000000003,
            "gross_profit": -51831,
            "gross_margin": -2.46,
            "gross_margin_4q_avg": 1.84,
            "net_income": -189331,
            "net_income_4q": null,
            "revenue": 2105814,
            "revenue_4q": null,
            "common_shares": 1813866,
            "book_valuer_per_share": 14.36,
            "book_valuer_per_share_4q_avg": 15.71,
            "equity": 2605218,
            "current_ratio": 89.18,
            "debt_ratio": 65.29,
            "inventory_turnover_ratio": 3.46,
            "account_receivable_turnover_ratio": null,
            "reinvestment_rate": -28.15,
            "research_to_sale_ratio": null,
            "price_fair": 13.05,
            "eps_avg_yearly": 4.35,
            "eps_latest_yearly": 0.24,
            "eps_growth_yearly": -24.77
        },
        "20074": {
            "year_quarter": 20074,
            "year": 2007,
            "quarter": 4,
            "eps": -1.6,
            "eps_growth_year": null,
            "eps_4q": -3.95,
            "eps_4q_growth_year": -1959.57,
            "roe": -12.09,
            "roe_4q": -27.580000000000002,
            "gross_profit": -10718,
            "gross_margin": -0.61,
            "gross_margin_4q_avg": -0.09,
            "net_income": -318979,
            "net_income_4q": null,
            "revenue": 1769882,
            "revenue_4q": null,
            "common_shares": 1992252,
            "book_valuer_per_share": 11.69,
            "book_valuer_per_share_4q_avg": 14.53,
            "equity": 2670423,
            "current_ratio": 92.8,
            "debt_ratio": 69.46,
            "inventory_turnover_ratio": 2.27,
            "account_receivable_turnover_ratio": null,
            "reinvestment_rate": null,
            "research_to_sale_ratio": null,
            "price_fair": 11.54,
            "eps_avg_yearly": 3.85,
            "eps_latest_yearly": 0.24,
            "eps_growth_yearly": -59.8
        },
        "20081": {
            "year_quarter": 20081,
            "year": 2008,
            "quarter": 1,
            "eps": -0.58,
            "eps_growth_year": -441.18,
            "eps_4q": -4.73,
            "eps_4q_growth_year": -3222.74,
            "roe": -4.12,
            "roe_4q": -32.63,
            "gross_profit": 131894,
            "gross_margin": 6.55,
            "gross_margin_4q_avg": 0.63,
            "net_income": -111218,
            "net_income_4q": null,
            "revenue": 2013663,
            "revenue_4q": null,
            "common_shares": 2192252,
            "book_valuer_per_share": 10.9,
            "book_valuer_per_share_4q_avg": 13.08,
            "equity": 2724654,
            "current_ratio": 93.98,
            "debt_ratio": 65.74,
            "inventory_turnover_ratio": 1.81,
            "account_receivable_turnover_ratio": null,
            "reinvestment_rate": null,
            "research_to_sale_ratio": null,
            "price_fair": 9.6,
            "eps_avg_yearly": 3.2,
            "eps_latest_yearly": 0.24,
            "eps_growth_yearly": -68.42
        },
        "20082": {
            "year_quarter": 20082,
            "year": 2008,
            "quarter": 2,
            "eps": 0.09,
            "eps_growth_year": null,
            "eps_4q": -1.88,
            "eps_4q_growth_year": null,
            "roe": 1.04,
            "roe_4q": -22.2,
            "gross_profit": 108221,
            "gross_margin": 3.93,
            "gross_margin_4q_avg": 1.85,
            "net_income": 29451,
            "net_income_4q": null,
            "revenue": 2750803,
            "revenue_4q": null,
            "common_shares": 2192367,
            "book_valuer_per_share": 11.5,
            "book_valuer_per_share_4q_avg": 12.11,
            "equity": 2913214,
            "current_ratio": 93.46,
            "debt_ratio": 65.66,
            "inventory_turnover_ratio": 2.77,
            "account_receivable_turnover_ratio": null,
            "reinvestment_rate": null,
            "research_to_sale_ratio": null,
            "price_fair": 7.34,
            "eps_avg_yearly": 2.45,
            "eps_latest_yearly": 0.24,
            "eps_growth_yearly": -74.23
        },
        "20083": {
            "year_quarter": 20083,
            "year": 2008,
            "quarter": 3,
            "eps": -0.52,
            "eps_growth_year": null,
            "eps_4q": -2.45,
            "eps_4q_growth_year": null,
            "roe": -3.56,
            "roe_4q": -18.73,
            "gross_profit": 141083,
            "gross_margin": 7.53,
            "gross_margin_4q_avg": 4.35,
            "net_income": -101153,
            "net_income_4q": null,
            "revenue": 1874622,
            "revenue_4q": null,
            "common_shares": 2192867,
            "book_valuer_per_share": 10.67,
            "book_valuer_per_share_4q_avg": 11.19,
            "equity": 2775164,
            "current_ratio": 95.82,
            "debt_ratio": 67.85,
            "inventory_turnover_ratio": 1.83,
            "account_receivable_turnover_ratio": null,
            "reinvestment_rate": null,
            "research_to_sale_ratio": null,
            "price_fair": 5.19,
            "eps_avg_yearly": 1.73,
            "eps_latest_yearly": 0.24,
            "eps_growth_yearly": -69.22
        },
        "20084": {
            "year_quarter": 20084,
            "year": 2008,
            "quarter": 4,
            "eps": -4.07,
            "eps_growth_year": null,
            "eps_4q": -5.33,
            "eps_4q_growth_year": null,
            "roe": -37.71,
            "roe_4q": -44.35,
            "gross_profit": -115013,
            "gross_margin": -6.35,
            "gross_margin_4q_avg": 2.92,
            "net_income": -871819,
            "net_income_4q": null,
            "revenue": 1810230,
            "revenue_4q": null,
            "common_shares": 2192867,
            "book_valuer_per_share": 6.6,
            "book_valuer_per_share_4q_avg": 9.92,
            "equity": 1848673,
            "current_ratio": 88.4,
            "debt_ratio": 70.48,
            "inventory_turnover_ratio": 2.37,
            "account_receivable_turnover_ratio": 1.55,
            "reinvestment_rate": null,
            "research_to_sale_ratio": null,
            "price_fair": 5.19,
            "eps_avg_yearly": 1.73,
            "eps_latest_yearly": 0.24,
            "eps_growth_yearly": -69.22
        },
        "20091": {
            "year_quarter": 20091,
            "year": 2009,
            "quarter": 1,
            "eps": -0.67,
            "eps_growth_year": null,
            "eps_4q": -5.15,
            "eps_4q_growth_year": null,
            "roe": -7.35,
            "roe_4q": -47.580000000000005,
            "gross_profit": 54069,
            "gross_margin": 3.97,
            "gross_margin_4q_avg": 2.27,
            "net_income": -136335,
            "net_income_4q": null,
            "revenue": 1360938,
            "revenue_4q": null,
            "common_shares": 2192867,
            "book_valuer_per_share": 6.41,
            "book_valuer_per_share_4q_avg": 8.8,
            "equity": 1859820,
            "current_ratio": 87.84,
            "debt_ratio": 67.42,
            "inventory_turnover_ratio": 2.82,
            "account_receivable_turnover_ratio": 0.73,
            "reinvestment_rate": null,
            "research_to_sale_ratio": null,
            "price_fair": 5.19,
            "eps_avg_yearly": 1.73,
            "eps_latest_yearly": 0.24,
            "eps_growth_yearly": -69.22
        },
        "20092": {
            "year_quarter": 20092,
            "year": 2009,
            "quarter": 2,
            "eps": -0.5,
            "eps_growth_year": -655.56,
            "eps_4q": -5.74,
            "eps_4q_growth_year": null,
            "roe": -4.18,
            "roe_4q": -52.800000000000004,
            "gross_profit": 120929,
            "gross_margin": 6.63,
            "gross_margin_4q_avg": 2.95,
            "net_income": -73840,
            "net_income_4q": null,
            "revenue": 1823722,
            "revenue_4q": null,
            "common_shares": 2192867,
            "book_valuer_per_share": 4.78,
            "book_valuer_per_share_4q_avg": 7.12,
            "equity": 1677231,
            "current_ratio": 115.44,
            "debt_ratio": 65.79,
            "inventory_turnover_ratio": 3.53,
            "account_receivable_turnover_ratio": 1.08,
            "reinvestment_rate": null,
            "research_to_sale_ratio": null,
            "price_fair": 5.19,
            "eps_avg_yearly": 1.73,
            "eps_latest_yearly": 0.24,
            "eps_growth_yearly": -69.22
        },
        "20093": {
            "year_quarter": 20093,
            "year": 2009,
            "quarter": 3,
            "eps": -0.12,
            "eps_growth_year": null,
            "eps_4q": -8.9,
            "eps_4q_growth_year": null,
            "roe": 1.58,
            "roe_4q": -47.66,
            "gross_profit": 202732,
            "gross_margin": 11.87,
            "gross_margin_4q_avg": 4.03,
            "net_income": 26488,
            "net_income_4q": null,
            "revenue": 1708285,
            "revenue_4q": null,
            "common_shares": 1315720,
            "book_valuer_per_share": 7.19,
            "book_valuer_per_share_4q_avg": 6.25,
            "equity": 1685804,
            "current_ratio": 104.81,
            "debt_ratio": 71.32,
            "inventory_turnover_ratio": 2.66,
            "account_receivable_turnover_ratio": 0.7,
            "reinvestment_rate": null,
            "research_to_sale_ratio": null,
            "price_fair": 5.19,
            "eps_avg_yearly": 1.73,
            "eps_latest_yearly": 0.24,
            "eps_growth_yearly": -69.22
        },
        "20094": {
            "year_quarter": 20094,
            "year": 2009,
            "quarter": 4,
            "eps": -0.7,
            "eps_growth_year": null,
            "eps_4q": -3.18,
            "eps_4q_growth_year": null,
            "roe": -6.59,
            "roe_4q": -16.54,
            "gross_profit": 68606,
            "gross_margin": 4.3,
            "gross_margin_4q_avg": 6.69,
            "net_income": -105078,
            "net_income_4q": null,
            "revenue": 1594069,
            "revenue_4q": null,
            "common_shares": 1315720,
            "book_valuer_per_share": 6.15,
            "book_valuer_per_share_4q_avg": 6.13,
            "equity": 1501114,
            "current_ratio": 107.7,
            "debt_ratio": 67.03,
            "inventory_turnover_ratio": 2.83,
            "account_receivable_turnover_ratio": 1.89,
            "reinvestment_rate": null,
            "research_to_sale_ratio": null,
            "price_fair": 2.96,
            "eps_avg_yearly": 0.99,
            "eps_latest_yearly": 0.24,
            "eps_growth_yearly": -239.81
        },
        "20101": {
            "year_quarter": 20101,
            "year": 2010,
            "quarter": 1,
            "eps": -0.36,
            "eps_growth_year": null,
            "eps_4q": -2.42,
            "eps_4q_growth_year": null,
            "roe": 0.52,
            "roe_4q": -8.67,
            "gross_profit": 187914,
            "gross_margin": 13.93,
            "gross_margin_4q_avg": 9.18,
            "net_income": 7762,
            "net_income_4q": null,
            "revenue": 1349040,
            "revenue_4q": null,
            "common_shares": 1315720,
            "book_valuer_per_share": 5.73,
            "book_valuer_per_share_4q_avg": 5.96,
            "equity": 1458036,
            "current_ratio": 108.12,
            "debt_ratio": 66.05,
            "inventory_turnover_ratio": 2.43,
            "account_receivable_turnover_ratio": 0.79,
            "reinvestment_rate": null,
            "research_to_sale_ratio": 1.2,
            "price_fair": 1.38,
            "eps_avg_yearly": 0.46,
            "eps_latest_yearly": 0.24,
            "eps_growth_yearly": -262.75
        },
        "20102": {
            "year_quarter": 20102,
            "year": 2010,
            "quarter": 2,
            "eps": -0.46,
            "eps_growth_year": null,
            "eps_4q": -1.66,
            "eps_4q_growth_year": null,
            "roe": -2.11,
            "roe_4q": -6.6,
            "gross_profit": 227064,
            "gross_margin": 14.75,
            "gross_margin_4q_avg": 11.21,
            "net_income": -32862,
            "net_income_4q": null,
            "revenue": 1539763,
            "revenue_4q": null,
            "common_shares": 1745720,
            "book_valuer_per_share": 5.13,
            "book_valuer_per_share_4q_avg": 6.05,
            "equity": 1659278,
            "current_ratio": 114.96,
            "debt_ratio": 65.86,
            "inventory_turnover_ratio": 2.36,
            "account_receivable_turnover_ratio": 0.79,
            "reinvestment_rate": null,
            "research_to_sale_ratio": 0.26,
            "price_fair": 0.72,
            "eps_avg_yearly": 0.24,
            "eps_latest_yearly": 0.24,
            "eps_growth_yearly": -258.82
        },
        "20103": {
            "year_quarter": 20103,
            "year": 2010,
            "quarter": 3,
            "eps": -0.37,
            "eps_growth_year": null,
            "eps_4q": -1.88,
            "eps_4q_growth_year": null,
            "roe": -0.95,
            "roe_4q": -9.129999999999999,
            "gross_profit": 183659,
            "gross_margin": 14.61,
            "gross_margin_4q_avg": 11.9,
            "net_income": -15612,
            "net_income_4q": null,
            "revenue": 1256847,
            "revenue_4q": null,
            "common_shares": 1745720,
            "book_valuer_per_share": 4.65,
            "book_valuer_per_share_4q_avg": 5.42,
            "equity": 1613210,
            "current_ratio": 128.06,
            "debt_ratio": 55.91,
            "inventory_turnover_ratio": 2.1,
            "account_receivable_turnover_ratio": 0.7,
            "reinvestment_rate": null,
            "research_to_sale_ratio": 0.44,
            "price_fair": 0,
            "eps_avg_yearly": 0,
            "eps_latest_yearly": 0,
            "eps_growth_yearly": 0
        },
        "20104": {
            "year_quarter": 20104,
            "year": 2010,
            "quarter": 4,
            "eps": -1.61,
            "eps_growth_year": null,
            "eps_4q": -2.11,
            "eps_4q_growth_year": null,
            "roe": -36.64,
            "roe_4q": -39.18,
            "gross_profit": 77265,
            "gross_margin": 7.27,
            "gross_margin_4q_avg": 12.64,
            "net_income": -597551,
            "net_income_4q": null,
            "revenue": 1063158,
            "revenue_4q": null,
            "common_shares": 3866930,
            "book_valuer_per_share": 2.23,
            "book_valuer_per_share_4q_avg": 4.44,
            "equity": 1648234,
            "current_ratio": 158.78,
            "debt_ratio": 51.49,
            "inventory_turnover_ratio": 2.59,
            "account_receivable_turnover_ratio": 0.88,
            "reinvestment_rate": null,
            "research_to_sale_ratio": 0.25,
            "price_fair": 0,
            "eps_avg_yearly": 0,
            "eps_latest_yearly": 0,
            "eps_growth_yearly": 0
        },
        "20111": {
            "year_quarter": 20111,
            "year": 2011,
            "quarter": 1,
            "eps": -0.04,
            "eps_growth_year": null,
            "eps_4q": -2.03,
            "eps_4q_growth_year": null,
            "roe": 0.94,
            "roe_4q": -38.760000000000005,
            "gross_profit": 119039,
            "gross_margin": 12.13,
            "gross_margin_4q_avg": 12.19,
            "net_income": 15077,
            "net_income_4q": null,
            "revenue": 981156,
            "revenue_4q": null,
            "common_shares": 3866930,
            "book_valuer_per_share": 2.21,
            "book_valuer_per_share_4q_avg": 3.56,
            "equity": 1576061,
            "current_ratio": 160.67,
            "debt_ratio": 51.65,
            "inventory_turnover_ratio": 2.22,
            "account_receivable_turnover_ratio": 0.98,
            "reinvestment_rate": null,
            "research_to_sale_ratio": 0.2,
            "price_fair": 0,
            "eps_avg_yearly": 0,
            "eps_latest_yearly": 0,
            "eps_growth_yearly": 0
        },
        "20112": {
            "year_quarter": 20112,
            "year": 2011,
            "quarter": 2,
            "eps": -0.09,
            "eps_growth_year": null,
            "eps_4q": -1.91,
            "eps_4q_growth_year": null,
            "roe": -1.24,
            "roe_4q": -37.89,
            "gross_profit": 60645,
            "gross_margin": 5.87,
            "gross_margin_4q_avg": 9.97,
            "net_income": -18931,
            "net_income_4q": null,
            "revenue": 1033214,
            "revenue_4q": null,
            "common_shares": 3866930,
            "book_valuer_per_share": 2.11,
            "book_valuer_per_share_4q_avg": 2.8,
            "equity": 1469192,
            "current_ratio": 145.79,
            "debt_ratio": 54.79,
            "inventory_turnover_ratio": 2.74,
            "account_receivable_turnover_ratio": 1.02,
            "reinvestment_rate": null,
            "research_to_sale_ratio": 0.15,
            "price_fair": 0,
            "eps_avg_yearly": 0,
            "eps_latest_yearly": 0,
            "eps_growth_yearly": 0
        },
        "20113": {
            "year_quarter": 20113,
            "year": 2011,
            "quarter": 3,
            "eps": -0.74,
            "eps_growth_year": null,
            "eps_4q": -8.88,
            "eps_4q_growth_year": null,
            "roe": -3.41,
            "roe_4q": -40.35,
            "gross_profit": 91945,
            "gross_margin": 10.2,
            "gross_margin_4q_avg": 8.87,
            "net_income": -49448,
            "net_income_4q": null,
            "revenue": 901235,
            "revenue_4q": null,
            "common_shares": 827523,
            "book_valuer_per_share": 9.21,
            "book_valuer_per_share_4q_avg": 3.94,
            "equity": 1430938,
            "current_ratio": 115.87,
            "debt_ratio": 56.43,
            "inventory_turnover_ratio": 2.48,
            "account_receivable_turnover_ratio": 0.84,
            "reinvestment_rate": null,
            "research_to_sale_ratio": 0.5,
            "price_fair": 0,
            "eps_avg_yearly": 0,
            "eps_latest_yearly": 0,
            "eps_growth_yearly": 0
        },
        "20114": {
            "year_quarter": 20114,
            "year": 2011,
            "quarter": 4,
            "eps": -1.6,
            "eps_growth_year": null,
            "eps_4q": -2.94,
            "eps_4q_growth_year": null,
            "roe": -9.11,
            "roe_4q": -12.82,
            "gross_profit": 77583,
            "gross_margin": 9.63,
            "gross_margin_4q_avg": 9.46,
            "net_income": -127369,
            "net_income_4q": null,
            "revenue": 805541,
            "revenue_4q": null,
            "common_shares": 826609,
            "book_valuer_per_share": 7.88,
            "book_valuer_per_share_4q_avg": 5.35,
            "equity": 1365968,
            "current_ratio": 103.6,
            "debt_ratio": 59.6,
            "inventory_turnover_ratio": 2.32,
            "account_receivable_turnover_ratio": 0.69,
            "reinvestment_rate": null,
            "research_to_sale_ratio": 0.19,
            "price_fair": 0,
            "eps_avg_yearly": 0,
            "eps_latest_yearly": 0,
            "eps_growth_yearly": 0
        },
        "20121": {
            "year_quarter": 20121,
            "year": 2012,
            "quarter": 1,
            "eps": -0.47,
            "eps_growth_year": null,
            "eps_4q": -3.21,
            "eps_4q_growth_year": null,
            "roe": -2.94,
            "roe_4q": -16.7,
            "gross_profit": 64576,
            "gross_margin": 8.56,
            "gross_margin_4q_avg": 8.57,
            "net_income": -39054,
            "net_income_4q": null,
            "revenue": 754287,
            "revenue_4q": null,
            "common_shares": 826609,
            "book_valuer_per_share": 7.2,
            "book_valuer_per_share_4q_avg": 6.6,
            "equity": 1292860,
            "current_ratio": 103.52,
            "debt_ratio": 60.98,
            "inventory_turnover_ratio": 2.33,
            "account_receivable_turnover_ratio": 0.63,
            "reinvestment_rate": null,
            "research_to_sale_ratio": 0.13,
            "price_fair": 0,
            "eps_avg_yearly": 0,
            "eps_latest_yearly": 0,
            "eps_growth_yearly": 0
        },
        "20122": {
            "year_quarter": 20122,
            "year": 2012,
            "quarter": 2,
            "eps": 0.94,
            "eps_growth_year": null,
            "eps_4q": -1.86,
            "eps_4q_growth_year": null,
            "roe": 7.42,
            "roe_4q": -8.04,
            "gross_profit": 95640,
            "gross_margin": 11.55,
            "gross_margin_4q_avg": 9.99,
            "net_income": 97823,
            "net_income_4q": null,
            "revenue": 828207,
            "revenue_4q": null,
            "common_shares": 826609,
            "book_valuer_per_share": 7.56,
            "book_valuer_per_share_4q_avg": 7.96,
            "equity": 1344350,
            "current_ratio": 104.84,
            "debt_ratio": 60.53,
            "inventory_turnover_ratio": 2.52,
            "account_receivable_turnover_ratio": 0.74,
            "reinvestment_rate": null,
            "research_to_sale_ratio": 0.13,
            "price_fair": 0,
            "eps_avg_yearly": 0,
            "eps_latest_yearly": 0,
            "eps_growth_yearly": 0
        },
        "20123": {
            "year_quarter": 20123,
            "year": 2012,
            "quarter": 3,
            "eps": -0.24,
            "eps_growth_year": null,
            "eps_4q": -1.36,
            "eps_4q_growth_year": null,
            "roe": 0.78,
            "roe_4q": -3.8499999999999996,
            "gross_profit": 121085,
            "gross_margin": 12.86,
            "gross_margin_4q_avg": 10.65,
            "net_income": 10418,
            "net_income_4q": null,
            "revenue": 941299,
            "revenue_4q": null,
            "common_shares": 826609,
            "book_valuer_per_share": 7.24,
            "book_valuer_per_share_4q_avg": 7.47,
            "equity": 1343306,
            "current_ratio": 119.09,
            "debt_ratio": 58.87,
            "inventory_turnover_ratio": 2.87,
            "account_receivable_turnover_ratio": 0.82,
            "reinvestment_rate": null,
            "research_to_sale_ratio": 0.09,
            "price_fair": 0,
            "eps_avg_yearly": 0,
            "eps_latest_yearly": 0,
            "eps_growth_yearly": 0
        },
        "20124": {
            "year_quarter": 20124,
            "year": 2012,
            "quarter": 4,
            "eps": -0.05,
            "eps_growth_year": null,
            "eps_4q": 0.2,
            "eps_4q_growth_year": null,
            "roe": 0.16,
            "roe_4q": 5.42,
            "gross_profit": 48210,
            "gross_margin": 6.3,
            "gross_margin_4q_avg": 9.82,
            "net_income": 2175,
            "net_income_4q": null,
            "revenue": 765424,
            "revenue_4q": null,
            "common_shares": 826609,
            "book_valuer_per_share": 7.21,
            "book_valuer_per_share_4q_avg": 7.3,
            "equity": 1347656,
            "current_ratio": 116.74,
            "debt_ratio": 55.97,
            "inventory_turnover_ratio": 2.92,
            "account_receivable_turnover_ratio": 0.66,
            "reinvestment_rate": null,
            "research_to_sale_ratio": 0.12,
            "price_fair": 0,
            "eps_avg_yearly": 0,
            "eps_latest_yearly": 0,
            "eps_growth_yearly": 0
        },
        "20131": {
            "year_quarter": 20131,
            "year": 2013,
            "quarter": 1,
            "eps": -0.44,
            "eps_growth_year": null,
            "eps_4q": 0.22,
            "eps_4q_growth_year": null,
            "roe": -2.18,
            "roe_4q": 6.18,
            "gross_profit": 55467,
            "gross_margin": 8.29,
            "gross_margin_4q_avg": 9.75,
            "net_income": -28729,
            "net_income_4q": null,
            "revenue": 669171,
            "revenue_4q": null,
            "common_shares": 826609,
            "book_valuer_per_share": 7,
            "book_valuer_per_share_4q_avg": 7.25,
            "equity": 1291292,
            "current_ratio": 111.51,
            "debt_ratio": 58.17,
            "inventory_turnover_ratio": 2.6,
            "account_receivable_turnover_ratio": 0.61,
            "reinvestment_rate": null,
            "research_to_sale_ratio": 0.06,
            "price_fair": 0,
            "eps_avg_yearly": 0,
            "eps_latest_yearly": 0,
            "eps_growth_yearly": 0
        },
        "20132": {
            "year_quarter": 20132,
            "year": 2013,
            "quarter": 2,
            "eps": 0.02,
            "eps_growth_year": -97.88,
            "eps_4q": -0.7,
            "eps_4q_growth_year": null,
            "roe": 2.37,
            "roe_4q": 1.13,
            "gross_profit": 127003,
            "gross_margin": 13.72,
            "gross_margin_4q_avg": 10.29,
            "net_income": 31422,
            "net_income_4q": null,
            "revenue": 925547,
            "revenue_4q": null,
            "common_shares": 826609,
            "book_valuer_per_share": 7.32,
            "book_valuer_per_share_4q_avg": 7.19,
            "equity": 1360740,
            "current_ratio": 125.44,
            "debt_ratio": 56.3,
            "inventory_turnover_ratio": 3.19,
            "account_receivable_turnover_ratio": 0.78,
            "reinvestment_rate": null,
            "research_to_sale_ratio": 0.01,
            "price_fair": 0,
            "eps_avg_yearly": 0,
            "eps_latest_yearly": 0,
            "eps_growth_yearly": 0
        },
        "20133": {
            "year_quarter": 20133,
            "year": 2013,
            "quarter": 3,
            "eps": -0.35,
            "eps_growth_year": null,
            "eps_4q": -0.81,
            "eps_4q_growth_year": null,
            "roe": -0.52,
            "roe_4q": -0.17000000000000007,
            "gross_profit": 130813,
            "gross_margin": 15.07,
            "gross_margin_4q_avg": 10.85,
            "net_income": -7012,
            "net_income_4q": null,
            "revenue": 867823,
            "revenue_4q": null,
            "common_shares": 826609,
            "book_valuer_per_share": 6.74,
            "book_valuer_per_share_4q_avg": 7.07,
            "equity": 1326954,
            "current_ratio": 126.87,
            "debt_ratio": 54.7,
            "inventory_turnover_ratio": 3.12,
            "account_receivable_turnover_ratio": 0.67,
            "reinvestment_rate": null,
            "research_to_sale_ratio": 0.02,
            "price_fair": 0,
            "eps_avg_yearly": 0,
            "eps_latest_yearly": 0,
            "eps_growth_yearly": 0
        },
        "20134": {
            "year_quarter": 20134,
            "year": 2013,
            "quarter": 4,
            "eps": 0.04,
            "eps_growth_year": null,
            "eps_4q": -0.72,
            "eps_4q_growth_year": -471.07,
            "roe": 1.03,
            "roe_4q": 0.6999999999999997,
            "gross_profit": 108955,
            "gross_margin": 13.43,
            "gross_margin_4q_avg": 12.63,
            "net_income": 13806,
            "net_income_4q": null,
            "revenue": 811233,
            "revenue_4q": null,
            "common_shares": 826609,
            "book_valuer_per_share": 6.92,
            "book_valuer_per_share_4q_avg": 7,
            "equity": 1366242,
            "current_ratio": 164.74,
            "debt_ratio": 48.88,
            "inventory_turnover_ratio": 3.19,
            "account_receivable_turnover_ratio": 0.66,
            "reinvestment_rate": null,
            "research_to_sale_ratio": 0,
            "price_fair": 0,
            "eps_avg_yearly": 0,
            "eps_latest_yearly": 0,
            "eps_growth_yearly": 0
        },
        "20141": {
            "year_quarter": 20141,
            "year": 2014,
            "quarter": 1,
            "eps": -0.13,
            "eps_growth_year": null,
            "eps_4q": -0.42,
            "eps_4q_growth_year": -287.45,
            "roe": -0.07,
            "roe_4q": 2.81,
            "gross_profit": 83141,
            "gross_margin": 12.08,
            "gross_margin_4q_avg": 13.58,
            "net_income": -988,
            "net_income_4q": null,
            "revenue": 688180,
            "revenue_4q": null,
            "common_shares": 826609,
            "book_valuer_per_share": 6.7,
            "book_valuer_per_share_4q_avg": 6.92,
            "equity": 1312079,
            "current_ratio": 161.81,
            "debt_ratio": 48.44,
            "inventory_turnover_ratio": 2.73,
            "account_receivable_turnover_ratio": 0.65,
            "reinvestment_rate": null,
            "research_to_sale_ratio": 0,
            "price_fair": 0,
            "eps_avg_yearly": 0,
            "eps_latest_yearly": 0,
            "eps_growth_yearly": 0
        },
        "20142": {
            "year_quarter": 20142,
            "year": 2014,
            "quarter": 2,
            "eps": 0.32,
            "eps_growth_year": 1500,
            "eps_4q": -0.12,
            "eps_4q_growth_year": null,
            "roe": 3.1,
            "roe_4q": 3.5400000000000005,
            "gross_profit": 140829,
            "gross_margin": 13.94,
            "gross_margin_4q_avg": 13.63,
            "net_income": 40415,
            "net_income_4q": null,
            "revenue": 1010179,
            "revenue_4q": null,
            "common_shares": 826609,
            "book_valuer_per_share": 7.03,
            "book_valuer_per_share_4q_avg": 6.85,
            "equity": 1294010,
            "current_ratio": 155.1,
            "debt_ratio": 51.86,
            "inventory_turnover_ratio": 3.8,
            "account_receivable_turnover_ratio": 0.93,
            "reinvestment_rate": null,
            "research_to_sale_ratio": 0,
            "price_fair": 0,
            "eps_avg_yearly": 0,
            "eps_latest_yearly": 0,
            "eps_growth_yearly": 0
        },
        "20143": {
            "year_quarter": 20143,
            "year": 2014,
            "quarter": 3,
            "eps": 0.28,
            "eps_growth_year": null,
            "eps_4q": 0.44,
            "eps_4q_growth_year": null,
            "roe": 3.1,
            "roe_4q": 7.16,
            "gross_profit": 159499,
            "gross_margin": 14.72,
            "gross_margin_4q_avg": 13.54,
            "net_income": 43582,
            "net_income_4q": null,
            "revenue": 1083715,
            "revenue_4q": null,
            "common_shares": 1001609,
            "book_valuer_per_share": 7.69,
            "book_valuer_per_share_4q_avg": 7.09,
            "equity": 1519755,
            "current_ratio": 144.33,
            "debt_ratio": 55.85,
            "inventory_turnover_ratio": 3.35,
            "account_receivable_turnover_ratio": 0.75,
            "reinvestment_rate": null,
            "research_to_sale_ratio": 0.09,
            "price_fair": 3.36,
            "eps_avg_yearly": 1.12,
            "eps_latest_yearly": 1.12,
            "eps_growth_yearly": -50
        },
        "20144": {
            "year_quarter": 20144,
            "year": 2014,
            "quarter": 4,
            "eps": 0.34,
            "eps_growth_year": 680.58,
            "eps_4q": 0.75,
            "eps_4q_growth_year": null,
            "roe": 3.35,
            "roe_4q": 9.48,
            "gross_profit": 178096,
            "gross_margin": 15.34,
            "gross_margin_4q_avg": 14.02,
            "net_income": 52450,
            "net_income_4q": null,
            "revenue": 1160669,
            "revenue_4q": null,
            "common_shares": 1001609,
            "book_valuer_per_share": 8.24,
            "book_valuer_per_share_4q_avg": 7.42,
            "equity": 1613931,
            "current_ratio": 146.6,
            "debt_ratio": 54.17,
            "inventory_turnover_ratio": 2.83,
            "account_receivable_turnover_ratio": 0.71,
            "reinvestment_rate": null,
            "research_to_sale_ratio": 0.16,
            "price_fair": 34.54,
            "eps_avg_yearly": 1.24,
            "eps_latest_yearly": 1.36,
            "eps_growth_yearly": 17.86
        },
        "20151": {
            "year_quarter": 20151,
            "year": 2015,
            "quarter": 1,
            "eps": 0.16,
            "eps_growth_year": null,
            "eps_4q": 1.02,
            "eps_4q_growth_year": null,
            "roe": 1.71,
            "roe_4q": 11.26,
            "gross_profit": 134320,
            "gross_margin": 13.22,
            "gross_margin_4q_avg": 14.31,
            "net_income": 27432,
            "net_income_4q": null,
            "revenue": 1015738,
            "revenue_4q": null,
            "common_shares": 1001609,
            "book_valuer_per_share": 8.34,
            "book_valuer_per_share_4q_avg": 7.83,
            "equity": 1590307,
            "current_ratio": 149.68,
            "debt_ratio": 53.17,
            "inventory_turnover_ratio": 2.35,
            "account_receivable_turnover_ratio": 0.67,
            "reinvestment_rate": null,
            "research_to_sale_ratio": 0.2,
            "price_fair": 3.12,
            "eps_avg_yearly": 1.04,
            "eps_latest_yearly": 0.64,
            "eps_growth_yearly": -58.68
        },
        "20152": {
            "year_quarter": 20152,
            "year": 2015,
            "quarter": 2,
            "eps": 0.39,
            "eps_growth_year": 21.88,
            "eps_4q": 1.06,
            "eps_4q_growth_year": null,
            "roe": 3.34,
            "roe_4q": 11.5,
            "gross_profit": 145672,
            "gross_margin": 13.82,
            "gross_margin_4q_avg": 14.28,
            "net_income": 53960,
            "net_income_4q": null,
            "revenue": 1054033,
            "revenue_4q": null,
            "common_shares": 1001609,
            "book_valuer_per_share": 8.64,
            "book_valuer_per_share_4q_avg": 8.23,
            "equity": 1643516,
            "current_ratio": 157.73,
            "debt_ratio": 50.12,
            "inventory_turnover_ratio": 2.53,
            "account_receivable_turnover_ratio": 0.73,
            "reinvestment_rate": null,
            "research_to_sale_ratio": 0.17,
            "price_fair": 40.95,
            "eps_avg_yearly": 1.17,
            "eps_latest_yearly": 1.56,
            "eps_growth_yearly": 99.74
        },
        "20153": {
            "year_quarter": 20153,
            "year": 2015,
            "quarter": 3,
            "eps": 0.51,
            "eps_growth_year": 82.14,
            "eps_4q": 1.56,
            "eps_4q_growth_year": 251.79,
            "roe": 4.33,
            "roe_4q": 12.729999999999999,
            "gross_profit": 175029,
            "gross_margin": 16.98,
            "gross_margin_4q_avg": 14.84,
            "net_income": 73641,
            "net_income_4q": null,
            "revenue": 1030551,
            "revenue_4q": null,
            "common_shares": 773814,
            "book_valuer_per_share": 11.95,
            "book_valuer_per_share_4q_avg": 9.29,
            "equity": 1757458,
            "current_ratio": 164.99,
            "debt_ratio": 47.82,
            "inventory_turnover_ratio": 2.81,
            "account_receivable_turnover_ratio": 0.7,
            "reinvestment_rate": null,
            "research_to_sale_ratio": 0.16,
            "price_fair": 47.04,
            "eps_avg_yearly": 1.34,
            "eps_latest_yearly": 2.04,
            "eps_growth_yearly": 104.41
        },
        "20154": {
            "year_quarter": 20154,
            "year": 2015,
            "quarter": 4,
            "eps": 0.49,
            "eps_growth_year": 41.65,
            "eps_4q": 1.6,
            "eps_4q_growth_year": 113.63,
            "roe": 2.63,
            "roe_4q": 12.010000000000002,
            "gross_profit": 182085,
            "gross_margin": 18.49,
            "gross_margin_4q_avg": 15.63,
            "net_income": 46252,
            "net_income_4q": null,
            "revenue": 984622,
            "revenue_4q": null,
            "common_shares": 773814,
            "book_valuer_per_share": 12.18,
            "book_valuer_per_share_4q_avg": 10.28,
            "equity": 1765877,
            "current_ratio": 167.77,
            "debt_ratio": 46.64,
            "inventory_turnover_ratio": 2.62,
            "account_receivable_turnover_ratio": 0.69,
            "reinvestment_rate": -294.32,
            "research_to_sale_ratio": 0.24,
            "price_fair": 50.63,
            "eps_avg_yearly": 1.45,
            "eps_latest_yearly": 1.96,
            "eps_growth_yearly": 84.39
        },
        "20161": {
            "year_quarter": 20161,
            "year": 2016,
            "quarter": 1,
            "eps": 0.42,
            "eps_growth_year": 162.5,
            "eps_4q": 1.81,
            "eps_4q_growth_year": 77.19,
            "roe": 3.54,
            "roe_4q": 13.84,
            "gross_profit": 205307,
            "gross_margin": 20.09,
            "gross_margin_4q_avg": 17.35,
            "net_income": 62359,
            "net_income_4q": null,
            "revenue": 1021758,
            "revenue_4q": null,
            "common_shares": 773814,
            "book_valuer_per_share": 12.39,
            "book_valuer_per_share_4q_avg": 11.29,
            "equity": 1757478,
            "current_ratio": 166.1,
            "debt_ratio": 46.97,
            "inventory_turnover_ratio": 2.34,
            "account_receivable_turnover_ratio": 0.74,
            "reinvestment_rate": -173.08,
            "research_to_sale_ratio": 0.15,
            "price_fair": 51.8,
            "eps_avg_yearly": 1.48,
            "eps_latest_yearly": 1.68,
            "eps_growth_yearly": 64.17
        },
        "20162": {
            "year_quarter": 20162,
            "year": 2016,
            "quarter": 2,
            "eps": 0.38,
            "eps_growth_year": -2.56,
            "eps_4q": 1.8,
            "eps_4q_growth_year": 69.43,
            "roe": 3.22,
            "roe_4q": 13.72,
            "gross_profit": 199232,
            "gross_margin": 19.91,
            "gross_margin_4q_avg": 18.87,
            "net_income": 56456,
            "net_income_4q": null,
            "revenue": 1000568,
            "revenue_4q": null,
            "common_shares": 773814,
            "book_valuer_per_share": 12.17,
            "book_valuer_per_share_4q_avg": 12.17,
            "equity": 1747618,
            "current_ratio": 175.99,
            "debt_ratio": 44.05,
            "inventory_turnover_ratio": 2.33,
            "account_receivable_turnover_ratio": 0.75,
            "reinvestment_rate": -227.34,
            "research_to_sale_ratio": 0.18,
            "price_fair": 51.98,
            "eps_avg_yearly": 1.49,
            "eps_latest_yearly": 1.52,
            "eps_growth_yearly": 51.39
        },
        "20163": {
            "year_quarter": 20163,
            "year": 2016,
            "quarter": 3,
            "eps": 0.48,
            "eps_growth_year": -5.88,
            "eps_4q": 1.78,
            "eps_4q_growth_year": 13.67,
            "roe": 4.08,
            "roe_4q": 13.469999999999999,
            "gross_profit": 226294,
            "gross_margin": 21.22,
            "gross_margin_4q_avg": 19.93,
            "net_income": 71632,
            "net_income_4q": null,
            "revenue": 1066639,
            "revenue_4q": null,
            "common_shares": 773814,
            "book_valuer_per_share": 12.27,
            "book_valuer_per_share_4q_avg": 12.25,
            "equity": 1764466,
            "current_ratio": 178.26,
            "debt_ratio": 45.32,
            "inventory_turnover_ratio": 2.37,
            "account_receivable_turnover_ratio": 0.83,
            "reinvestment_rate": -93.78,
            "research_to_sale_ratio": 0.22,
            "price_fair": 53.67,
            "eps_avg_yearly": 1.53,
            "eps_latest_yearly": 1.92,
            "eps_growth_yearly": 57.37
        },
        "20164": {
            "year_quarter": 20164,
            "year": 2016,
            "quarter": 4,
            "eps": 0.55,
            "eps_growth_year": 13.57,
            "eps_4q": 1.84,
            "eps_4q_growth_year": 14.81,
            "roe": 4.45,
            "roe_4q": 15.290000000000003,
            "gross_profit": 240900,
            "gross_margin": 20.4,
            "gross_margin_4q_avg": 20.41,
            "net_income": 79697,
            "net_income_4q": null,
            "revenue": 1180653,
            "revenue_4q": null,
            "common_shares": 773814,
            "book_valuer_per_share": 12.65,
            "book_valuer_per_share_4q_avg": 12.37,
            "equity": 1821300,
            "current_ratio": 169.41,
            "debt_ratio": 48.12,
            "inventory_turnover_ratio": 2.42,
            "account_receivable_turnover_ratio": 0.84,
            "reinvestment_rate": -90.24,
            "research_to_sale_ratio": 0.18,
            "price_fair": 56,
            "eps_avg_yearly": 1.6,
            "eps_latest_yearly": 2.2,
            "eps_growth_yearly": 57.47
        },
        "20171": {
            "year_quarter": 20171,
            "year": 2017,
            "quarter": 1,
            "eps": 0.14,
            "eps_growth_year": -66.67,
            "eps_4q": 1.56,
            "eps_4q_growth_year": -13.95,
            "roe": 1.33,
            "roe_4q": 13.08,
            "gross_profit": 201119,
            "gross_margin": 19.22,
            "gross_margin_4q_avg": 20.19,
            "net_income": 23618,
            "net_income_4q": null,
            "revenue": 1046167,
            "revenue_4q": null,
            "common_shares": 773814,
            "book_valuer_per_share": 12.12,
            "book_valuer_per_share_4q_avg": 12.3,
            "equity": 1719086,
            "current_ratio": 164.54,
            "debt_ratio": 50.02,
            "inventory_turnover_ratio": 1.85,
            "account_receivable_turnover_ratio": 0.74,
            "reinvestment_rate": -89.91,
            "research_to_sale_ratio": 0.35,
            "price_fair": 52.69,
            "eps_avg_yearly": 1.51,
            "eps_latest_yearly": 0.56,
            "eps_growth_yearly": 25.14
        },
        "20172": {
            "year_quarter": 20172,
            "year": 2017,
            "quarter": 2,
            "eps": 1.04,
            "eps_growth_year": 173.68,
            "eps_4q": 2.21,
            "eps_4q_growth_year": 22.79,
            "roe": 5.46,
            "roe_4q": 15.32,
            "gross_profit": 202714,
            "gross_margin": 16.32,
            "gross_margin_4q_avg": 19.29,
            "net_income": 94888,
            "net_income_4q": null,
            "revenue": 1241780,
            "revenue_4q": null,
            "common_shares": 773814,
            "book_valuer_per_share": 12.24,
            "book_valuer_per_share_4q_avg": 12.32,
            "equity": 1757648,
            "current_ratio": 171.44,
            "debt_ratio": 54.52,
            "inventory_turnover_ratio": 2.01,
            "account_receivable_turnover_ratio": 0.88,
            "reinvestment_rate": -37.63,
            "research_to_sale_ratio": 0.28,
            "price_fair": 60.43,
            "eps_avg_yearly": 1.73,
            "eps_latest_yearly": 4.16,
            "eps_growth_yearly": 237.33
        },
        "20173": {
            "year_quarter": 20173,
            "year": 2017,
            "quarter": 3,
            "eps": 0.45,
            "eps_growth_year": -6.25,
            "eps_4q": 2.18,
            "eps_4q_growth_year": 22.64,
            "roe": 2.18,
            "roe_4q": 13.420000000000002,
            "gross_profit": 185177,
            "gross_margin": 15.95,
            "gross_margin_4q_avg": 17.97,
            "net_income": 39039,
            "net_income_4q": null,
            "revenue": 1161148,
            "revenue_4q": null,
            "common_shares": 773814,
            "book_valuer_per_share": 12.92,
            "book_valuer_per_share_4q_avg": 12.48,
            "equity": 1826275,
            "current_ratio": 180.02,
            "debt_ratio": 52.49,
            "inventory_turnover_ratio": 1.89,
            "account_receivable_turnover_ratio": 0.78,
            "reinvestment_rate": -20.96,
            "research_to_sale_ratio": 0.34,
            "price_fair": 60.63,
            "eps_avg_yearly": 1.73,
            "eps_latest_yearly": 1.8,
            "eps_growth_yearly": 201.62
        },
        "20174": {
            "year_quarter": 20174,
            "year": 2017,
            "quarter": 4,
            "eps": 0.08,
            "eps_growth_year": -84.9,
            "eps_4q": 1.71,
            "eps_4q_growth_year": -7.19,
            "roe": 0.77,
            "roe_4q": 9.74,
            "gross_profit": 143811,
            "gross_margin": 12.87,
            "gross_margin_4q_avg": 16.09,
            "net_income": 14149,
            "net_income_4q": null,
            "revenue": 1117276,
            "revenue_4q": null,
            "common_shares": 773814,
            "book_valuer_per_share": 13.11,
            "book_valuer_per_share_4q_avg": 12.6,
            "equity": 1852568,
            "current_ratio": 181.97,
            "debt_ratio": 51.89,
            "inventory_turnover_ratio": 1.86,
            "account_receivable_turnover_ratio": 0.75,
            "reinvestment_rate": 35.98,
            "research_to_sale_ratio": 0.46,
            "price_fair": 57.1,
            "eps_avg_yearly": 1.63,
            "eps_latest_yearly": 0.32,
            "eps_growth_yearly": 163.72
        },
        "20181": {
            "year_quarter": 20181,
            "year": 2018,
            "quarter": 1,
            "eps": -0.49,
            "eps_growth_year": -450,
            "eps_4q": 1.08,
            "eps_4q_growth_year": -30.77,
            "roe": -3.59,
            "roe_4q": 4.82,
            "gross_profit": 149004,
            "gross_margin": 13.11,
            "gross_margin_4q_avg": 14.56,
            "net_income": -64999,
            "net_income_4q": null,
            "revenue": 1136280,
            "revenue_4q": null,
            "common_shares": 773814,
            "book_valuer_per_share": 12.82,
            "book_valuer_per_share_4q_avg": 12.77,
            "equity": 1765522,
            "current_ratio": 169.01,
            "debt_ratio": 55.63,
            "inventory_turnover_ratio": 1.86,
            "account_receivable_turnover_ratio": 0.73,
            "reinvestment_rate": 29.62,
            "research_to_sale_ratio": 0.45,
            "price_fair": 57.1,
            "eps_avg_yearly": 1.63,
            "eps_latest_yearly": 0.32,
            "eps_growth_yearly": 163.72
        },
        "20182": {
            "year_quarter": 20182,
            "year": 2018,
            "quarter": 2,
            "eps": 0.9,
            "eps_growth_year": -13.46,
            "eps_4q": 0.9,
            "eps_4q_growth_year": -59.31,
            "roe": 5.56,
            "roe_4q": 4.92,
            "gross_profit": 188485,
            "gross_margin": 15.77,
            "gross_margin_4q_avg": 14.43,
            "net_income": 99719,
            "net_income_4q": null,
            "revenue": 1195136,
            "revenue_4q": null,
            "common_shares": 773814,
            "book_valuer_per_share": 13.23,
            "book_valuer_per_share_4q_avg": 13.02,
            "equity": 1820719,
            "current_ratio": 177.92,
            "debt_ratio": 53.36,
            "inventory_turnover_ratio": 1.87,
            "account_receivable_turnover_ratio": 0.77,
            "reinvestment_rate": 29.76,
            "research_to_sale_ratio": 0.34,
            "price_fair": 57.1,
            "eps_avg_yearly": 1.63,
            "eps_latest_yearly": 0.32,
            "eps_growth_yearly": 163.72
        },
        "20183": {
            "year_quarter": 20183,
            "year": 2018,
            "quarter": 3,
            "eps": 0.8,
            "eps_growth_year": 77.78,
            "eps_4q": 1.26,
            "eps_4q_growth_year": -42.29,
            "roe": 4.82,
            "roe_4q": 7.559999999999999,
            "gross_profit": 197766,
            "gross_margin": 16.12,
            "gross_margin_4q_avg": 14.47,
            "net_income": 88446,
            "net_income_4q": null,
            "revenue": 1227031,
            "revenue_4q": null,
            "common_shares": 804767,
            "book_valuer_per_share": 13.04,
            "book_valuer_per_share_4q_avg": 13.05,
            "equity": 1851075,
            "current_ratio": 163.53,
            "debt_ratio": 52.05,
            "inventory_turnover_ratio": 2.01,
            "account_receivable_turnover_ratio": 0.77,
            "reinvestment_rate": -3.89,
            "research_to_sale_ratio": 0.34,
            "price_fair": 62.3,
            "eps_avg_yearly": 1.78,
            "eps_latest_yearly": 3.2,
            "eps_growth_yearly": 164.12
        },
        "20184": {
            "year_quarter": 20184,
            "year": 2018,
            "quarter": 4,
            "eps": 0.49,
            "eps_growth_year": 484.63,
            "eps_4q": 1.66,
            "eps_4q_growth_year": -2.8,
            "roe": 2.82,
            "roe_4q": 9.61,
            "gross_profit": 210228,
            "gross_margin": 18.48,
            "gross_margin_4q_avg": 15.87,
            "net_income": 53151,
            "net_income_4q": null,
            "revenue": 1137552,
            "revenue_4q": null,
            "common_shares": 812576,
            "book_valuer_per_share": 13.64,
            "book_valuer_per_share_4q_avg": 13.18,
            "equity": 1922603,
            "current_ratio": 168.17,
            "debt_ratio": 50.4,
            "inventory_turnover_ratio": 1.83,
            "account_receivable_turnover_ratio": 0.71,
            "reinvestment_rate": -17.36,
            "research_to_sale_ratio": 0.41,
            "price_fair": 63.8,
            "eps_avg_yearly": 1.82,
            "eps_latest_yearly": 1.96,
            "eps_growth_yearly": 146.93
        },
        "20191": {
            "year_quarter": 20191,
            "year": 2019,
            "quarter": 1,
            "eps": 0.08,
            "eps_growth_year": null,
            "eps_4q": 2.21,
            "eps_4q_growth_year": 104.79,
            "roe": 0.07,
            "roe_4q": 13.27,
            "gross_profit": 159349,
            "gross_margin": 15.04,
            "gross_margin_4q_avg": 16.35,
            "net_income": 1337,
            "net_income_4q": null,
            "revenue": 1059493,
            "revenue_4q": null,
            "common_shares": 812576,
            "book_valuer_per_share": 14.05,
            "book_valuer_per_share_4q_avg": 13.49,
            "equity": 1969339,
            "current_ratio": 169.81,
            "debt_ratio": 50.53,
            "inventory_turnover_ratio": 1.73,
            "account_receivable_turnover_ratio": 0.69,
            "reinvestment_rate": -14.84,
            "research_to_sale_ratio": 0.53,
            "price_fair": 63,
            "eps_avg_yearly": 1.8,
            "eps_latest_yearly": 0.32,
            "eps_growth_yearly": 138.15
        },
        "20192": {
            "year_quarter": 20192,
            "year": 2019,
            "quarter": 2,
            "eps": 0.27,
            "eps_growth_year": -70,
            "eps_4q": 1.63,
            "eps_4q_growth_year": 81.25,
            "roe": 0.94,
            "roe_4q": 8.65,
            "gross_profit": 139616,
            "gross_margin": 13.91,
            "gross_margin_4q_avg": 15.89,
            "net_income": 18087,
            "net_income_4q": null,
            "revenue": 1003829,
            "revenue_4q": null,
            "common_shares": 813256,
            "book_valuer_per_share": 13.76,
            "book_valuer_per_share_4q_avg": 13.62,
            "equity": 1881972,
            "current_ratio": 166.57,
            "debt_ratio": 50.37,
            "inventory_turnover_ratio": 1.84,
            "account_receivable_turnover_ratio": 0.72,
            "reinvestment_rate": 3.04,
            "research_to_sale_ratio": 0.53,
            "price_fair": 61.8,
            "eps_avg_yearly": 1.77,
            "eps_latest_yearly": 1.08,
            "eps_growth_yearly": 164.93
        },
        "20193": {
            "year_quarter": 20193,
            "year": 2019,
            "quarter": 3,
            "eps": 0.47,
            "eps_growth_year": -41.25,
            "eps_4q": 1.32,
            "eps_4q_growth_year": 5.03,
            "roe": 1.55,
            "roe_4q": 5.38,
            "gross_profit": 152653,
            "gross_margin": 14.9,
            "gross_margin_4q_avg": 15.58,
            "net_income": 28863,
            "net_income_4q": null,
            "revenue": 1024700,
            "revenue_4q": null,
            "common_shares": 813256,
            "book_valuer_per_share": 13.84,
            "book_valuer_per_share_4q_avg": 13.82,
            "equity": 1854021,
            "current_ratio": 174.04,
            "debt_ratio": 48.62,
            "inventory_turnover_ratio": 2.18,
            "account_receivable_turnover_ratio": 0.78,
            "reinvestment_rate": -12.01,
            "research_to_sale_ratio": 0.52,
            "price_fair": 61.4,
            "eps_avg_yearly": 1.75,
            "eps_latest_yearly": 1.88,
            "eps_growth_yearly": 177.3
        },
        "20194": {
            "year_quarter": 20194,
            "year": 2019,
            "quarter": 4,
            "eps": 0.23,
            "eps_growth_year": -53.14,
            "eps_4q": 1.06,
            "eps_4q_growth_year": -36.17,
            "roe": 1.25,
            "roe_4q": 3.8099999999999996,
            "gross_profit": 162113,
            "gross_margin": 15.69,
            "gross_margin_4q_avg": 14.89,
            "net_income": 21362,
            "net_income_4q": null,
            "revenue": 1033232,
            "revenue_4q": null,
            "common_shares": 814416,
            "book_valuer_per_share": 14.15,
            "book_valuer_per_share_4q_avg": 13.95,
            "equity": 1564112,
            "current_ratio": 165.45,
            "debt_ratio": 56.57,
            "inventory_turnover_ratio": 2.24,
            "account_receivable_turnover_ratio": 0.77,
            "reinvestment_rate": -14.1,
            "research_to_sale_ratio": 0.53,
            "price_fair": 58.8,
            "eps_avg_yearly": 1.68,
            "eps_latest_yearly": 0.92,
            "eps_growth_yearly": 163.84
        },
        "20201": {
            "year_quarter": 20201,
            "year": 2020,
            "quarter": 1,
            "eps": 0.08,
            "eps_growth_year": 0,
            "eps_4q": 1.06,
            "eps_4q_growth_year": -52.07,
            "roe": 0.61,
            "roe_4q": 4.35,
            "gross_profit": 88082,
            "gross_margin": 11.63,
            "gross_margin_4q_avg": 14.03,
            "net_income": 9461,
            "net_income_4q": null,
            "revenue": 757604,
            "revenue_4q": null,
            "common_shares": 815116,
            "book_valuer_per_share": 14.01,
            "book_valuer_per_share_4q_avg": 13.94,
            "equity": 1548589,
            "current_ratio": 177.95,
            "debt_ratio": 54.26,
            "inventory_turnover_ratio": 1.75,
            "account_receivable_turnover_ratio": 0.6,
            "reinvestment_rate": -18.89,
            "research_to_sale_ratio": 0.64,
            "price_fair": 55.4,
            "eps_avg_yearly": 1.58,
            "eps_latest_yearly": 0.32,
            "eps_growth_yearly": 149.28
        },
        "20202": {
            "year_quarter": 20202,
            "year": 2020,
            "quarter": 2,
            "eps": 0.62,
            "eps_growth_year": 129.63,
            "eps_4q": 1.42,
            "eps_4q_growth_year": -12.81,
            "roe": 5.16,
            "roe_4q": 8.57,
            "gross_profit": 192839,
            "gross_margin": 17.92,
            "gross_margin_4q_avg": 15.04,
            "net_income": 80780,
            "net_income_4q": null,
            "revenue": 1076027,
            "revenue_4q": null,
            "common_shares": 803756,
            "book_valuer_per_share": 14.33,
            "book_valuer_per_share_4q_avg": 14.08,
            "equity": 1582828,
            "current_ratio": 165.7,
            "debt_ratio": 56.61,
            "inventory_turnover_ratio": 2.47,
            "account_receivable_turnover_ratio": 0.87,
            "reinvestment_rate": -20.6,
            "research_to_sale_ratio": 0.58,
            "price_fair": 57.8,
            "eps_avg_yearly": 1.65,
            "eps_latest_yearly": 2.48,
            "eps_growth_yearly": 344.86
        },
        "20203": {
            "year_quarter": 20203,
            "year": 2020,
            "quarter": 3,
            "eps": 0.29,
            "eps_growth_year": -38.3,
            "eps_4q": 1.23,
            "eps_4q_growth_year": -6.7,
            "roe": 1.34,
            "roe_4q": 8.36,
            "gross_profit": 155095,
            "gross_margin": 14.59,
            "gross_margin_4q_avg": 14.96,
            "net_income": 21521,
            "net_income_4q": null,
            "revenue": 1063377,
            "revenue_4q": null,
            "common_shares": 805126,
            "book_valuer_per_share": 14.89,
            "book_valuer_per_share_4q_avg": 14.35,
            "equity": 1639501,
            "current_ratio": 171.99,
            "debt_ratio": 54.77,
            "inventory_turnover_ratio": 2.65,
            "account_receivable_turnover_ratio": 0.77,
            "reinvestment_rate": -25.3,
            "research_to_sale_ratio": 0.85,
            "price_fair": 55.9,
            "eps_avg_yearly": 1.6,
            "eps_latest_yearly": 1.16,
            "eps_growth_yearly": 322.14
        },
        "20204": {
            "year_quarter": 20204,
            "year": 2020,
            "quarter": 4,
            "eps": 0.33,
            "eps_growth_year": 43.98,
            "eps_4q": 1.33,
            "eps_4q_growth_year": 25.32,
            "roe": 1.38,
            "roe_4q": 8.49,
            "gross_profit": 156138,
            "gross_margin": 14.65,
            "gross_margin_4q_avg": 14.7,
            "net_income": 22783,
            "net_income_4q": null,
            "revenue": 1066009,
            "revenue_4q": null,
            "common_shares": 805126,
            "book_valuer_per_share": 15.64,
            "book_valuer_per_share_4q_avg": 14.72,
            "equity": 1672883,
            "current_ratio": 162.59,
            "debt_ratio": 57,
            "inventory_turnover_ratio": 2.68,
            "account_receivable_turnover_ratio": 0.73,
            "reinvestment_rate": -32.11,
            "research_to_sale_ratio": 0.78,
            "price_fair": 53.7,
            "eps_avg_yearly": 1.53,
            "eps_latest_yearly": 1.32,
            "eps_growth_yearly": 321.91
        },
        "20211": {
            "year_quarter": 20211,
            "year": 2021,
            "quarter": 1,
            "eps": 0.22,
            "eps_growth_year": 175,
            "eps_4q": 1.47,
            "eps_4q_growth_year": 38.56,
            "roe": 1.06,
            "roe_4q": 8.940000000000001,
            "gross_profit": 110717,
            "gross_margin": 11.04,
            "gross_margin_4q_avg": 14.55,
            "net_income": 17799,
            "net_income_4q": null,
            "revenue": 1002732,
            "revenue_4q": null,
            "common_shares": 805346,
            "book_valuer_per_share": 15.87,
            "book_valuer_per_share_4q_avg": 15.18,
            "equity": 1689812,
            "current_ratio": 164.48,
            "debt_ratio": 56.55,
            "inventory_turnover_ratio": 2.21,
            "account_receivable_turnover_ratio": 0.69,
            "reinvestment_rate": -24.29,
            "research_to_sale_ratio": 0.8,
            "price_fair": 54.5,
            "eps_avg_yearly": 1.56,
            "eps_latest_yearly": 0.88,
            "eps_growth_yearly": 333.68
        },
        "20212": {
            "year_quarter": 20212,
            "year": 2021,
            "quarter": 2,
            "eps": 0.2,
            "eps_growth_year": -67.74,
            "eps_4q": 1.04,
            "eps_4q_growth_year": -26.87,
            "roe": 0.85,
            "roe_4q": 4.63,
            "gross_profit": 107285,
            "gross_margin": 9.54,
            "gross_margin_4q_avg": 12.46,
            "net_income": 14331,
            "net_income_4q": null,
            "revenue": 1125135,
            "revenue_4q": null,
            "common_shares": 805346,
            "book_valuer_per_share": 15.99,
            "book_valuer_per_share_4q_avg": 15.6,
            "equity": 1699935,
            "current_ratio": 158.59,
            "debt_ratio": 58.98,
            "inventory_turnover_ratio": 2,
            "account_receivable_turnover_ratio": 0.77,
            "reinvestment_rate": -29.64,
            "research_to_sale_ratio": 0.71,
            "price_fair": 46.1,
            "eps_avg_yearly": 1.32,
            "eps_latest_yearly": 0.8,
            "eps_growth_yearly": 147.41
        },
        "20213": {
            "year_quarter": 20213,
            "year": 2021,
            "quarter": 3,
            "eps": 0.45,
            "eps_growth_year": 55.17,
            "eps_4q": 1.2,
            "eps_4q_growth_year": -2.6,
            "roe": 2.59,
            "roe_4q": 5.88,
            "gross_profit": 152443,
            "gross_margin": 11.9,
            "gross_margin_4q_avg": 11.78,
            "net_income": 43892,
            "net_income_4q": null,
            "revenue": 1281345,
            "revenue_4q": null,
            "common_shares": 805346,
            "book_valuer_per_share": 15.93,
            "book_valuer_per_share_4q_avg": 15.86,
            "equity": 1685457,
            "current_ratio": 152.45,
            "debt_ratio": 60.43,
            "inventory_turnover_ratio": 2.04,
            "account_receivable_turnover_ratio": 0.81,
            "reinvestment_rate": -36.37,
            "research_to_sale_ratio": 0.63,
            "price_fair": 46.1,
            "eps_avg_yearly": 1.32,
            "eps_latest_yearly": 1.8,
            "eps_growth_yearly": 199.34
        },
        "20214": {
            "year_quarter": 20214,
            "year": 2021,
            "quarter": 4,
            "eps": 0.42,
            "eps_growth_year": 28.29,
            "eps_4q": 1.29,
            "eps_4q_growth_year": -2.74,
            "roe": 1.81,
            "roe_4q": 6.3100000000000005,
            "gross_profit": 130753,
            "gross_margin": 10.17,
            "gross_margin_4q_avg": 10.66,
            "net_income": 30894,
            "net_income_4q": null,
            "revenue": 1285061,
            "revenue_4q": null,
            "common_shares": 805346,
            "book_valuer_per_share": 16.54,
            "book_valuer_per_share_4q_avg": 16.08,
            "equity": 1731498,
            "current_ratio": 155.67,
            "debt_ratio": 58.98,
            "inventory_turnover_ratio": 2.23,
            "account_receivable_turnover_ratio": 0.73,
            "reinvestment_rate": -37.16,
            "research_to_sale_ratio": 0.69,
            "price_fair": 49.5,
            "eps_avg_yearly": 1.41,
            "eps_latest_yearly": 1.68,
            "eps_growth_yearly": 220.92
        },
        "20221": {
            "year_quarter": 20221,
            "year": 2022,
            "quarter": 1,
            "eps": 0.2,
            "eps_growth_year": -9.09,
            "eps_4q": 1.27,
            "eps_4q_growth_year": -13.36,
            "roe": 0.13,
            "roe_4q": 5.379999999999999,
            "gross_profit": 75303,
            "gross_margin": 7.56,
            "gross_margin_4q_avg": 9.79,
            "net_income": 2331,
            "net_income_4q": null,
            "revenue": 996128,
            "revenue_4q": null,
            "common_shares": 805346,
            "book_valuer_per_share": 17.31,
            "book_valuer_per_share_4q_avg": 16.44,
            "equity": 1794762,
            "current_ratio": 178.4,
            "debt_ratio": 61.49,
            "inventory_turnover_ratio": 1.78,
            "account_receivable_turnover_ratio": 0.57,
            "reinvestment_rate": -28.51,
            "research_to_sale_ratio": 0.85,
            "price_fair": 48.07,
            "eps_avg_yearly": 1.37,
            "eps_latest_yearly": 0.8,
            "eps_growth_yearly": 192.23
        },
        "20222": {
            "year_quarter": 20222,
            "year": 2022,
            "quarter": 2,
            "eps": 0.52,
            "eps_growth_year": 160,
            "eps_4q": 1.6,
            "eps_4q_growth_year": 53.33,
            "roe": 2.65,
            "roe_4q": 7.18,
            "gross_profit": 102408,
            "gross_margin": 9.17,
            "gross_margin_4q_avg": 9.7,
            "net_income": 47274,
            "net_income_4q": null,
            "revenue": 1117351,
            "revenue_4q": null,
            "common_shares": 805346,
            "book_valuer_per_share": 17.04,
            "book_valuer_per_share_4q_avg": 16.71,
            "equity": 1776227,
            "current_ratio": 180.27,
            "debt_ratio": 60.25,
            "inventory_turnover_ratio": 2.03,
            "account_receivable_turnover_ratio": 0.71,
            "reinvestment_rate": -29.34,
            "research_to_sale_ratio": 0.61,
            "price_fair": 49.61,
            "eps_avg_yearly": 1.42,
            "eps_latest_yearly": 2.08,
            "eps_growth_yearly": 220.21
        },
        "20223": {
            "year_quarter": 20223,
            "year": 2022,
            "quarter": 3,
            "eps": 1.34,
            "eps_growth_year": 197.78,
            "eps_4q": 2.55,
            "eps_4q_growth_year": 112.63,
            "roe": 7.09,
            "roe_4q": 11.680000000000001,
            "gross_profit": 155178,
            "gross_margin": 14.91,
            "gross_margin_4q_avg": 10.45,
            "net_income": 129270,
            "net_income_4q": null,
            "revenue": 1040835,
            "revenue_4q": null,
            "common_shares": 805346,
            "book_valuer_per_share": 19.12,
            "book_valuer_per_share_4q_avg": 17.5,
            "equity": 1871516,
            "current_ratio": 194.91,
            "debt_ratio": 59.85,
            "inventory_turnover_ratio": 2.09,
            "account_receivable_turnover_ratio": 0.67,
            "reinvestment_rate": -19.31,
            "research_to_sale_ratio": 0.68,
            "price_fair": 54.34,
            "eps_avg_yearly": 1.55,
            "eps_latest_yearly": 5.36,
            "eps_growth_yearly": 262.41
        },
        "20224": {
            "year_quarter": 20224,
            "year": 2022,
            "quarter": 4,
            "eps": 0.46,
            "eps_growth_year": 8.23,
            "eps_4q": 2.57,
            "eps_4q_growth_year": 98.97,
            "roe": 2.64,
            "roe_4q": 12.510000000000002,
            "gross_profit": 194256,
            "gross_margin": 18.78,
            "gross_margin_4q_avg": 12.61,
            "net_income": 49580,
            "net_income_4q": null,
            "revenue": 1034269,
            "revenue_4q": null,
            "common_shares": 780276,
            "book_valuer_per_share": 18.81,
            "book_valuer_per_share_4q_avg": 18.07,
            "equity": 1885596,
            "current_ratio": 187.81,
            "debt_ratio": 56.04,
            "inventory_turnover_ratio": 2.25,
            "account_receivable_turnover_ratio": 0.65,
            "reinvestment_rate": -16.39,
            "research_to_sale_ratio": 0.64,
            "price_fair": 54.08,
            "eps_avg_yearly": 1.55,
            "eps_latest_yearly": 1.84,
            "eps_growth_yearly": 255.68
        },
        "20231": {
            "year_quarter": 20231,
            "year": 2023,
            "quarter": 1,
            "eps": 0.2,
            "eps_growth_year": 0,
            "eps_4q": 2.56,
            "eps_4q_growth_year": 101.36,
            "roe": 0.92,
            "roe_4q": 13.3,
            "gross_profit": 107252,
            "gross_margin": 13.83,
            "gross_margin_4q_avg": 14.17,
            "net_income": 17535,
            "net_income_4q": null,
            "revenue": 775427,
            "revenue_4q": null,
            "common_shares": 780276,
            "book_valuer_per_share": 19.04,
            "book_valuer_per_share_4q_avg": 18.5,
            "equity": 1906917,
            "current_ratio": 170.7,
            "debt_ratio": 53.12,
            "inventory_turnover_ratio": 1.95,
            "account_receivable_turnover_ratio": 0.55,
            "reinvestment_rate": -16.47,
            "research_to_sale_ratio": 0.82,
            "price_fair": 55.13,
            "eps_avg_yearly": 1.58,
            "eps_latest_yearly": 0.8,
            "eps_growth_yearly": 262.47
        },
        "20232": {
            "year_quarter": 20232,
            "year": 2023,
            "quarter": 2,
            "eps": 0.67,
            "eps_growth_year": 28.85,
            "eps_4q": 2.69,
            "eps_4q_growth_year": 68.77,
            "roe": 3.65,
            "roe_4q": 14.3,
            "gross_profit": 98401,
            "gross_margin": 13.48,
            "gross_margin_4q_avg": 15.25,
            "net_income": 68705,
            "net_income_4q": null,
            "revenue": 729861,
            "revenue_4q": null,
            "common_shares": 780276,
            "book_valuer_per_share": 18.46,
            "book_valuer_per_share_4q_avg": 18.86,
            "equity": 1862213,
            "current_ratio": 173.38,
            "debt_ratio": 51.92,
            "inventory_turnover_ratio": 2,
            "account_receivable_turnover_ratio": 0.61,
            "reinvestment_rate": -35.72,
            "research_to_sale_ratio": 0.8,
            "price_fair": 58.63,
            "eps_avg_yearly": 1.68,
            "eps_latest_yearly": 2.68,
            "eps_growth_yearly": 261.85
        },
        "20233": {
            "year_quarter": 20233,
            "year": 2023,
            "quarter": 3,
            "eps": 0.79,
            "eps_growth_year": -41.04,
            "eps_4q": 2.12,
            "eps_4q_growth_year": -16.81,
            "roe": 3.51,
            "roe_4q": 10.72,
            "gross_profit": 152030,
            "gross_margin": 17.09,
            "gross_margin_4q_avg": 15.8,
            "net_income": 67828,
            "net_income_4q": null,
            "revenue": 889470,
            "revenue_4q": null,
            "common_shares": 780276,
            "book_valuer_per_share": 19.63,
            "book_valuer_per_share_4q_avg": 18.99,
            "equity": 1999954,
            "current_ratio": 174.37,
            "debt_ratio": 53.35,
            "inventory_turnover_ratio": 2.33,
            "account_receivable_turnover_ratio": 0.74,
            "reinvestment_rate": -25.22,
            "research_to_sale_ratio": 0.72,
            "price_fair": 61.43,
            "eps_avg_yearly": 1.76,
            "eps_latest_yearly": 3.16,
            "eps_growth_yearly": 247.81
        }
    },
    "months": {
        "2002-02": {
            "month": "2002-02",
            "price": "39.56",
            "revenue": 123529
        },
        "2002-03": {
            "month": "2002-03",
            "price": "78.98",
            "revenue": 135887
        },
        "2002-04": {
            "month": "2002-04",
            "price": "74.12",
            "revenue": 183625
        },
        "2002-05": {
            "month": "2002-05",
            "price": "55.20",
            "revenue": 180875
        },
        "2002-06": {
            "month": "2002-06",
            "price": "41.48",
            "revenue": 156716
        },
        "2002-07": {
            "month": "2002-07",
            "price": "37.63",
            "revenue": 153901
        },
        "2002-08": {
            "month": "2002-08",
            "price": "32.40",
            "revenue": 189902
        },
        "2002-09": {
            "month": "2002-09",
            "price": "27.15",
            "revenue": 131589
        },
        "2002-10": {
            "month": "2002-10",
            "price": "19.22",
            "revenue": 156567
        },
        "2002-11": {
            "month": "2002-11",
            "price": "17.26",
            "revenue": 156489
        },
        "2002-12": {
            "month": "2002-12",
            "price": "14.59",
            "revenue": 156972
        },
        "2003-01": {
            "month": "2003-01",
            "price": "14.03",
            "revenue": 157626
        },
        "2003-02": {
            "month": "2003-02",
            "price": "13.04",
            "revenue": 172399
        },
        "2003-03": {
            "month": "2003-03",
            "price": "11.72",
            "revenue": 180588
        },
        "2003-04": {
            "month": "2003-04",
            "price": "11.94",
            "revenue": 228476
        },
        "2003-05": {
            "month": "2003-05",
            "price": "9.97",
            "revenue": 241084
        },
        "2003-06": {
            "month": "2003-06",
            "price": "13.66",
            "revenue": 329150
        },
        "2003-07": {
            "month": "2003-07",
            "price": "21.33",
            "revenue": 407186
        },
        "2003-08": {
            "month": "2003-08",
            "price": "26.98",
            "revenue": 485968
        },
        "2003-09": {
            "month": "2003-09",
            "price": "26.38",
            "revenue": 516967
        },
        "2003-10": {
            "month": "2003-10",
            "price": "27.87",
            "revenue": 565212
        },
        "2003-11": {
            "month": "2003-11",
            "price": "30.24",
            "revenue": 565610
        },
        "2003-12": {
            "month": "2003-12",
            "price": "37.80",
            "revenue": 580225
        },
        "2004-01": {
            "month": "2004-01",
            "price": "40.47",
            "revenue": 531487
        },
        "2004-02": {
            "month": "2004-02",
            "price": "53.58",
            "revenue": 582190
        },
        "2004-03": {
            "month": "2004-03",
            "price": "56.80",
            "revenue": 599460
        },
        "2004-04": {
            "month": "2004-04",
            "price": "58.86",
            "revenue": 601078
        },
        "2004-05": {
            "month": "2004-05",
            "price": "46.69",
            "revenue": 605405
        },
        "2004-06": {
            "month": "2004-06",
            "price": "38.58",
            "revenue": 617553
        },
        "2004-07": {
            "month": "2004-07",
            "price": "30.17",
            "revenue": 620026
        },
        "2004-08": {
            "month": "2004-08",
            "price": "30.17",
            "revenue": 640109
        },
        "2004-09": {
            "month": "2004-09",
            "price": "34.26",
            "revenue": 607808
        },
        "2004-10": {
            "month": "2004-10",
            "price": "29.78",
            "revenue": 561919
        },
        "2004-11": {
            "month": "2004-11",
            "price": "27.04",
            "revenue": 503953
        },
        "2004-12": {
            "month": "2004-12",
            "price": "28.53",
            "revenue": 517038
        },
        "2005-01": {
            "month": "2005-01",
            "price": "24.98",
            "revenue": 470960
        },
        "2005-02": {
            "month": "2005-02",
            "price": "26.02",
            "revenue": 466936
        },
        "2005-03": {
            "month": "2005-03",
            "price": "26.47",
            "revenue": 526661
        },
        "2005-04": {
            "month": "2005-04",
            "price": "28.65",
            "revenue": 539577
        },
        "2005-05": {
            "month": "2005-05",
            "price": "22.52",
            "revenue": 529673
        },
        "2005-06": {
            "month": "2005-06",
            "price": "23.98",
            "revenue": 555885
        },
        "2005-07": {
            "month": "2005-07",
            "price": "24.32",
            "revenue": 605530
        },
        "2005-08": {
            "month": "2005-08",
            "price": "22.09",
            "revenue": 649093
        },
        "2005-09": {
            "month": "2005-09",
            "price": "16.83",
            "revenue": 777981
        },
        "2005-10": {
            "month": "2005-10",
            "price": "13.79",
            "revenue": 863652
        },
        "2005-11": {
            "month": "2005-11",
            "price": "15.30",
            "revenue": 1004492
        },
        "2005-12": {
            "month": "2005-12",
            "price": "22.78",
            "revenue": 850652
        },
        "2006-01": {
            "month": "2006-01",
            "price": "29.83",
            "revenue": 1033673
        },
        "2006-02": {
            "month": "2006-02",
            "price": "27.43",
            "revenue": 787940
        },
        "2006-03": {
            "month": "2006-03",
            "price": "25.10",
            "revenue": 897549
        },
        "2006-04": {
            "month": "2006-04",
            "price": "25.59",
            "revenue": 966404
        },
        "2006-05": {
            "month": "2006-05",
            "price": "23.38",
            "revenue": 891813
        },
        "2006-06": {
            "month": "2006-06",
            "price": "18.94",
            "revenue": 966862
        },
        "2006-07": {
            "month": "2006-07",
            "price": "18.92",
            "revenue": 825119
        },
        "2006-08": {
            "month": "2006-08",
            "price": "17.94",
            "revenue": 1065389
        },
        "2006-09": {
            "month": "2006-09",
            "price": "17.14",
            "revenue": 989468
        },
        "2006-10": {
            "month": "2006-10",
            "price": "16.93",
            "revenue": 1029535
        },
        "2006-11": {
            "month": "2006-11",
            "price": "16.68",
            "revenue": 961690
        },
        "2006-12": {
            "month": "2006-12",
            "price": "18.79",
            "revenue": 899348
        },
        "2007-01": {
            "month": "2007-01",
            "price": "19.21",
            "revenue": 1010891
        },
        "2007-02": {
            "month": "2007-02",
            "price": "18.80",
            "revenue": 718946
        },
        "2007-03": {
            "month": "2007-03",
            "price": "17.64",
            "revenue": 1021023
        },
        "2007-04": {
            "month": "2007-04",
            "price": "21.81",
            "revenue": 928898
        },
        "2007-05": {
            "month": "2007-05",
            "price": "22.26",
            "revenue": 843106
        },
        "2007-06": {
            "month": "2007-06",
            "price": "22.79",
            "revenue": 771801
        },
        "2007-07": {
            "month": "2007-07",
            "price": "23.42",
            "revenue": 822017
        },
        "2007-08": {
            "month": "2007-08",
            "price": "19.31",
            "revenue": 945308
        },
        "2007-09": {
            "month": "2007-09",
            "price": "15.29",
            "revenue": 930595
        },
        "2007-10": {
            "month": "2007-10",
            "price": "16.76",
            "revenue": 1006584
        },
        "2007-11": {
            "month": "2007-11",
            "price": "13.65",
            "revenue": 782366
        },
        "2007-12": {
            "month": "2007-12",
            "price": "15.24",
            "revenue": 693963
        },
        "2008-01": {
            "month": "2008-01",
            "price": "13.26",
            "revenue": 717257
        },
        "2008-02": {
            "month": "2008-02",
            "price": "12.26",
            "revenue": 543553
        },
        "2008-03": {
            "month": "2008-03",
            "price": "12.46",
            "revenue": 618166
        },
        "2008-04": {
            "month": "2008-04",
            "price": "12.97",
            "revenue": 1008665
        },
        "2008-05": {
            "month": "2008-05",
            "price": "14.68",
            "revenue": 970360
        },
        "2008-06": {
            "month": "2008-06",
            "price": "12.46",
            "revenue": 563873
        },
        "2008-07": {
            "month": "2008-07",
            "price": "7.77",
            "revenue": 571049
        },
        "2008-08": {
            "month": "2008-08",
            "price": "7.97",
            "revenue": 686321
        },
        "2008-09": {
            "month": "2008-09",
            "price": "5.86",
            "revenue": 647994
        },
        "2008-10": {
            "month": "2008-10",
            "price": "4.64",
            "revenue": 1029989
        },
        "2008-11": {
            "month": "2008-11",
            "price": "2.61",
            "revenue": 475121
        },
        "2008-12": {
            "month": "2008-12",
            "price": "2.62",
            "revenue": 454197
        },
        "2009-01": {
            "month": "2009-01",
            "price": "2.89",
            "revenue": 471050
        },
        "2009-02": {
            "month": "2009-02",
            "price": "2.95",
            "revenue": 456398
        },
        "2009-03": {
            "month": "2009-03",
            "price": "5.44",
            "revenue": 453242
        },
        "2009-04": {
            "month": "2009-04",
            "price": "7.00",
            "revenue": 577283
        },
        "2009-05": {
            "month": "2009-05",
            "price": "5.57",
            "revenue": 509598
        },
        "2009-06": {
            "month": "2009-06",
            "price": "4.54",
            "revenue": 607368
        },
        "2009-07": {
            "month": "2009-07",
            "price": "4.62",
            "revenue": 667358
        },
        "2009-08": {
            "month": "2009-08",
            "price": "4.88",
            "revenue": 695219
        },
        "2009-09": {
            "month": "2009-09",
            "price": "3.23",
            "revenue": 547760
        },
        "2009-10": {
            "month": "2009-10",
            "price": "3.96",
            "revenue": 517581
        },
        "2009-11": {
            "month": "2009-11",
            "price": "5.62",
            "revenue": 519650
        },
        "2009-12": {
            "month": "2009-12",
            "price": "5.54",
            "revenue": 500627
        },
        "2010-01": {
            "month": "2010-01",
            "price": "7.38",
            "revenue": 493419
        },
        "2010-02": {
            "month": "2010-02",
            "price": "6.37",
            "revenue": 293533
        },
        "2010-03": {
            "month": "2010-03",
            "price": "6.65",
            "revenue": 614963
        },
        "2010-04": {
            "month": "2010-04",
            "price": "6.98",
            "revenue": 520091
        },
        "2010-05": {
            "month": "2010-05",
            "price": "5.60",
            "revenue": 557707
        },
        "2010-06": {
            "month": "2010-06",
            "price": "5.36",
            "revenue": 470162
        },
        "2010-07": {
            "month": "2010-07",
            "price": "5.38",
            "revenue": 460746
        },
        "2010-08": {
            "month": "2010-08",
            "price": "4.94",
            "revenue": 449067
        },
        "2010-09": {
            "month": "2010-09",
            "price": "3.91",
            "revenue": 368458
        },
        "2010-10": {
            "month": "2010-10",
            "price": "5.07",
            "revenue": 358847
        },
        "2010-11": {
            "month": "2010-11",
            "price": "4.25",
            "revenue": 312705
        },
        "2010-12": {
            "month": "2010-12",
            "price": "4.45",
            "revenue": 320388
        },
        "2011-01": {
            "month": "2011-01",
            "price": "4.90",
            "revenue": 399882
        },
        "2011-02": {
            "month": "2011-02",
            "price": "5.16",
            "revenue": 305734
        },
        "2011-03": {
            "month": "2011-03",
            "price": "5.04",
            "revenue": 328245
        },
        "2011-04": {
            "month": "2011-04",
            "price": "4.86",
            "revenue": 371818
        },
        "2011-05": {
            "month": "2011-05",
            "price": "3.96",
            "revenue": 348002
        },
        "2011-06": {
            "month": "2011-06",
            "price": "3.68",
            "revenue": 328407
        },
        "2011-07": {
            "month": "2011-07",
            "price": "2.79",
            "revenue": 295004
        },
        "2011-08": {
            "month": "2011-08",
            "price": "2.38",
            "revenue": 324602
        },
        "2011-09": {
            "month": "2011-09",
            "price": "2.01",
            "revenue": 281956
        },
        "2011-10": {
            "month": "2011-10",
            "price": "1.72",
            "revenue": 241226
        },
        "2011-11": {
            "month": "2011-11",
            "price": "4.91",
            "revenue": 276343
        },
        "2011-12": {
            "month": "2011-12",
            "price": "3.99",
            "revenue": 292305
        },
        "2012-01": {
            "month": "2012-01",
            "price": "3.55",
            "revenue": 226391
        },
        "2012-02": {
            "month": "2012-02",
            "price": "3.75",
            "revenue": 223267
        },
        "2012-03": {
            "month": "2012-03",
            "price": "3.48",
            "revenue": 282756
        },
        "2012-04": {
            "month": "2012-04",
            "price": "3.48",
            "revenue": 279912
        },
        "2012-05": {
            "month": "2012-05",
            "price": "3.02",
            "revenue": 259375
        },
        "2012-06": {
            "month": "2012-06",
            "price": "2.97",
            "revenue": 267851
        },
        "2012-07": {
            "month": "2012-07",
            "price": "2.74",
            "revenue": 332559
        },
        "2012-08": {
            "month": "2012-08",
            "price": "2.91",
            "revenue": 297334
        },
        "2012-09": {
            "month": "2012-09",
            "price": "6.21",
            "revenue": 320263
        },
        "2012-10": {
            "month": "2012-10",
            "price": "9.11",
            "revenue": 252827
        },
        "2012-11": {
            "month": "2012-11",
            "price": "8.44",
            "revenue": 246321
        },
        "2012-12": {
            "month": "2012-12",
            "price": "8.41",
            "revenue": 238222
        },
        "2013-01": {
            "month": "2013-01",
            "price": "8.33",
            "revenue": 258280
        },
        "2013-02": {
            "month": "2013-02",
            "price": "8.66",
            "revenue": 156196
        },
        "2013-03": {
            "month": "2013-03",
            "price": "7.77",
            "revenue": 246687
        },
        "2013-04": {
            "month": "2013-04",
            "price": "7.76",
            "revenue": 319162
        },
        "2013-05": {
            "month": "2013-05",
            "price": "8.12",
            "revenue": 306213
        },
        "2013-06": {
            "month": "2013-06",
            "price": "7.33",
            "revenue": 292975
        },
        "2013-07": {
            "month": "2013-07",
            "price": "6.86",
            "revenue": 277240
        },
        "2013-08": {
            "month": "2013-08",
            "price": "6.72",
            "revenue": 291280
        },
        "2013-09": {
            "month": "2013-09",
            "price": "6.11",
            "revenue": 275810
        },
        "2013-10": {
            "month": "2013-10",
            "price": "5.97",
            "revenue": 279856
        },
        "2013-11": {
            "month": "2013-11",
            "price": "5.83",
            "revenue": 272382
        },
        "2013-12": {
            "month": "2013-12",
            "price": "5.67",
            "revenue": 261368
        },
        "2014-01": {
            "month": "2014-01",
            "price": "7.19",
            "revenue": 208890
        },
        "2014-02": {
            "month": "2014-02",
            "price": "7.67",
            "revenue": 212262
        },
        "2014-03": {
            "month": "2014-03",
            "price": "7.97",
            "revenue": 264118
        },
        "2014-04": {
            "month": "2014-04",
            "price": "7.97",
            "revenue": 320608
        },
        "2014-05": {
            "month": "2014-05",
            "price": "7.94",
            "revenue": 357930
        },
        "2014-06": {
            "month": "2014-06",
            "price": "10.29",
            "revenue": 333658
        },
        "2014-07": {
            "month": "2014-07",
            "price": "10.34",
            "revenue": 335870
        },
        "2014-08": {
            "month": "2014-08",
            "price": "11.60",
            "revenue": 312338
        },
        "2014-09": {
            "month": "2014-09",
            "price": "13.84",
            "revenue": 445422
        },
        "2014-10": {
            "month": "2014-10",
            "price": "12.77",
            "revenue": 310048
        },
        "2014-11": {
            "month": "2014-11",
            "price": "12.26",
            "revenue": 393020
        },
        "2014-12": {
            "month": "2014-12",
            "price": "12.49",
            "revenue": 419858
        },
        "2015-01": {
            "month": "2015-01",
            "price": "14.23",
            "revenue": 374068
        },
        "2015-02": {
            "month": "2015-02",
            "price": "14.53",
            "revenue": 282731
        },
        "2015-03": {
            "month": "2015-03",
            "price": "14.18",
            "revenue": 346572
        },
        "2015-04": {
            "month": "2015-04",
            "price": "13.48",
            "revenue": 380653
        },
        "2015-05": {
            "month": "2015-05",
            "price": "13.32",
            "revenue": 355791
        },
        "2015-06": {
            "month": "2015-06",
            "price": "13.06",
            "revenue": 322991
        },
        "2015-07": {
            "month": "2015-07",
            "price": "11.52",
            "revenue": 337201
        },
        "2015-08": {
            "month": "2015-08",
            "price": "8.89",
            "revenue": 357847
        },
        "2015-09": {
            "month": "2015-09",
            "price": "8.79",
            "revenue": 324121
        },
        "2015-10": {
            "month": "2015-10",
            "price": "12.38",
            "revenue": 268300
        },
        "2015-11": {
            "month": "2015-11",
            "price": "13.97",
            "revenue": 318462
        },
        "2015-12": {
            "month": "2015-12",
            "price": "13.48",
            "revenue": 392949
        },
        "2016-01": {
            "month": "2016-01",
            "price": "13.01",
            "revenue": 382425
        },
        "2016-02": {
            "month": "2016-02",
            "price": "13.52",
            "revenue": 225912
        },
        "2016-03": {
            "month": "2016-03",
            "price": "17.97",
            "revenue": 388029
        },
        "2016-04": {
            "month": "2016-04",
            "price": "17.84",
            "revenue": 372231
        },
        "2016-05": {
            "month": "2016-05",
            "price": "16.98",
            "revenue": 323873
        },
        "2016-06": {
            "month": "2016-06",
            "price": "14.77",
            "revenue": 329383
        },
        "2016-07": {
            "month": "2016-07",
            "price": "14.17",
            "revenue": 293324
        },
        "2016-08": {
            "month": "2016-08",
            "price": "14.34",
            "revenue": 408301
        },
        "2016-09": {
            "month": "2016-09",
            "price": "14.74",
            "revenue": 392458
        },
        "2016-10": {
            "month": "2016-10",
            "price": "15.80",
            "revenue": 362774
        },
        "2016-11": {
            "month": "2016-11",
            "price": "15.40",
            "revenue": 417424
        },
        "2016-12": {
            "month": "2016-12",
            "price": "16.13",
            "revenue": 431934
        },
        "2017-01": {
            "month": "2017-01",
            "price": "17.99",
            "revenue": 327690
        },
        "2017-02": {
            "month": "2017-02",
            "price": "24.11",
            "revenue": 298844
        },
        "2017-03": {
            "month": "2017-03",
            "price": "23.98",
            "revenue": 418031
        },
        "2017-04": {
            "month": "2017-04",
            "price": "23.52",
            "revenue": 426106
        },
        "2017-05": {
            "month": "2017-05",
            "price": "26.02",
            "revenue": 443130
        },
        "2017-06": {
            "month": "2017-06",
            "price": "33.53",
            "revenue": 380075
        },
        "2017-07": {
            "month": "2017-07",
            "price": "29.15",
            "revenue": 373196
        },
        "2017-08": {
            "month": "2017-08",
            "price": "28.14",
            "revenue": 396217
        },
        "2017-09": {
            "month": "2017-09",
            "price": "28.96",
            "revenue": 367127
        },
        "2017-10": {
            "month": "2017-10",
            "price": "26.95",
            "revenue": 298781
        },
        "2017-11": {
            "month": "2017-11",
            "price": "23.75",
            "revenue": 390715
        },
        "2017-12": {
            "month": "2017-12",
            "price": "20.85",
            "revenue": 408431
        },
        "2018-01": {
            "month": "2018-01",
            "price": "21.70",
            "revenue": 472289
        },
        "2018-02": {
            "month": "2018-02",
            "price": "20.18",
            "revenue": 252961
        },
        "2018-03": {
            "month": "2018-03",
            "price": "21.97",
            "revenue": 405173
        },
        "2018-04": {
            "month": "2018-04",
            "price": "20.11",
            "revenue": 395857
        },
        "2018-05": {
            "month": "2018-05",
            "price": "18.12",
            "revenue": 415715
        },
        "2018-06": {
            "month": "2018-06",
            "price": "17.95",
            "revenue": 367786
        },
        "2018-07": {
            "month": "2018-07",
            "price": "17.36",
            "revenue": 429618
        },
        "2018-08": {
            "month": "2018-08",
            "price": "17.58",
            "revenue": 463163
        },
        "2018-09": {
            "month": "2018-09",
            "price": "17.88",
            "revenue": 354483
        },
        "2018-10": {
            "month": "2018-10",
            "price": "14.59",
            "revenue": 346662
        },
        "2018-11": {
            "month": "2018-11",
            "price": "14.68",
            "revenue": 401332
        },
        "2018-12": {
            "month": "2018-12",
            "price": "15.48",
            "revenue": 405229
        },
        "2019-01": {
            "month": "2019-01",
            "price": "15.07",
            "revenue": 483101
        },
        "2019-02": {
            "month": "2019-02",
            "price": "16.70",
            "revenue": 224320
        },
        "2019-03": {
            "month": "2019-03",
            "price": "18.15",
            "revenue": 342271
        },
        "2019-04": {
            "month": "2019-04",
            "price": "18.17",
            "revenue": 351700
        },
        "2019-05": {
            "month": "2019-05",
            "price": "15.43",
            "revenue": 329584
        },
        "2019-06": {
            "month": "2019-06",
            "price": "14.90",
            "revenue": 332763
        },
        "2019-07": {
            "month": "2019-07",
            "price": "15.34",
            "revenue": 358646
        },
        "2019-08": {
            "month": "2019-08",
            "price": "14.65",
            "revenue": 350543
        },
        "2019-09": {
            "month": "2019-09",
            "price": "14.63",
            "revenue": 331064
        },
        "2019-10": {
            "month": "2019-10",
            "price": "14.05",
            "revenue": 326471
        },
        "2019-11": {
            "month": "2019-11",
            "price": "14.03",
            "revenue": 360969
        },
        "2019-12": {
            "month": "2019-12",
            "price": "13.99",
            "revenue": 367960
        },
        "2020-01": {
            "month": "2020-01",
            "price": "13.81",
            "revenue": 280180
        },
        "2020-02": {
            "month": "2020-02",
            "price": "12.03",
            "revenue": 173485
        },
        "2020-03": {
            "month": "2020-03",
            "price": "10.35",
            "revenue": 305415
        },
        "2020-04": {
            "month": "2020-04",
            "price": "10.37",
            "revenue": 377834
        },
        "2020-05": {
            "month": "2020-05",
            "price": "11.42",
            "revenue": 366711
        },
        "2020-06": {
            "month": "2020-06",
            "price": "13.37",
            "revenue": 362270
        },
        "2020-07": {
            "month": "2020-07",
            "price": "16.95",
            "revenue": 371814
        },
        "2020-08": {
            "month": "2020-08",
            "price": "19.77",
            "revenue": 349353
        },
        "2020-09": {
            "month": "2020-09",
            "price": "19.38",
            "revenue": 340251
        },
        "2020-10": {
            "month": "2020-10",
            "price": "18.39",
            "revenue": 317399
        },
        "2020-11": {
            "month": "2020-11",
            "price": "17.72",
            "revenue": 363656
        },
        "2020-12": {
            "month": "2020-12",
            "price": "20.02",
            "revenue": 374206
        },
        "2021-01": {
            "month": "2021-01",
            "price": "19.99",
            "revenue": 368072
        },
        "2021-02": {
            "month": "2021-02",
            "price": "18.52",
            "revenue": 246580
        },
        "2021-03": {
            "month": "2021-03",
            "price": "20.05",
            "revenue": 368327
        },
        "2021-04": {
            "month": "2021-04",
            "price": "21.68",
            "revenue": 400389
        },
        "2021-05": {
            "month": "2021-05",
            "price": "17.95",
            "revenue": 343295
        },
        "2021-06": {
            "month": "2021-06",
            "price": "17.22",
            "revenue": 385292
        },
        "2021-07": {
            "month": "2021-07",
            "price": "17.71",
            "revenue": 414619
        },
        "2021-08": {
            "month": "2021-08",
            "price": "16.36",
            "revenue": 459667
        },
        "2021-09": {
            "month": "2021-09",
            "price": "15.90",
            "revenue": 412461
        },
        "2021-10": {
            "month": "2021-10",
            "price": "15.56",
            "revenue": 392553
        },
        "2021-11": {
            "month": "2021-11",
            "price": "17.37",
            "revenue": 454072
        },
        "2021-12": {
            "month": "2021-12",
            "price": "19.73",
            "revenue": 433233
        },
        "2022-01": {
            "month": "2022-01",
            "price": "22.37",
            "revenue": 383438
        },
        "2022-02": {
            "month": "2022-02",
            "price": "22.35",
            "revenue": 278859
        },
        "2022-03": {
            "month": "2022-03",
            "price": "20.31",
            "revenue": 328120
        },
        "2022-04": {
            "month": "2022-04",
            "price": "20.00",
            "revenue": 388981
        },
        "2022-05": {
            "month": "2022-05",
            "price": "17.99",
            "revenue": 356377
        },
        "2022-06": {
            "month": "2022-06",
            "price": "17.60",
            "revenue": 372857
        },
        "2022-07": {
            "month": "2022-07",
            "price": "16.43",
            "revenue": 337751
        },
        "2022-08": {
            "month": "2022-08",
            "price": "19.62",
            "revenue": 366971
        },
        "2022-09": {
            "month": "2022-09",
            "price": "18.63",
            "revenue": 336201
        },
        "2022-10": {
            "month": "2022-10",
            "price": "16.41",
            "revenue": 345915
        },
        "2022-11": {
            "month": "2022-11",
            "price": "19.58",
            "revenue": 348614
        },
        "2022-12": {
            "month": "2022-12",
            "price": "19.98",
            "revenue": 343865
        },
        "2023-01": {
            "month": "2023-01",
            "price": "18.90",
            "revenue": 204437
        },
        "2023-02": {
            "month": "2023-02",
            "price": "19.54",
            "revenue": 272669
        },
        "2023-03": {
            "month": "2023-03",
            "price": "19.92",
            "revenue": 299722
        },
        "2023-04": {
            "month": "2023-04",
            "price": "21.75",
            "revenue": 235575
        },
        "2023-05": {
            "month": "2023-05",
            "price": "20.11",
            "revenue": 249123
        },
        "2023-06": {
            "month": "2023-06",
            "price": "19.90",
            "revenue": 252564
        },
        "2023-07": {
            "month": "2023-07",
            "price": "20.89",
            "revenue": 285401
        },
        "2023-08": {
            "month": "2023-08",
            "price": "20.97",
            "revenue": 302103
        },
        "2023-09": {
            "month": "2023-09",
            "price": "21.42",
            "revenue": 306780
        },
        "2023-10": {
            "month": "2023-10",
            "price": "24.06",
            "revenue": 292105
        },
        "2023-11": {
            "month": "2023-11",
            "price": "25.98",
            "revenue": 320280
        },
        "2023-12": {
            "month": "2023-12",
            "price": "26.19",
            "revenue": 306122
        }
    }
}
