{
    "summary": {
        "stock_name": "禾昌",
        "stock_id": "6158",
        "category": "電子零組件",
        "main_business": "各種沖壓零件、電腦端子和各種連接器等製造加工買賣<br>沖壓加工廠之整廠機械設備規劃、輸出<br>精密模具及治具之製造加工買賣",
        "website_url": "http://www.p-two.com",
        "ceo": "陳可宣",
        "pe_ratio": 68,
        "report_year_from": 2001,
        "report_year_to": 2023,
        "age": 22,
        "eps_negative_percentage": 9,
        "eps_growth_avg": {
            "last_all": 5.14,
            "last_2y": 19.66,
            "last_4y": 13.9,
            "last_8y": 16.91,
            "last_12y": -8.58,
            "last_16y": -1.49,
            "last_20y": 5.14,
            "at_2006_last_3y": -4.23,
            "at_2007_last_3y": -1.35,
            "at_2008_last_3y": 12.27,
            "at_2009_last_3y": 18.01,
            "at_2010_last_3y": 17.29,
            "at_2011_last_3y": -2.54,
            "at_2012_last_3y": -3.79,
            "at_2013_last_3y": -53.19,
            "at_2014_last_3y": -57.63,
            "at_2015_last_3y": -52.05,
            "at_2016_last_3y": 0,
            "at_2017_last_3y": 24.45,
            "at_2018_last_3y": 49.64,
            "at_2019_last_3y": 14.85,
            "at_2020_last_3y": 14.85,
            "at_2021_last_3y": 32.47,
            "at_2022_last_3y": -7.63,
            "at_2023_last_3y": -7.63,
            "at_2006_last_all": 16.62,
            "at_2007_last_all": 15.6,
            "at_2008_last_all": 13.5,
            "at_2009_last_all": 24.01,
            "at_2010_last_all": 16.91,
            "at_2011_last_all": 8.34,
            "at_2012_last_all": 7.21,
            "at_2013_last_all": -1.72,
            "at_2014_last_all": -1.72,
            "at_2015_last_all": -1.72,
            "at_2016_last_all": 6.1,
            "at_2017_last_all": 2.02,
            "at_2018_last_all": 8.55,
            "at_2019_last_all": 2.42,
            "at_2020_last_all": 8.16,
            "at_2021_last_all": 8.78,
            "at_2022_last_all": 5.14,
            "at_2023_last_all": 5.14
        },
        "latest_eps": 0.52,
        "latest_price": 35.35,
        "latest_roe": 2.66,
        "latest_gross_margin": 32.39,
        "latest_equity": 1071935,
        "latest_revenue": 468771,
        "latest_gross_profit": 151833,
        "latest_net_income": 59788,
        "latest_debt_ratio": 50.72,
        "latest_current_ratio": 124.28,
        "latest_account_receivable_turnover_ratio": 0.8,
        "latest_inventory_turnover_ratio": 1.31,
        "latest_reinvestment_rate": 6.28,
        "latest_research_to_sale_ratio": 10.93
    },
    "eps_dividends": {
        "1999": {
            "cash": 0,
            "stock": 2,
            "eps": 0
        },
        "2001": {
            "cash": 0,
            "stock": 2.3,
            "eps": 2.78
        },
        "2002": {
            "cash": 0,
            "stock": 1.7,
            "eps": 5.83
        },
        "2003": {
            "cash": 0.5,
            "stock": 2.5,
            "eps": 5.77
        },
        "2004": {
            "cash": 1.2,
            "stock": 1.8,
            "eps": 2.68
        },
        "2005": {
            "cash": 0.49,
            "stock": 0.98,
            "eps": 4.68
        },
        "2006": {
            "cash": 2,
            "stock": 1,
            "eps": 2.95
        },
        "2007": {
            "cash": 1.25,
            "stock": 0.55,
            "eps": 3.26
        },
        "2008": {
            "cash": 1.85,
            "stock": 0.15,
            "eps": 3.29
        },
        "2009": {
            "cash": 2,
            "stock": 0.05,
            "eps": 6.5
        },
        "2010": {
            "cash": 4,
            "stock": 0,
            "eps": 3.91
        },
        "2011": {
            "cash": 2.4,
            "stock": 0,
            "eps": 1.22
        },
        "2012": {
            "cash": 1,
            "stock": 0,
            "eps": 1.17
        },
        "2013": {
            "cash": 0.95,
            "stock": 0,
            "eps": -3.43
        },
        "2014": {
            "cash": 0,
            "stock": 0,
            "eps": -1.95
        },
        "2015": {
            "cash": 0,
            "stock": 0,
            "eps": 0.13
        },
        "2016": {
            "cash": 0.5,
            "stock": 0,
            "eps": 1.37
        },
        "2017": {
            "cash": 1.2,
            "stock": 0,
            "eps": 0.67
        },
        "2018": {
            "cash": 1.2,
            "stock": 0,
            "eps": 3.62
        },
        "2019": {
            "cash": 10,
            "stock": 0,
            "eps": 0.38
        },
        "2020": {
            "cash": 0.3,
            "stock": 0,
            "eps": 2.58
        },
        "2021": {
            "cash": 0.5,
            "stock": 0,
            "eps": 3.08
        },
        "2022": {
            "cash": 1,
            "stock": 0,
            "eps": 1.22
        },
        "2023": {
            "cash": 1.1,
            "stock": 0,
            "eps": 0.9
        }
    },
    "dividends": {
        "1999-04-01": {
            "cash": 0,
            "stock": 2
        },
        "2001-05-11": {
            "cash": 0,
            "stock": 2.3
        },
        "2002-05-17": {
            "cash": 0,
            "stock": 1.7
        },
        "2003-06-03": {
            "cash": 0.5,
            "stock": 2.5
        },
        "2004-04-27": {
            "cash": 1.2,
            "stock": 1.8
        },
        "2005-04-08": {
            "cash": 0.49,
            "stock": 0.98
        },
        "2006-04-13": {
            "cash": 2,
            "stock": 1
        },
        "2007-04-25": {
            "cash": 1.25,
            "stock": 0.55
        },
        "2008-04-15": {
            "cash": 1.85,
            "stock": 0.15
        },
        "2009-04-28": {
            "cash": 2,
            "stock": 0.05
        },
        "2010-04-27": {
            "cash": 4,
            "stock": 0
        },
        "2011-04-26": {
            "cash": 2.4,
            "stock": 0
        },
        "2012-06-22": {
            "cash": 1,
            "stock": 0
        },
        "2013-06-10": {
            "cash": 0.95,
            "stock": 0
        },
        "2016-08-26": {
            "cash": 0.5,
            "stock": 0
        },
        "2017-08-18": {
            "cash": 1.2,
            "stock": 0
        },
        "2018-08-30": {
            "cash": 1.2,
            "stock": 0
        },
        "2019-08-16": {
            "cash": 10,
            "stock": 0
        },
        "2020-09-09": {
            "cash": 0.3,
            "stock": 0
        },
        "2021-09-30": {
            "cash": 0.5,
            "stock": 0
        },
        "2022-08-25": {
            "cash": 1,
            "stock": 0
        },
        "2023-08-24": {
            "cash": 1.1,
            "stock": 0
        }
    },
    "prices": {
        "200101": "無",
        "200102": "無",
        "200103": "無",
        "200104": "無",
        "200105": "無",
        "200106": "無",
        "200107": "無",
        "200108": "無",
        "200109": "無",
        "200110": "無",
        "200111": "無",
        "200112": "無",
        "200201": "無",
        "200202": "60.03",
        "200203": "131.67",
        "200204": "147.36",
        "200205": "122.16",
        "200206": "97.32",
        "200207": "83.35",
        "200208": "101.50",
        "200209": "95.48",
        "200210": "83.48",
        "200211": "81.19",
        "200212": "76.05",
        "200301": "70.13",
        "200302": "67.97",
        "200303": "56.43",
        "200304": "53.99",
        "200305": "57.07",
        "200306": "65.60",
        "200307": "63.96",
        "200308": "61.31",
        "200309": "59.26",
        "200310": "58.32",
        "200311": "59.52",
        "200312": "65.41",
        "200401": "66.57",
        "200402": "68.98",
        "200403": "65.50",
        "200404": "65.73",
        "200405": "58.83",
        "200406": "56.67",
        "200407": "57.11",
        "200408": "45.84",
        "200409": "42.92",
        "200410": "39.36",
        "200411": "29.31",
        "200412": "26.00",
        "200501": "25.71",
        "200502": "27.34",
        "200503": "28.75",
        "200504": "35.34",
        "200505": "41.33",
        "200506": "47.87",
        "200507": "56.72",
        "200508": "61.86",
        "200509": "49.07",
        "200510": "38.76",
        "200511": "40.17",
        "200512": "46.77",
        "200601": "43.68",
        "200602": "47.60",
        "200603": "50.44",
        "200604": "52.33",
        "200605": "48.32",
        "200606": "38.49",
        "200607": "36.27",
        "200608": "34.79",
        "200609": "31.71",
        "200610": "33.96",
        "200611": "32.71",
        "200612": "33.12",
        "200701": "37.05",
        "200702": "37.19",
        "200703": "35.24",
        "200704": "38.32",
        "200705": "38.11",
        "200706": "41.96",
        "200707": "49.37",
        "200708": "68.83",
        "200709": "76.09",
        "200710": "65.97",
        "200711": "46.24",
        "200712": "38.11",
        "200801": "33.22",
        "200802": "32.76",
        "200803": "36.68",
        "200804": "38.99",
        "200805": "47.71",
        "200806": "40.72",
        "200807": "39.77",
        "200808": "42.50",
        "200809": "32.55",
        "200810": "29.12",
        "200811": "22.24",
        "200812": "18.00",
        "200901": "19.00",
        "200902": "20.49",
        "200903": "23.33",
        "200904": "26.31",
        "200905": "32.12",
        "200906": "29.67",
        "200907": "34.27",
        "200908": "46.42",
        "200909": "59.00",
        "200910": "58.10",
        "200911": "58.86",
        "200912": "66.93",
        "201001": "69.37",
        "201002": "61.83",
        "201003": "65.30",
        "201004": "68.35",
        "201005": "58.65",
        "201006": "54.82",
        "201007": "53.16",
        "201008": "46.88",
        "201009": "44.11",
        "201010": "43.14",
        "201011": "38.45",
        "201012": "42.02",
        "201101": "40.77",
        "201102": "39.01",
        "201103": "36.40",
        "201104": "34.56",
        "201105": "37.56",
        "201106": "35.74",
        "201107": "30.76",
        "201108": "23.16",
        "201109": "21.60",
        "201110": "22.27",
        "201111": "20.22",
        "201112": "17.64",
        "201201": "18.81",
        "201202": "22.83",
        "201203": "22.53",
        "201204": "18.89",
        "201205": "18.85",
        "201206": "18.10",
        "201207": "17.54",
        "201208": "17.48",
        "201209": "18.34",
        "201210": "16.81",
        "201211": "16.00",
        "201212": "16.74",
        "201301": "17.53",
        "201302": "17.23",
        "201303": "17.32",
        "201304": "16.70",
        "201305": "17.08",
        "201306": "16.52",
        "201307": "15.39",
        "201308": "14.45",
        "201309": "14.24",
        "201310": "14.50",
        "201311": "12.84",
        "201312": "13.07",
        "201401": "14.82",
        "201402": "15.20",
        "201403": "15.17",
        "201404": "14.48",
        "201405": "13.99",
        "201406": "14.28",
        "201407": "14.61",
        "201408": "14.00",
        "201409": "14.01",
        "201410": "13.49",
        "201411": "12.59",
        "201412": "12.74",
        "201501": "12.98",
        "201502": "13.36",
        "201503": "13.23",
        "201504": "12.76",
        "201505": "12.38",
        "201506": "11.14",
        "201507": "10.14",
        "201508": "8.49",
        "201509": "9.22",
        "201510": "10.47",
        "201511": "10.36",
        "201512": "14.48",
        "201601": "19.02",
        "201602": "19.93",
        "201603": "16.17",
        "201604": "16.23",
        "201605": "14.70",
        "201606": "13.28",
        "201607": "14.92",
        "201608": "15.91",
        "201609": "18.07",
        "201610": "16.37",
        "201611": "16.37",
        "201612": "17.24",
        "201701": "18.17",
        "201702": "18.38",
        "201703": "20.37",
        "201704": "22.25",
        "201705": "24.27",
        "201706": "23.12",
        "201707": "21.42",
        "201708": "19.90",
        "201709": "20.80",
        "201710": "19.78",
        "201711": "19.20",
        "201712": "18.89",
        "201801": "21.09",
        "201802": "19.98",
        "201803": "20.20",
        "201804": "21.78",
        "201805": "22.48",
        "201806": "22.23",
        "201807": "20.82",
        "201808": "20.82",
        "201809": "21.48",
        "201810": "19.82",
        "201811": "23.30",
        "201812": "23.35",
        "201901": "22.45",
        "201902": "23.68",
        "201903": "34.98",
        "201904": "36.51",
        "201905": "43.02",
        "201906": "41.56",
        "201907": "38.27",
        "201908": "25.99",
        "201909": "27.53",
        "201910": "35.22",
        "201911": "30.38",
        "201912": "29.76",
        "202001": "28.11",
        "202002": "24.70",
        "202003": "18.80",
        "202004": "18.31",
        "202005": "21.95",
        "202006": "23.50",
        "202007": "27.47",
        "202008": "29.95",
        "202009": "31.92",
        "202010": "31.87",
        "202011": "30.95",
        "202012": "33.35",
        "202101": "32.63",
        "202102": "32.10",
        "202103": "34.06",
        "202104": "35.70",
        "202105": "29.45",
        "202106": "29.78",
        "202107": "31.02",
        "202108": "34.55",
        "202109": "33.72",
        "202110": "31.43",
        "202111": "33.79",
        "202112": "38.72",
        "202201": "49.35",
        "202202": "46.00",
        "202203": "38.72",
        "202204": "34.44",
        "202205": "33.17",
        "202206": "31.98",
        "202207": "28.43",
        "202208": "29.21",
        "202209": "28.69",
        "202210": "25.30",
        "202211": "25.96",
        "202212": "26.09",
        "202301": "25.43",
        "202302": "25.79",
        "202303": "25.79",
        "202304": "26.94",
        "202305": "25.65",
        "202306": "27.24",
        "202307": "30.01",
        "202308": "33.40",
        "202309": "36.28"
    },
    "quarters": {
        "20011": {
            "year_quarter": 20011,
            "year": 2001,
            "quarter": 1,
            "eps": 0.27,
            "eps_growth_year": null,
            "eps_4q": null,
            "eps_4q_growth_year": null,
            "roe": 1.78,
            "roe_4q": 1.78,
            "gross_profit": 39942,
            "gross_margin": 24.74,
            "gross_margin_4q_avg": 24.74,
            "net_income": 7667,
            "revenue": 161456,
            "common_shares": 286849,
            "book_valuer_per_share": 15.18,
            "book_valuer_per_share_4q_avg": 15.18,
            "equity": 435563,
            "current_ratio": 127.62,
            "debt_ratio": 51.48,
            "inventory_turnover_ratio": 1.12,
            "account_receivable_turnover_ratio": null,
            "reinvestment_rate": null,
            "research_to_sale_ratio": null,
            "price_fair": 0,
            "eps_avg_yearly": 0,
            "eps_latest_yearly": 0,
            "eps_growth_yearly": 0
        },
        "20012": {
            "year_quarter": 20012,
            "year": 2001,
            "quarter": 2,
            "eps": 0.71,
            "eps_growth_year": null,
            "eps_4q": null,
            "eps_4q_growth_year": null,
            "roe": 4.56,
            "roe_4q": 6.34,
            "gross_profit": 48848,
            "gross_margin": 28.7,
            "gross_margin_4q_avg": 26.72,
            "net_income": 20444,
            "revenue": 170189,
            "common_shares": 286849,
            "book_valuer_per_share": 16.08,
            "book_valuer_per_share_4q_avg": 15.63,
            "equity": 461323,
            "current_ratio": 128.96,
            "debt_ratio": 51.57,
            "inventory_turnover_ratio": 1.65,
            "account_receivable_turnover_ratio": null,
            "reinvestment_rate": null,
            "research_to_sale_ratio": null,
            "price_fair": 0,
            "eps_avg_yearly": 0,
            "eps_latest_yearly": 0,
            "eps_growth_yearly": 0
        },
        "20013": {
            "year_quarter": 20013,
            "year": 2001,
            "quarter": 3,
            "eps": 0.94,
            "eps_growth_year": null,
            "eps_4q": null,
            "eps_4q_growth_year": null,
            "roe": 7.04,
            "roe_4q": 13.379999999999999,
            "gross_profit": 50220,
            "gross_margin": 26.59,
            "gross_margin_4q_avg": 26.68,
            "net_income": 33664,
            "revenue": 188882,
            "common_shares": 358000,
            "book_valuer_per_share": 13.83,
            "book_valuer_per_share_4q_avg": 15.03,
            "equity": 494958,
            "current_ratio": 149.3,
            "debt_ratio": 50.72,
            "inventory_turnover_ratio": 2.03,
            "account_receivable_turnover_ratio": null,
            "reinvestment_rate": null,
            "research_to_sale_ratio": null,
            "price_fair": 0,
            "eps_avg_yearly": 0,
            "eps_latest_yearly": 0,
            "eps_growth_yearly": 0
        },
        "20014": {
            "year_quarter": 20014,
            "year": 2001,
            "quarter": 4,
            "eps": 0.86,
            "eps_growth_year": null,
            "eps_4q": 2.59,
            "eps_4q_growth_year": null,
            "roe": 5.99,
            "roe_4q": 19.37,
            "gross_profit": 45717,
            "gross_margin": 19.59,
            "gross_margin_4q_avg": 24.91,
            "net_income": 30675,
            "revenue": 233313,
            "common_shares": 358000,
            "book_valuer_per_share": 14.79,
            "book_valuer_per_share_4q_avg": 14.97,
            "equity": 529564,
            "current_ratio": 125.15,
            "debt_ratio": 54.04,
            "inventory_turnover_ratio": 1.71,
            "account_receivable_turnover_ratio": null,
            "reinvestment_rate": null,
            "research_to_sale_ratio": null,
            "price_fair": 0,
            "eps_avg_yearly": 0,
            "eps_latest_yearly": 0,
            "eps_growth_yearly": 0
        },
        "20021": {
            "year_quarter": 20021,
            "year": 2002,
            "quarter": 1,
            "eps": 2.1,
            "eps_growth_year": 677.78,
            "eps_4q": 4.47,
            "eps_4q_growth_year": null,
            "roe": 13.26,
            "roe_4q": 30.849999999999998,
            "gross_profit": 75833,
            "gross_margin": 27.71,
            "gross_margin_4q_avg": 25.65,
            "net_income": 75199,
            "revenue": 273648,
            "common_shares": 358000,
            "book_valuer_per_share": 16.89,
            "book_valuer_per_share_4q_avg": 15.4,
            "equity": 604756,
            "current_ratio": 141.69,
            "debt_ratio": 52.07,
            "inventory_turnover_ratio": 1.72,
            "account_receivable_turnover_ratio": null,
            "reinvestment_rate": null,
            "research_to_sale_ratio": null,
            "price_fair": 294,
            "eps_avg_yearly": 8.4,
            "eps_latest_yearly": 8.4,
            "eps_growth_yearly": 576.74
        },
        "20022": {
            "year_quarter": 20022,
            "year": 2002,
            "quarter": 2,
            "eps": 1.28,
            "eps_growth_year": 80.28,
            "eps_4q": 4.51,
            "eps_4q_growth_year": null,
            "roe": 8.82,
            "roe_4q": 35.11,
            "gross_profit": 58080,
            "gross_margin": 20.48,
            "gross_margin_4q_avg": 23.59,
            "net_income": 55235,
            "revenue": 283542,
            "common_shares": 358000,
            "book_valuer_per_share": 18.1,
            "book_valuer_per_share_4q_avg": 15.9,
            "equity": 647998,
            "current_ratio": 136.94,
            "debt_ratio": 52.19,
            "inventory_turnover_ratio": 3.33,
            "account_receivable_turnover_ratio": null,
            "reinvestment_rate": null,
            "research_to_sale_ratio": null,
            "price_fair": 236.6,
            "eps_avg_yearly": 6.76,
            "eps_latest_yearly": 5.12,
            "eps_growth_yearly": 210.28
        },
        "20023": {
            "year_quarter": 20023,
            "year": 2002,
            "quarter": 3,
            "eps": 1.03,
            "eps_growth_year": 9.57,
            "eps_4q": 4.76,
            "eps_4q_growth_year": null,
            "roe": 6.57,
            "roe_4q": 34.64,
            "gross_profit": 47822,
            "gross_margin": 18.01,
            "gross_margin_4q_avg": 21.45,
            "net_income": 44433,
            "revenue": 265562,
            "common_shares": 430000,
            "book_valuer_per_share": 16.38,
            "book_valuer_per_share_4q_avg": 16.54,
            "equity": 704435,
            "current_ratio": 129.46,
            "debt_ratio": 50.71,
            "inventory_turnover_ratio": 3.47,
            "account_receivable_turnover_ratio": null,
            "reinvestment_rate": null,
            "research_to_sale_ratio": null,
            "price_fair": 205.8,
            "eps_avg_yearly": 5.88,
            "eps_latest_yearly": 4.12,
            "eps_growth_yearly": 114.14
        },
        "20024": {
            "year_quarter": 20024,
            "year": 2002,
            "quarter": 4,
            "eps": 1.42,
            "eps_growth_year": 65.12,
            "eps_4q": 5.41,
            "eps_4q_growth_year": 108.87,
            "roe": 6.91,
            "roe_4q": 35.56,
            "gross_profit": 53816,
            "gross_margin": 17.67,
            "gross_margin_4q_avg": 20.97,
            "net_income": 62174,
            "revenue": 304495,
            "common_shares": 474000,
            "book_valuer_per_share": 23.1,
            "book_valuer_per_share_4q_avg": 18.62,
            "equity": 1094914,
            "current_ratio": 175.76,
            "debt_ratio": 37.14,
            "inventory_turnover_ratio": 1.68,
            "account_receivable_turnover_ratio": null,
            "reinvestment_rate": null,
            "research_to_sale_ratio": null,
            "price_fair": 204.05,
            "eps_avg_yearly": 5.83,
            "eps_latest_yearly": 5.68,
            "eps_growth_yearly": 123.47
        },
        "20031": {
            "year_quarter": 20031,
            "year": 2003,
            "quarter": 1,
            "eps": 1.25,
            "eps_growth_year": -40.48,
            "eps_4q": 4.67,
            "eps_4q_growth_year": 4.47,
            "roe": 5.26,
            "roe_4q": 27.560000000000002,
            "gross_profit": 45925,
            "gross_margin": 15.48,
            "gross_margin_4q_avg": 17.91,
            "net_income": 59197,
            "revenue": 296728,
            "common_shares": 474000,
            "book_valuer_per_share": 24.35,
            "book_valuer_per_share_4q_avg": 20.48,
            "equity": 1154063,
            "current_ratio": 203.05,
            "debt_ratio": 33.99,
            "inventory_turnover_ratio": 1.7,
            "account_receivable_turnover_ratio": null,
            "reinvestment_rate": null,
            "research_to_sale_ratio": null,
            "price_fair": 198.24,
            "eps_avg_yearly": 5.66,
            "eps_latest_yearly": 5,
            "eps_growth_yearly": 89.2
        },
        "20032": {
            "year_quarter": 20032,
            "year": 2003,
            "quarter": 2,
            "eps": 0.42,
            "eps_growth_year": -67.19,
            "eps_4q": 3.17,
            "eps_4q_growth_year": -29.71,
            "roe": 2.2,
            "roe_4q": 20.94,
            "gross_profit": 41858,
            "gross_margin": 15.69,
            "gross_margin_4q_avg": 16.71,
            "net_income": 25299,
            "revenue": 266861,
            "common_shares": 474000,
            "book_valuer_per_share": 24.23,
            "book_valuer_per_share_4q_avg": 22.02,
            "equity": 1148340,
            "current_ratio": 181.94,
            "debt_ratio": 34.88,
            "inventory_turnover_ratio": 3.82,
            "account_receivable_turnover_ratio": null,
            "reinvestment_rate": null,
            "research_to_sale_ratio": null,
            "price_fair": 175,
            "eps_avg_yearly": 5,
            "eps_latest_yearly": 1.68,
            "eps_growth_yearly": 30.07
        },
        "20033": {
            "year_quarter": 20033,
            "year": 2003,
            "quarter": 3,
            "eps": 2.67,
            "eps_growth_year": 159.22,
            "eps_4q": 5.11,
            "eps_4q_growth_year": 7.3,
            "roe": 13.13,
            "roe_4q": 27.500000000000004,
            "gross_profit": 83268,
            "gross_margin": 23.48,
            "gross_margin_4q_avg": 18.08,
            "net_income": 160318,
            "revenue": 354708,
            "common_shares": 600000,
            "book_valuer_per_share": 21.55,
            "book_valuer_per_share_4q_avg": 23.31,
            "equity": 1293233,
            "current_ratio": 192.78,
            "debt_ratio": 37.81,
            "inventory_turnover_ratio": 4.48,
            "account_receivable_turnover_ratio": null,
            "reinvestment_rate": null,
            "research_to_sale_ratio": null,
            "price_fair": 203.4,
            "eps_avg_yearly": 5.81,
            "eps_latest_yearly": 10.68,
            "eps_growth_yearly": 331.89
        },
        "20034": {
            "year_quarter": 20034,
            "year": 2003,
            "quarter": 4,
            "eps": 1.43,
            "eps_growth_year": 0.7,
            "eps_4q": 5.5,
            "eps_4q_growth_year": 1.61,
            "roe": 6.06,
            "roe_4q": 26.65,
            "gross_profit": 91406,
            "gross_margin": 22.71,
            "gross_margin_4q_avg": 19.34,
            "net_income": 85994,
            "revenue": 402550,
            "common_shares": 634339,
            "book_valuer_per_share": 24.39,
            "book_valuer_per_share_4q_avg": 23.63,
            "equity": 1546941,
            "current_ratio": 176.92,
            "debt_ratio": 36.7,
            "inventory_turnover_ratio": 1.88,
            "account_receivable_turnover_ratio": null,
            "reinvestment_rate": null,
            "research_to_sale_ratio": null,
            "price_fair": 203,
            "eps_avg_yearly": 5.8,
            "eps_latest_yearly": 5.72,
            "eps_growth_yearly": 267.19
        },
        "20041": {
            "year_quarter": 20041,
            "year": 2004,
            "quarter": 1,
            "eps": 0.69,
            "eps_growth_year": -44.8,
            "eps_4q": 4.92,
            "eps_4q_growth_year": 5.48,
            "roe": 2.83,
            "roe_4q": 24.220000000000002,
            "gross_profit": 78606,
            "gross_margin": 21.29,
            "gross_margin_4q_avg": 20.79,
            "net_income": 44274,
            "revenue": 369167,
            "common_shares": 639119,
            "book_valuer_per_share": 24.79,
            "book_valuer_per_share_4q_avg": 23.74,
            "equity": 1584194,
            "current_ratio": 94.09,
            "debt_ratio": 39.92,
            "inventory_turnover_ratio": 1.66,
            "account_receivable_turnover_ratio": null,
            "reinvestment_rate": null,
            "research_to_sale_ratio": null,
            "price_fair": 191.18,
            "eps_avg_yearly": 5.46,
            "eps_latest_yearly": 2.76,
            "eps_growth_yearly": 214.5
        },
        "20042": {
            "year_quarter": 20042,
            "year": 2004,
            "quarter": 2,
            "eps": 0.81,
            "eps_growth_year": 92.86,
            "eps_4q": 4.62,
            "eps_4q_growth_year": 45.7,
            "roe": 3.88,
            "roe_4q": 25.9,
            "gross_profit": 57827,
            "gross_margin": 16.01,
            "gross_margin_4q_avg": 20.87,
            "net_income": 61737,
            "revenue": 361115,
            "common_shares": 640251,
            "book_valuer_per_share": 24.94,
            "book_valuer_per_share_4q_avg": 23.92,
            "equity": 1596711,
            "current_ratio": 81.18,
            "debt_ratio": 43.93,
            "inventory_turnover_ratio": 2.91,
            "account_receivable_turnover_ratio": null,
            "reinvestment_rate": null,
            "research_to_sale_ratio": null,
            "price_fair": 183.4,
            "eps_avg_yearly": 5.24,
            "eps_latest_yearly": 3.24,
            "eps_growth_yearly": 200.01
        },
        "20043": {
            "year_quarter": 20043,
            "year": 2004,
            "quarter": 3,
            "eps": 1.04,
            "eps_growth_year": -61.05,
            "eps_4q": 3.55,
            "eps_4q_growth_year": -30.64,
            "roe": 4.84,
            "roe_4q": 17.61,
            "gross_profit": 59916,
            "gross_margin": 15.03,
            "gross_margin_4q_avg": 18.76,
            "net_income": 79679,
            "revenue": 398764,
            "common_shares": 770211,
            "book_valuer_per_share": 22.03,
            "book_valuer_per_share_4q_avg": 24.04,
            "equity": 1696863,
            "current_ratio": 120.96,
            "debt_ratio": 44.22,
            "inventory_turnover_ratio": 2.7,
            "account_receivable_turnover_ratio": null,
            "reinvestment_rate": null,
            "research_to_sale_ratio": null,
            "price_fair": 179.96,
            "eps_avg_yearly": 5.14,
            "eps_latest_yearly": 4.16,
            "eps_growth_yearly": 192.15
        },
        "20044": {
            "year_quarter": 20044,
            "year": 2004,
            "quarter": 4,
            "eps": 0.14,
            "eps_growth_year": -90.21,
            "eps_4q": 2.58,
            "eps_4q_growth_year": -53.09,
            "roe": 0.65,
            "roe_4q": 12.200000000000001,
            "gross_profit": 53958,
            "gross_margin": 12.75,
            "gross_margin_4q_avg": 16.27,
            "net_income": 10652,
            "revenue": 423257,
            "common_shares": 770211,
            "book_valuer_per_share": 20.55,
            "book_valuer_per_share_4q_avg": 23.08,
            "equity": 1582498,
            "current_ratio": 145.88,
            "debt_ratio": 51.04,
            "inventory_turnover_ratio": 1.43,
            "account_receivable_turnover_ratio": null,
            "reinvestment_rate": 129.23,
            "research_to_sale_ratio": null,
            "price_fair": 166.6,
            "eps_avg_yearly": 4.76,
            "eps_latest_yearly": 0.56,
            "eps_growth_yearly": 147.29
        },
        "20051": {
            "year_quarter": 20051,
            "year": 2005,
            "quarter": 1,
            "eps": 0.26,
            "eps_growth_year": -62.32,
            "eps_4q": 2.21,
            "eps_4q_growth_year": -55.05,
            "roe": 1.28,
            "roe_4q": 10.649999999999999,
            "gross_profit": 117900,
            "gross_margin": 26.64,
            "gross_margin_4q_avg": 17.61,
            "net_income": 20245,
            "revenue": 442616,
            "common_shares": 770211,
            "book_valuer_per_share": 20.6,
            "book_valuer_per_share_4q_avg": 22.03,
            "equity": 1586580,
            "current_ratio": 126.25,
            "debt_ratio": 50.76,
            "inventory_turnover_ratio": 1.4,
            "account_receivable_turnover_ratio": null,
            "reinvestment_rate": 12.32,
            "research_to_sale_ratio": null,
            "price_fair": 156.58,
            "eps_avg_yearly": 4.47,
            "eps_latest_yearly": 1.04,
            "eps_growth_yearly": 162.33
        },
        "20052": {
            "year_quarter": 20052,
            "year": 2005,
            "quarter": 2,
            "eps": 1.23,
            "eps_growth_year": 51.85,
            "eps_4q": 2.51,
            "eps_4q_growth_year": -45.63,
            "roe": 6.45,
            "roe_4q": 13.22,
            "gross_profit": 144971,
            "gross_margin": 29.69,
            "gross_margin_4q_avg": 21.03,
            "net_income": 106003,
            "revenue": 488293,
            "common_shares": 780060,
            "book_valuer_per_share": 21.78,
            "book_valuer_per_share_4q_avg": 21.24,
            "equity": 1698626,
            "current_ratio": 116.31,
            "debt_ratio": 52.08,
            "inventory_turnover_ratio": 4.39,
            "account_receivable_turnover_ratio": null,
            "reinvestment_rate": 17.49,
            "research_to_sale_ratio": null,
            "price_fair": 157.7,
            "eps_avg_yearly": 4.51,
            "eps_latest_yearly": 4.92,
            "eps_growth_yearly": 257.33
        },
        "20053": {
            "year_quarter": 20053,
            "year": 2005,
            "quarter": 3,
            "eps": 2.12,
            "eps_growth_year": 103.85,
            "eps_4q": 3.71,
            "eps_4q_growth_year": 4.49,
            "roe": 9.78,
            "roe_4q": 18.16,
            "gross_profit": 172678,
            "gross_margin": 29.86,
            "gross_margin_4q_avg": 24.74,
            "net_income": 183082,
            "revenue": 578389,
            "common_shares": 877633,
            "book_valuer_per_share": 23.3,
            "book_valuer_per_share_4q_avg": 21.56,
            "equity": 2045020,
            "current_ratio": 131.2,
            "debt_ratio": 46.88,
            "inventory_turnover_ratio": 5.15,
            "account_receivable_turnover_ratio": null,
            "reinvestment_rate": 12.38,
            "research_to_sale_ratio": null,
            "price_fair": 166.97,
            "eps_avg_yearly": 4.77,
            "eps_latest_yearly": 8.48,
            "eps_growth_yearly": 259.47
        },
        "20054": {
            "year_quarter": 20054,
            "year": 2005,
            "quarter": 4,
            "eps": 1.07,
            "eps_growth_year": 664.29,
            "eps_4q": 4.63,
            "eps_4q_growth_year": 79.23,
            "roe": 4.43,
            "roe_4q": 21.94,
            "gross_profit": 194290,
            "gross_margin": 31.75,
            "gross_margin_4q_avg": 29.49,
            "net_income": 93101,
            "revenue": 611939,
            "common_shares": 884093,
            "book_valuer_per_share": 24.38,
            "book_valuer_per_share_4q_avg": 22.52,
            "equity": 2155176,
            "current_ratio": 141.34,
            "debt_ratio": 49.98,
            "inventory_turnover_ratio": 2.17,
            "account_receivable_turnover_ratio": null,
            "reinvestment_rate": 123.97,
            "research_to_sale_ratio": null,
            "price_fair": 165.9,
            "eps_avg_yearly": 4.74,
            "eps_latest_yearly": 4.28,
            "eps_growth_yearly": 230.87
        },
        "20061": {
            "year_quarter": 20061,
            "year": 2006,
            "quarter": 1,
            "eps": 1.11,
            "eps_growth_year": 326.92,
            "eps_4q": 5.44,
            "eps_4q_growth_year": 146.01,
            "roe": 4.44,
            "roe_4q": 25.099999999999998,
            "gross_profit": 162568,
            "gross_margin": 30.64,
            "gross_margin_4q_avg": 30.49,
            "net_income": 97882,
            "revenue": 530540,
            "common_shares": 887264,
            "book_valuer_per_share": 25.38,
            "book_valuer_per_share_4q_avg": 23.71,
            "equity": 2252249,
            "current_ratio": 160.91,
            "debt_ratio": 38.83,
            "inventory_turnover_ratio": 2.04,
            "account_receivable_turnover_ratio": null,
            "reinvestment_rate": 8.13,
            "research_to_sale_ratio": null,
            "price_fair": 157.24,
            "eps_avg_yearly": 4.49,
            "eps_latest_yearly": 4.44,
            "eps_growth_yearly": 195.76
        },
        "20062": {
            "year_quarter": 20062,
            "year": 2006,
            "quarter": 2,
            "eps": 0.08,
            "eps_growth_year": -93.5,
            "eps_4q": 4,
            "eps_4q_growth_year": 59,
            "roe": 0.35,
            "roe_4q": 19,
            "gross_profit": 110544,
            "gross_margin": 26.39,
            "gross_margin_4q_avg": 29.66,
            "net_income": 7642,
            "revenue": 418883,
            "common_shares": 887594,
            "book_valuer_per_share": 23.43,
            "book_valuer_per_share_4q_avg": 24.12,
            "equity": 2079370,
            "current_ratio": 150.62,
            "debt_ratio": 42.14,
            "inventory_turnover_ratio": 6.37,
            "account_receivable_turnover_ratio": null,
            "reinvestment_rate": 6.58,
            "research_to_sale_ratio": null,
            "price_fair": 146.74,
            "eps_avg_yearly": 4.19,
            "eps_latest_yearly": 0.32,
            "eps_growth_yearly": 182.32
        },
        "20063": {
            "year_quarter": 20063,
            "year": 2006,
            "quarter": 3,
            "eps": 0.96,
            "eps_growth_year": -54.72,
            "eps_4q": 2.96,
            "eps_4q_growth_year": -20.25,
            "roe": 4.48,
            "roe_4q": 13.7,
            "gross_profit": 150182,
            "gross_margin": 21.64,
            "gross_margin_4q_avg": 27.61,
            "net_income": 95576,
            "revenue": 694007,
            "common_shares": 1001377,
            "book_valuer_per_share": 21.84,
            "book_valuer_per_share_4q_avg": 23.76,
            "equity": 2186975,
            "current_ratio": 216.96,
            "debt_ratio": 34.84,
            "inventory_turnover_ratio": 12.54,
            "account_receivable_turnover_ratio": null,
            "reinvestment_rate": -0.71,
            "research_to_sale_ratio": null,
            "price_fair": 146.13,
            "eps_avg_yearly": 4.18,
            "eps_latest_yearly": 3.84,
            "eps_growth_yearly": 462.21
        },
        "20064": {
            "year_quarter": 20064,
            "year": 2006,
            "quarter": 4,
            "eps": 0.8,
            "eps_growth_year": -25.23,
            "eps_4q": 2.83,
            "eps_4q_growth_year": -38.92,
            "roe": 3.52,
            "roe_4q": 12.79,
            "gross_profit": 102525,
            "gross_margin": 16.48,
            "gross_margin_4q_avg": 23.79,
            "net_income": 79439,
            "revenue": 622035,
            "common_shares": 1001377,
            "book_valuer_per_share": 23.2,
            "book_valuer_per_share_4q_avg": 23.46,
            "equity": 2323187,
            "current_ratio": 142.57,
            "debt_ratio": 43.01,
            "inventory_turnover_ratio": 3.02,
            "account_receivable_turnover_ratio": null,
            "reinvestment_rate": 97.46,
            "research_to_sale_ratio": null,
            "price_fair": 140.7,
            "eps_avg_yearly": 4.02,
            "eps_latest_yearly": 3.2,
            "eps_growth_yearly": 448.57
        },
        "20071": {
            "year_quarter": 20071,
            "year": 2007,
            "quarter": 1,
            "eps": 0.56,
            "eps_growth_year": -49.55,
            "eps_4q": 2.38,
            "eps_4q_growth_year": -56.28,
            "roe": 2.37,
            "roe_4q": 10.72,
            "gross_profit": 75008,
            "gross_margin": 13.73,
            "gross_margin_4q_avg": 19.56,
            "net_income": 56196,
            "revenue": 546493,
            "common_shares": 1001617,
            "book_valuer_per_share": 24.23,
            "book_valuer_per_share_4q_avg": 23.18,
            "equity": 2427346,
            "current_ratio": 163.99,
            "debt_ratio": 31.81,
            "inventory_turnover_ratio": 2.68,
            "account_receivable_turnover_ratio": null,
            "reinvestment_rate": -6.14,
            "research_to_sale_ratio": null,
            "price_fair": 134.66,
            "eps_avg_yearly": 3.85,
            "eps_latest_yearly": 2.24,
            "eps_growth_yearly": 444.07
        },
        "20072": {
            "year_quarter": 20072,
            "year": 2007,
            "quarter": 2,
            "eps": 1.01,
            "eps_growth_year": 1162.5,
            "eps_4q": 3.17,
            "eps_4q_growth_year": -20.76,
            "roe": 4.47,
            "roe_4q": 14.84,
            "gross_profit": 91593,
            "gross_margin": 13.57,
            "gross_margin_4q_avg": 16.36,
            "net_income": 108305,
            "revenue": 674748,
            "common_shares": 1002977,
            "book_valuer_per_share": 24.13,
            "book_valuer_per_share_4q_avg": 23.35,
            "equity": 2420610,
            "current_ratio": 209.51,
            "debt_ratio": 36.31,
            "inventory_turnover_ratio": 14.02,
            "account_receivable_turnover_ratio": null,
            "reinvestment_rate": -7.89,
            "research_to_sale_ratio": null,
            "price_fair": 139.83,
            "eps_avg_yearly": 4,
            "eps_latest_yearly": 4.04,
            "eps_growth_yearly": 480.76
        },
        "20073": {
            "year_quarter": 20073,
            "year": 2007,
            "quarter": 3,
            "eps": 1.05,
            "eps_growth_year": 9.38,
            "eps_4q": 3.32,
            "eps_4q_growth_year": 12.51,
            "roe": 4.52,
            "roe_4q": 14.879999999999999,
            "gross_profit": 114578,
            "gross_margin": 14.71,
            "gross_margin_4q_avg": 14.62,
            "net_income": 112603,
            "revenue": 778694,
            "common_shares": 1083241,
            "book_valuer_per_share": 23.64,
            "book_valuer_per_share_4q_avg": 23.8,
            "equity": 2561179,
            "current_ratio": 228.78,
            "debt_ratio": 36.32,
            "inventory_turnover_ratio": 18.25,
            "account_receivable_turnover_ratio": null,
            "reinvestment_rate": -10.07,
            "research_to_sale_ratio": null,
            "price_fair": 125.65,
            "eps_avg_yearly": 3.59,
            "eps_latest_yearly": 4.2,
            "eps_growth_yearly": 347.82
        },
        "20074": {
            "year_quarter": 20074,
            "year": 2007,
            "quarter": 4,
            "eps": 0.64,
            "eps_growth_year": -20,
            "eps_4q": 3.21,
            "eps_4q_growth_year": 13.54,
            "roe": 2.64,
            "roe_4q": 14,
            "gross_profit": 72928,
            "gross_margin": 10.46,
            "gross_margin_4q_avg": 13.12,
            "net_income": 69069,
            "revenue": 697130,
            "common_shares": 1083341,
            "book_valuer_per_share": 24.71,
            "book_valuer_per_share_4q_avg": 24.18,
            "equity": 2676503,
            "current_ratio": 265.04,
            "debt_ratio": 38.28,
            "inventory_turnover_ratio": 3.47,
            "account_receivable_turnover_ratio": null,
            "reinvestment_rate": 67.9,
            "research_to_sale_ratio": null,
            "price_fair": 118.74,
            "eps_avg_yearly": 3.39,
            "eps_latest_yearly": 2.56,
            "eps_growth_yearly": 349.67
        },
        "20081": {
            "year_quarter": 20081,
            "year": 2008,
            "quarter": 1,
            "eps": 0.56,
            "eps_growth_year": 0,
            "eps_4q": 3.26,
            "eps_4q_growth_year": 36.82,
            "roe": 2.26,
            "roe_4q": 13.89,
            "gross_profit": 290845,
            "gross_margin": 27.25,
            "gross_margin_4q_avg": 16.5,
            "net_income": 60222,
            "revenue": 1067255,
            "common_shares": 1083375,
            "book_valuer_per_share": 24.53,
            "book_valuer_per_share_4q_avg": 24.25,
            "equity": 2657950,
            "current_ratio": 253.27,
            "debt_ratio": 41,
            "inventory_turnover_ratio": 2.14,
            "account_receivable_turnover_ratio": null,
            "reinvestment_rate": 103.43,
            "research_to_sale_ratio": null,
            "price_fair": 117.6,
            "eps_avg_yearly": 3.36,
            "eps_latest_yearly": 2.24,
            "eps_growth_yearly": 359.48
        },
        "20082": {
            "year_quarter": 20082,
            "year": 2008,
            "quarter": 2,
            "eps": 1.13,
            "eps_growth_year": 11.88,
            "eps_4q": 3.27,
            "eps_4q_growth_year": 3.25,
            "roe": 4.85,
            "roe_4q": 14.27,
            "gross_profit": 422167,
            "gross_margin": 30.47,
            "gross_margin_4q_avg": 20.72,
            "net_income": 127781,
            "revenue": 1385694,
            "common_shares": 1083406,
            "book_valuer_per_share": 24.15,
            "book_valuer_per_share_4q_avg": 24.26,
            "equity": 2616023,
            "current_ratio": 205.48,
            "debt_ratio": 47.2,
            "inventory_turnover_ratio": 2.23,
            "account_receivable_turnover_ratio": null,
            "reinvestment_rate": 126.02,
            "research_to_sale_ratio": null,
            "price_fair": 120.4,
            "eps_avg_yearly": 3.44,
            "eps_latest_yearly": 4.52,
            "eps_growth_yearly": 380.58
        },
        "20083": {
            "year_quarter": 20083,
            "year": 2008,
            "quarter": 3,
            "eps": 1.68,
            "eps_growth_year": 60,
            "eps_4q": 3.95,
            "eps_4q_growth_year": 18.8,
            "roe": 6.8,
            "roe_4q": 16.549999999999997,
            "gross_profit": 419557,
            "gross_margin": 28.85,
            "gross_margin_4q_avg": 24.26,
            "net_income": 190285,
            "revenue": 1454182,
            "common_shares": 1130807,
            "book_valuer_per_share": 26.38,
            "book_valuer_per_share_4q_avg": 24.94,
            "equity": 2982915,
            "current_ratio": 255.72,
            "debt_ratio": 45.57,
            "inventory_turnover_ratio": 2.23,
            "account_receivable_turnover_ratio": null,
            "reinvestment_rate": 126.02,
            "research_to_sale_ratio": null,
            "price_fair": 126,
            "eps_avg_yearly": 3.6,
            "eps_latest_yearly": 6.72,
            "eps_growth_yearly": 385.65
        },
        "20084": {
            "year_quarter": 20084,
            "year": 2008,
            "quarter": 4,
            "eps": -0.08,
            "eps_growth_year": -112.5,
            "eps_4q": 3.27,
            "eps_4q_growth_year": 1.94,
            "roe": -0.29,
            "roe_4q": 13.62,
            "gross_profit": 172515,
            "gross_margin": 20.46,
            "gross_margin_4q_avg": 26.76,
            "net_income": -8584,
            "revenue": 843174,
            "common_shares": 1130956,
            "book_valuer_per_share": 26.82,
            "book_valuer_per_share_4q_avg": 25.47,
            "equity": 3032916,
            "current_ratio": 303.12,
            "debt_ratio": 42.58,
            "inventory_turnover_ratio": 1.77,
            "account_receivable_turnover_ratio": 1.08,
            "reinvestment_rate": 51.86,
            "research_to_sale_ratio": null,
            "price_fair": 133.09,
            "eps_avg_yearly": 3.8,
            "eps_latest_yearly": 6.72,
            "eps_growth_yearly": 434.43
        },
        "20091": {
            "year_quarter": 20091,
            "year": 2009,
            "quarter": 1,
            "eps": 0.3,
            "eps_growth_year": -46.43,
            "eps_4q": 3,
            "eps_4q_growth_year": -7.84,
            "roe": 1.11,
            "roe_4q": 12.469999999999999,
            "gross_profit": 219007,
            "gross_margin": 23.23,
            "gross_margin_4q_avg": 25.75,
            "net_income": 34373,
            "revenue": 942661,
            "common_shares": 1130956,
            "book_valuer_per_share": 27.97,
            "book_valuer_per_share_4q_avg": 26.33,
            "equity": 3163592,
            "current_ratio": 355.01,
            "debt_ratio": 36.64,
            "inventory_turnover_ratio": 2.54,
            "account_receivable_turnover_ratio": 0.65,
            "reinvestment_rate": 126.55,
            "research_to_sale_ratio": null,
            "price_fair": 140,
            "eps_avg_yearly": 4,
            "eps_latest_yearly": 6.72,
            "eps_growth_yearly": 440.98
        },
        "20092": {
            "year_quarter": 20092,
            "year": 2009,
            "quarter": 2,
            "eps": 1.8,
            "eps_growth_year": 59.29,
            "eps_4q": 3.69,
            "eps_4q_growth_year": 12.83,
            "roe": 6.61,
            "roe_4q": 14.23,
            "gross_profit": 398105,
            "gross_margin": 32.71,
            "gross_margin_4q_avg": 26.31,
            "net_income": 205946,
            "revenue": 1217165,
            "common_shares": 1130956,
            "book_valuer_per_share": 27.12,
            "book_valuer_per_share_4q_avg": 27.07,
            "equity": 3066793,
            "current_ratio": 206.18,
            "debt_ratio": 33.92,
            "inventory_turnover_ratio": 2.96,
            "account_receivable_turnover_ratio": 0.83,
            "reinvestment_rate": 105.05,
            "research_to_sale_ratio": null,
            "price_fair": 145.7,
            "eps_avg_yearly": 4.16,
            "eps_latest_yearly": 7.2,
            "eps_growth_yearly": 477.24
        },
        "20093": {
            "year_quarter": 20093,
            "year": 2009,
            "quarter": 3,
            "eps": 2.68,
            "eps_growth_year": 59.52,
            "eps_4q": 4.71,
            "eps_4q_growth_year": 19.27,
            "roe": 9.59,
            "roe_4q": 17.02,
            "gross_profit": 534956,
            "gross_margin": 35.79,
            "gross_margin_4q_avg": 28.05,
            "net_income": 305831,
            "revenue": 1494754,
            "common_shares": 1146530,
            "book_valuer_per_share": 28.86,
            "book_valuer_per_share_4q_avg": 27.69,
            "equity": 3308897,
            "current_ratio": 204.07,
            "debt_ratio": 31.84,
            "inventory_turnover_ratio": 3.24,
            "account_receivable_turnover_ratio": 0.86,
            "reinvestment_rate": 97.04,
            "research_to_sale_ratio": null,
            "price_fair": 151.3,
            "eps_avg_yearly": 4.32,
            "eps_latest_yearly": 10.72,
            "eps_growth_yearly": 470.53
        },
        "20094": {
            "year_quarter": 20094,
            "year": 2009,
            "quarter": 4,
            "eps": 1.72,
            "eps_growth_year": null,
            "eps_4q": 6.48,
            "eps_4q_growth_year": 98.11,
            "roe": 5.78,
            "roe_4q": 23.09,
            "gross_profit": 437683,
            "gross_margin": 33.4,
            "gross_margin_4q_avg": 31.28,
            "net_income": 196578,
            "revenue": 1310448,
            "common_shares": 1146529,
            "book_valuer_per_share": 30.42,
            "book_valuer_per_share_4q_avg": 28.59,
            "equity": 3487537,
            "current_ratio": 219.4,
            "debt_ratio": 33.31,
            "inventory_turnover_ratio": 2.95,
            "account_receivable_turnover_ratio": 1.35,
            "reinvestment_rate": 200.81,
            "research_to_sale_ratio": null,
            "price_fair": 157.8,
            "eps_avg_yearly": 4.51,
            "eps_latest_yearly": 6.88,
            "eps_growth_yearly": 474.45
        },
        "20101": {
            "year_quarter": 20101,
            "year": 2010,
            "quarter": 1,
            "eps": 1.4,
            "eps_growth_year": 366.67,
            "eps_4q": 7.57,
            "eps_4q_growth_year": 152.36,
            "roe": 4.5,
            "roe_4q": 26.48,
            "gross_profit": 418945,
            "gross_margin": 29.24,
            "gross_margin_4q_avg": 32.79,
            "net_income": 159958,
            "revenue": 1432879,
            "common_shares": 1146529,
            "book_valuer_per_share": 31.65,
            "book_valuer_per_share_4q_avg": 29.51,
            "equity": 3628231,
            "current_ratio": 200.3,
            "debt_ratio": 39.41,
            "inventory_turnover_ratio": 3.17,
            "account_receivable_turnover_ratio": 0.72,
            "reinvestment_rate": 304.64,
            "research_to_sale_ratio": 7.36,
            "price_fair": 160.7,
            "eps_avg_yearly": 4.59,
            "eps_latest_yearly": 5.6,
            "eps_growth_yearly": 468.07
        },
        "20102": {
            "year_quarter": 20102,
            "year": 2010,
            "quarter": 2,
            "eps": 1.24,
            "eps_growth_year": -31.31,
            "eps_4q": 7.01,
            "eps_4q_growth_year": 90.14,
            "roe": 4.06,
            "roe_4q": 23.93,
            "gross_profit": 360712,
            "gross_margin": 26.76,
            "gross_margin_4q_avg": 31.3,
            "net_income": 141752,
            "revenue": 1348093,
            "common_shares": 1146529,
            "book_valuer_per_share": 29.33,
            "book_valuer_per_share_4q_avg": 30.07,
            "equity": 3362824,
            "current_ratio": 141.12,
            "debt_ratio": 47.5,
            "inventory_turnover_ratio": 2.71,
            "account_receivable_turnover_ratio": 0.67,
            "reinvestment_rate": 301.21,
            "research_to_sale_ratio": 7.16,
            "price_fair": 172.3,
            "eps_avg_yearly": 4.92,
            "eps_latest_yearly": 4.96,
            "eps_growth_yearly": 491.31
        },
        "20103": {
            "year_quarter": 20103,
            "year": 2010,
            "quarter": 3,
            "eps": 0.6,
            "eps_growth_year": -77.52,
            "eps_4q": 4.95,
            "eps_4q_growth_year": 5.05,
            "roe": 2.05,
            "roe_4q": 16.39,
            "gross_profit": 321007,
            "gross_margin": 26.75,
            "gross_margin_4q_avg": 29.04,
            "net_income": 69059,
            "revenue": 1200152,
            "common_shares": 1146529,
            "book_valuer_per_share": 29.39,
            "book_valuer_per_share_4q_avg": 30.2,
            "equity": 3369683,
            "current_ratio": 142.85,
            "debt_ratio": 41.57,
            "inventory_turnover_ratio": 2.72,
            "account_receivable_turnover_ratio": 0.64,
            "reinvestment_rate": 327.2,
            "research_to_sale_ratio": 7.95,
            "price_fair": 168.7,
            "eps_avg_yearly": 4.82,
            "eps_latest_yearly": 2.4,
            "eps_growth_yearly": 162.28
        },
        "20104": {
            "year_quarter": 20104,
            "year": 2010,
            "quarter": 4,
            "eps": 0.67,
            "eps_growth_year": -60.83,
            "eps_4q": 3.91,
            "eps_4q_growth_year": -39.68,
            "roe": 2.34,
            "roe_4q": 12.95,
            "gross_profit": 342402,
            "gross_margin": 29.25,
            "gross_margin_4q_avg": 28,
            "net_income": 77238,
            "revenue": 1170520,
            "common_shares": 1146529,
            "book_valuer_per_share": 28.26,
            "book_valuer_per_share_4q_avg": 29.66,
            "equity": 3240005,
            "current_ratio": 166.06,
            "debt_ratio": 41.48,
            "inventory_turnover_ratio": 2.77,
            "account_receivable_turnover_ratio": 0.71,
            "reinvestment_rate": 227.99,
            "research_to_sale_ratio": 8.4,
            "price_fair": 167.4,
            "eps_avg_yearly": 4.78,
            "eps_latest_yearly": 2.68,
            "eps_growth_yearly": 170.38
        },
        "20111": {
            "year_quarter": 20111,
            "year": 2011,
            "quarter": 1,
            "eps": 0.53,
            "eps_growth_year": -62.14,
            "eps_4q": 3.04,
            "eps_4q_growth_year": -59.87,
            "roe": 1.83,
            "roe_4q": 10.28,
            "gross_profit": 243332,
            "gross_margin": 22.38,
            "gross_margin_4q_avg": 26.29,
            "net_income": 60415,
            "revenue": 1087302,
            "common_shares": 1146529,
            "book_valuer_per_share": 29.22,
            "book_valuer_per_share_4q_avg": 29.05,
            "equity": 3350081,
            "current_ratio": 176.67,
            "debt_ratio": 37.82,
            "inventory_turnover_ratio": 2.86,
            "account_receivable_turnover_ratio": 0.7,
            "reinvestment_rate": 310.93,
            "research_to_sale_ratio": 7.89,
            "price_fair": 167.1,
            "eps_avg_yearly": 4.77,
            "eps_latest_yearly": 2.12,
            "eps_growth_yearly": 172.98
        },
        "20112": {
            "year_quarter": 20112,
            "year": 2011,
            "quarter": 2,
            "eps": 0.34,
            "eps_growth_year": -72.74,
            "eps_4q": 2.14,
            "eps_4q_growth_year": -69.49,
            "roe": 1.2,
            "roe_4q": 7.42,
            "gross_profit": 273157,
            "gross_margin": 24.55,
            "gross_margin_4q_avg": 25.73,
            "net_income": 38642,
            "revenue": 1112677,
            "common_shares": 1146529,
            "book_valuer_per_share": 26.76,
            "book_valuer_per_share_4q_avg": 28.41,
            "equity": 3067966,
            "current_ratio": 163.86,
            "debt_ratio": 41.34,
            "inventory_turnover_ratio": 2.99,
            "account_receivable_turnover_ratio": 0.71,
            "reinvestment_rate": 311.22,
            "research_to_sale_ratio": 7.19,
            "price_fair": 160.4,
            "eps_avg_yearly": 4.58,
            "eps_latest_yearly": 1.36,
            "eps_growth_yearly": 139.78
        },
        "20113": {
            "year_quarter": 20113,
            "year": 2011,
            "quarter": 3,
            "eps": 0.36,
            "eps_growth_year": -40.57,
            "eps_4q": 1.9,
            "eps_4q_growth_year": -61.69,
            "roe": 1.27,
            "roe_4q": 6.64,
            "gross_profit": 245552,
            "gross_margin": 21.35,
            "gross_margin_4q_avg": 24.38,
            "net_income": 41041,
            "revenue": 1150389,
            "common_shares": 1146529,
            "book_valuer_per_share": 29.44,
            "book_valuer_per_share_4q_avg": 28.42,
            "equity": 3375847,
            "current_ratio": 221.84,
            "debt_ratio": 36.49,
            "inventory_turnover_ratio": 3.35,
            "account_receivable_turnover_ratio": 0.69,
            "reinvestment_rate": 339.29,
            "research_to_sale_ratio": 7.23,
            "price_fair": 153.5,
            "eps_avg_yearly": 4.39,
            "eps_latest_yearly": 1.44,
            "eps_growth_yearly": 140.32
        },
        "20114": {
            "year_quarter": 20114,
            "year": 2011,
            "quarter": 4,
            "eps": -0.01,
            "eps_growth_year": -100.75,
            "eps_4q": 1.22,
            "eps_4q_growth_year": -68.86,
            "roe": -0.02,
            "roe_4q": 4.28,
            "gross_profit": 198488,
            "gross_margin": 20.1,
            "gross_margin_4q_avg": 22.1,
            "net_income": -577,
            "revenue": 987343,
            "common_shares": 1146529,
            "book_valuer_per_share": 29.29,
            "book_valuer_per_share_4q_avg": 28.68,
            "equity": 3358655,
            "current_ratio": 257.96,
            "debt_ratio": 36.15,
            "inventory_turnover_ratio": 2.82,
            "account_receivable_turnover_ratio": 0.6,
            "reinvestment_rate": 246.24,
            "research_to_sale_ratio": 8.01,
            "price_fair": 158.42,
            "eps_avg_yearly": 4.53,
            "eps_latest_yearly": 1.44,
            "eps_growth_yearly": 163.13
        },
        "20121": {
            "year_quarter": 20121,
            "year": 2012,
            "quarter": 1,
            "eps": 0.38,
            "eps_growth_year": -28.3,
            "eps_4q": 1.07,
            "eps_4q_growth_year": -64.9,
            "roe": 1.3,
            "roe_4q": 3.75,
            "gross_profit": 237725,
            "gross_margin": 24.23,
            "gross_margin_4q_avg": 22.56,
            "net_income": 43208,
            "revenue": 980994,
            "common_shares": 1146529,
            "book_valuer_per_share": 28.9,
            "book_valuer_per_share_4q_avg": 28.6,
            "equity": 3313344,
            "current_ratio": 308.82,
            "debt_ratio": 33.53,
            "inventory_turnover_ratio": 2.54,
            "account_receivable_turnover_ratio": 0.67,
            "reinvestment_rate": 236.62,
            "research_to_sale_ratio": 8.11,
            "price_fair": 165.08,
            "eps_avg_yearly": 4.72,
            "eps_latest_yearly": 1.44,
            "eps_growth_yearly": 180.89
        },
        "20122": {
            "year_quarter": 20122,
            "year": 2012,
            "quarter": 2,
            "eps": 0.27,
            "eps_growth_year": -19.49,
            "eps_4q": 1,
            "eps_4q_growth_year": -53.22,
            "roe": 0.95,
            "roe_4q": 3.5,
            "gross_profit": 226935,
            "gross_margin": 23.84,
            "gross_margin_4q_avg": 22.38,
            "net_income": 31109,
            "revenue": 951843,
            "common_shares": 1146529,
            "book_valuer_per_share": 28.44,
            "book_valuer_per_share_4q_avg": 29.02,
            "equity": 3260635,
            "current_ratio": 286.11,
            "debt_ratio": 35.13,
            "inventory_turnover_ratio": 2.56,
            "account_receivable_turnover_ratio": 0.69,
            "reinvestment_rate": 237.76,
            "research_to_sale_ratio": 8.26,
            "price_fair": 155.05,
            "eps_avg_yearly": 4.43,
            "eps_latest_yearly": 1.08,
            "eps_growth_yearly": 137.32
        },
        "20123": {
            "year_quarter": 20123,
            "year": 2012,
            "quarter": 3,
            "eps": 0.41,
            "eps_growth_year": 13.69,
            "eps_4q": 1.05,
            "eps_4q_growth_year": -44.6,
            "roe": 1.44,
            "roe_4q": 3.6699999999999995,
            "gross_profit": 279255,
            "gross_margin": 26.68,
            "gross_margin_4q_avg": 23.71,
            "net_income": 46661,
            "revenue": 1046698,
            "common_shares": 1146529,
            "book_valuer_per_share": 28.16,
            "book_valuer_per_share_4q_avg": 28.7,
            "equity": 3228809,
            "current_ratio": 287.3,
            "debt_ratio": 34.14,
            "inventory_turnover_ratio": 2.86,
            "account_receivable_turnover_ratio": 0.76,
            "reinvestment_rate": 234.36,
            "research_to_sale_ratio": 7.98,
            "price_fair": 140.23,
            "eps_avg_yearly": 4.01,
            "eps_latest_yearly": 1.64,
            "eps_growth_yearly": 138.38
        },
        "20124": {
            "year_quarter": 20124,
            "year": 2012,
            "quarter": 4,
            "eps": 0.11,
            "eps_growth_year": null,
            "eps_4q": 1.17,
            "eps_4q_growth_year": -4.12,
            "roe": 0.4,
            "roe_4q": 4.09,
            "gross_profit": 220003,
            "gross_margin": 26.36,
            "gross_margin_4q_avg": 25.28,
            "net_income": 12798,
            "revenue": 834641,
            "common_shares": 1146529,
            "book_valuer_per_share": 28.22,
            "book_valuer_per_share_4q_avg": 28.43,
            "equity": 3235798,
            "current_ratio": 350.49,
            "debt_ratio": 30.58,
            "inventory_turnover_ratio": 2.27,
            "account_receivable_turnover_ratio": 0.63,
            "reinvestment_rate": 214.41,
            "research_to_sale_ratio": 10.07,
            "price_fair": 130.63,
            "eps_avg_yearly": 3.73,
            "eps_latest_yearly": 0.44,
            "eps_growth_yearly": 105.22
        },
        "20131": {
            "year_quarter": 20131,
            "year": 2013,
            "quarter": 1,
            "eps": 0.03,
            "eps_growth_year": -92.11,
            "eps_4q": 0.82,
            "eps_4q_growth_year": -23.5,
            "roe": 0.09,
            "roe_4q": 2.88,
            "gross_profit": 193042,
            "gross_margin": 22.7,
            "gross_margin_4q_avg": 24.9,
            "net_income": 3007,
            "revenue": 850571,
            "common_shares": 1146529,
            "book_valuer_per_share": 28.8,
            "book_valuer_per_share_4q_avg": 28.41,
            "equity": 3301668,
            "current_ratio": 359.92,
            "debt_ratio": 32.33,
            "inventory_turnover_ratio": 2.22,
            "account_receivable_turnover_ratio": 0.68,
            "reinvestment_rate": -23.4,
            "research_to_sale_ratio": 9.59,
            "price_fair": 121.6,
            "eps_avg_yearly": 3.47,
            "eps_latest_yearly": 0.12,
            "eps_growth_yearly": 76.92
        },
        "20132": {
            "year_quarter": 20132,
            "year": 2013,
            "quarter": 2,
            "eps": 0,
            "eps_growth_year": -100,
            "eps_4q": 0.55,
            "eps_4q_growth_year": -45.36,
            "roe": 0.01,
            "roe_4q": 1.94,
            "gross_profit": 192204,
            "gross_margin": 21.5,
            "gross_margin_4q_avg": 24.31,
            "net_income": 254,
            "revenue": 893914,
            "common_shares": 1146529,
            "book_valuer_per_share": 28.39,
            "book_valuer_per_share_4q_avg": 28.39,
            "equity": 3255100,
            "current_ratio": 358.53,
            "debt_ratio": 32.89,
            "inventory_turnover_ratio": 2.15,
            "account_receivable_turnover_ratio": 0.72,
            "reinvestment_rate": -19.79,
            "research_to_sale_ratio": 10.35,
            "price_fair": 9.56,
            "eps_avg_yearly": 3.19,
            "eps_latest_yearly": 0.12,
            "eps_growth_yearly": -71.01
        },
        "20133": {
            "year_quarter": 20133,
            "year": 2013,
            "quarter": 3,
            "eps": -1.44,
            "eps_growth_year": -453.83,
            "eps_4q": -1.3,
            "eps_4q_growth_year": -223.54,
            "roe": -5.22,
            "roe_4q": -4.72,
            "gross_profit": 33368,
            "gross_margin": 3.79,
            "gross_margin_4q_avg": 18.59,
            "net_income": -164806,
            "revenue": 880665,
            "common_shares": 1146529,
            "book_valuer_per_share": 26.63,
            "book_valuer_per_share_4q_avg": 28.01,
            "equity": 3053368,
            "current_ratio": 460.61,
            "debt_ratio": 31.14,
            "inventory_turnover_ratio": 2.79,
            "account_receivable_turnover_ratio": 0.72,
            "reinvestment_rate": -52.58,
            "research_to_sale_ratio": 10.74,
            "price_fair": 7.68,
            "eps_avg_yearly": 2.56,
            "eps_latest_yearly": 0.12,
            "eps_growth_yearly": -93.22
        },
        "20134": {
            "year_quarter": 20134,
            "year": 2013,
            "quarter": 4,
            "eps": -2.02,
            "eps_growth_year": -1911.55,
            "eps_4q": -3.43,
            "eps_4q_growth_year": -394.11,
            "roe": -7.82,
            "roe_4q": -12.94,
            "gross_profit": 21583,
            "gross_margin": 2.7,
            "gross_margin_4q_avg": 12.67,
            "net_income": -231762,
            "revenue": 800693,
            "common_shares": 1146529,
            "book_valuer_per_share": 25.06,
            "book_valuer_per_share_4q_avg": 27.22,
            "equity": 2872766,
            "current_ratio": 369.16,
            "debt_ratio": 35.11,
            "inventory_turnover_ratio": 2.66,
            "account_receivable_turnover_ratio": 0.69,
            "reinvestment_rate": -1199.92,
            "research_to_sale_ratio": 12.19,
            "price_fair": 6.5,
            "eps_avg_yearly": 2.17,
            "eps_latest_yearly": 0.12,
            "eps_growth_yearly": -88.67
        },
        "20141": {
            "year_quarter": 20141,
            "year": 2014,
            "quarter": 1,
            "eps": -1.16,
            "eps_growth_year": -3966.67,
            "eps_4q": -4.71,
            "eps_4q_growth_year": -676.48,
            "roe": -4.64,
            "roe_4q": -17.669999999999998,
            "gross_profit": 21161,
            "gross_margin": 3.12,
            "gross_margin_4q_avg": 7.78,
            "net_income": -130501,
            "revenue": 678676,
            "common_shares": 1146529,
            "book_valuer_per_share": 24.57,
            "book_valuer_per_share_4q_avg": 26.16,
            "equity": 2750530,
            "current_ratio": 376.38,
            "debt_ratio": 35.86,
            "inventory_turnover_ratio": 1.89,
            "account_receivable_turnover_ratio": 0.64,
            "reinvestment_rate": -11863.62,
            "research_to_sale_ratio": 10.35,
            "price_fair": 5.47,
            "eps_avg_yearly": 1.82,
            "eps_latest_yearly": 0.12,
            "eps_growth_yearly": -90.09
        },
        "20142": {
            "year_quarter": 20142,
            "year": 2014,
            "quarter": 2,
            "eps": -0.3,
            "eps_growth_year": null,
            "eps_4q": -5,
            "eps_4q_growth_year": -1014.44,
            "roe": -1.22,
            "roe_4q": -18.9,
            "gross_profit": 135134,
            "gross_margin": 16.26,
            "gross_margin_4q_avg": 6.47,
            "net_income": -33038,
            "revenue": 830922,
            "common_shares": 1134689,
            "book_valuer_per_share": 23.71,
            "book_valuer_per_share_4q_avg": 24.99,
            "equity": 2654705,
            "current_ratio": 434.51,
            "debt_ratio": 35.37,
            "inventory_turnover_ratio": 1.89,
            "account_receivable_turnover_ratio": 0.8,
            "reinvestment_rate": null,
            "research_to_sale_ratio": 6.78,
            "price_fair": 4.43,
            "eps_avg_yearly": 1.48,
            "eps_latest_yearly": 0.12,
            "eps_growth_yearly": -95.02
        },
        "20143": {
            "year_quarter": 20143,
            "year": 2014,
            "quarter": 3,
            "eps": -0.04,
            "eps_growth_year": null,
            "eps_4q": -3.57,
            "eps_4q_growth_year": null,
            "roe": -0.17,
            "roe_4q": -13.85,
            "gross_profit": 123294,
            "gross_margin": 15.85,
            "gross_margin_4q_avg": 9.48,
            "net_income": -4432,
            "revenue": 778114,
            "common_shares": 1134689,
            "book_valuer_per_share": 24.18,
            "book_valuer_per_share_4q_avg": 24.38,
            "equity": 2706866,
            "current_ratio": 480.04,
            "debt_ratio": 34.28,
            "inventory_turnover_ratio": 1.98,
            "account_receivable_turnover_ratio": 0.73,
            "reinvestment_rate": null,
            "research_to_sale_ratio": 6.46,
            "price_fair": 4.08,
            "eps_avg_yearly": 1.36,
            "eps_latest_yearly": 0.12,
            "eps_growth_yearly": -81.09
        },
        "20144": {
            "year_quarter": 20144,
            "year": 2014,
            "quarter": 4,
            "eps": -0.45,
            "eps_growth_year": null,
            "eps_4q": -1.95,
            "eps_4q_growth_year": null,
            "roe": -1.84,
            "roe_4q": -7.87,
            "gross_profit": 116743,
            "gross_margin": 19.08,
            "gross_margin_4q_avg": 13.58,
            "net_income": -50614,
            "revenue": 611806,
            "common_shares": 1134689,
            "book_valuer_per_share": 24.94,
            "book_valuer_per_share_4q_avg": 24.35,
            "equity": 2792830,
            "current_ratio": 245.54,
            "debt_ratio": 32.87,
            "inventory_turnover_ratio": 1.72,
            "account_receivable_turnover_ratio": 0.65,
            "reinvestment_rate": null,
            "research_to_sale_ratio": 7.33,
            "price_fair": 3.51,
            "eps_avg_yearly": 1.17,
            "eps_latest_yearly": 0.12,
            "eps_growth_yearly": -99.35
        },
        "20151": {
            "year_quarter": 20151,
            "year": 2015,
            "quarter": 1,
            "eps": -0.21,
            "eps_growth_year": null,
            "eps_4q": -1,
            "eps_4q_growth_year": null,
            "roe": -0.86,
            "roe_4q": -4.09,
            "gross_profit": 98058,
            "gross_margin": 17.71,
            "gross_margin_4q_avg": 17.23,
            "net_income": -23719,
            "revenue": 553819,
            "common_shares": 1134689,
            "book_valuer_per_share": 24.33,
            "book_valuer_per_share_4q_avg": 24.29,
            "equity": 2724616,
            "current_ratio": 254.97,
            "debt_ratio": 32.32,
            "inventory_turnover_ratio": 1.66,
            "account_receivable_turnover_ratio": 0.7,
            "reinvestment_rate": null,
            "research_to_sale_ratio": 7.68,
            "price_fair": 3.04,
            "eps_avg_yearly": 1.01,
            "eps_latest_yearly": 0.12,
            "eps_growth_yearly": -101.97
        },
        "20152": {
            "year_quarter": 20152,
            "year": 2015,
            "quarter": 2,
            "eps": -0.56,
            "eps_growth_year": null,
            "eps_4q": -1.27,
            "eps_4q_growth_year": null,
            "roe": -2.35,
            "roe_4q": -5.22,
            "gross_profit": 44431,
            "gross_margin": 8.57,
            "gross_margin_4q_avg": 15.3,
            "net_income": -62968,
            "revenue": 518461,
            "common_shares": 1134689,
            "book_valuer_per_share": 23.49,
            "book_valuer_per_share_4q_avg": 24.24,
            "equity": 2629609,
            "current_ratio": 250.03,
            "debt_ratio": 33.8,
            "inventory_turnover_ratio": 2.02,
            "account_receivable_turnover_ratio": 0.71,
            "reinvestment_rate": null,
            "research_to_sale_ratio": 7.45,
            "price_fair": 2.83,
            "eps_avg_yearly": 0.94,
            "eps_latest_yearly": 0.12,
            "eps_growth_yearly": -93.69
        },
        "20153": {
            "year_quarter": 20153,
            "year": 2015,
            "quarter": 3,
            "eps": 0.41,
            "eps_growth_year": null,
            "eps_4q": -0.83,
            "eps_4q_growth_year": null,
            "roe": 1.69,
            "roe_4q": -3.3600000000000003,
            "gross_profit": 136617,
            "gross_margin": 22.6,
            "gross_margin_4q_avg": 16.99,
            "net_income": 45492,
            "revenue": 604496,
            "common_shares": 1134689,
            "book_valuer_per_share": 24.87,
            "book_valuer_per_share_4q_avg": 24.41,
            "equity": 2766599,
            "current_ratio": 403.3,
            "debt_ratio": 23.28,
            "inventory_turnover_ratio": 2.34,
            "account_receivable_turnover_ratio": 0.76,
            "reinvestment_rate": null,
            "research_to_sale_ratio": 6.32,
            "price_fair": 2.46,
            "eps_avg_yearly": 0.82,
            "eps_latest_yearly": 0.12,
            "eps_growth_yearly": -122.99
        },
        "20154": {
            "year_quarter": 20154,
            "year": 2015,
            "quarter": 4,
            "eps": 0.49,
            "eps_growth_year": null,
            "eps_4q": 0.11,
            "eps_4q_growth_year": null,
            "roe": 1.94,
            "roe_4q": 0.4199999999999998,
            "gross_profit": 163996,
            "gross_margin": 29.52,
            "gross_margin_4q_avg": 19.6,
            "net_income": 53789,
            "revenue": 555468,
            "common_shares": 1134689,
            "book_valuer_per_share": 25.02,
            "book_valuer_per_share_4q_avg": 24.43,
            "equity": 2771379,
            "current_ratio": 388.83,
            "debt_ratio": 24.05,
            "inventory_turnover_ratio": 1.94,
            "account_receivable_turnover_ratio": 0.66,
            "reinvestment_rate": null,
            "research_to_sale_ratio": 7.03,
            "price_fair": 3.14,
            "eps_avg_yearly": 1.05,
            "eps_latest_yearly": 1.96,
            "eps_growth_yearly": -82.79
        },
        "20161": {
            "year_quarter": 20161,
            "year": 2016,
            "quarter": 1,
            "eps": 0.2,
            "eps_growth_year": null,
            "eps_4q": 0.53,
            "eps_4q_growth_year": null,
            "roe": 0.77,
            "roe_4q": 2.0500000000000003,
            "gross_profit": 117784,
            "gross_margin": 26.92,
            "gross_margin_4q_avg": 21.9,
            "net_income": 21025,
            "revenue": 437566,
            "common_shares": 1134689,
            "book_valuer_per_share": 24.78,
            "book_valuer_per_share_4q_avg": 24.54,
            "equity": 2688411,
            "current_ratio": 431.76,
            "debt_ratio": 22.45,
            "inventory_turnover_ratio": 1.59,
            "account_receivable_turnover_ratio": 0.6,
            "reinvestment_rate": null,
            "research_to_sale_ratio": 6.97,
            "price_fair": 3.02,
            "eps_avg_yearly": 1.01,
            "eps_latest_yearly": 0.8,
            "eps_growth_yearly": -108.44
        },
        "20162": {
            "year_quarter": 20162,
            "year": 2016,
            "quarter": 2,
            "eps": 0.36,
            "eps_growth_year": null,
            "eps_4q": 1.47,
            "eps_4q_growth_year": null,
            "roe": 1.48,
            "roe_4q": 5.879999999999999,
            "gross_profit": 119462,
            "gross_margin": 24.84,
            "gross_margin_4q_avg": 25.97,
            "net_income": 39249,
            "revenue": 480968,
            "common_shares": 1134689,
            "book_valuer_per_share": 24.16,
            "book_valuer_per_share_4q_avg": 24.71,
            "equity": 2620671,
            "current_ratio": 382.98,
            "debt_ratio": 25.05,
            "inventory_turnover_ratio": 1.85,
            "account_receivable_turnover_ratio": 0.74,
            "reinvestment_rate": null,
            "research_to_sale_ratio": 6.73,
            "price_fair": 3.2,
            "eps_avg_yearly": 1.07,
            "eps_latest_yearly": 1.44,
            "eps_growth_yearly": -35.81
        },
        "20163": {
            "year_quarter": 20163,
            "year": 2016,
            "quarter": 3,
            "eps": 0.43,
            "eps_growth_year": 4.88,
            "eps_4q": 1.48,
            "eps_4q_growth_year": null,
            "roe": 1.79,
            "roe_4q": 5.98,
            "gross_profit": 156058,
            "gross_margin": 29.2,
            "gross_margin_4q_avg": 27.62,
            "net_income": 46501,
            "revenue": 534440,
            "common_shares": 1134689,
            "book_valuer_per_share": 23.61,
            "book_valuer_per_share_4q_avg": 24.39,
            "equity": 2561393,
            "current_ratio": 344.41,
            "debt_ratio": 27.74,
            "inventory_turnover_ratio": 1.87,
            "account_receivable_turnover_ratio": 0.78,
            "reinvestment_rate": null,
            "research_to_sale_ratio": 6.76,
            "price_fair": 3.24,
            "eps_avg_yearly": 1.08,
            "eps_latest_yearly": 1.72,
            "eps_growth_yearly": -57.42
        },
        "20164": {
            "year_quarter": 20164,
            "year": 2016,
            "quarter": 4,
            "eps": 0.38,
            "eps_growth_year": -22.2,
            "eps_4q": 1.36,
            "eps_4q_growth_year": 1097.94,
            "roe": 1.59,
            "roe_4q": 5.629999999999999,
            "gross_profit": 126779,
            "gross_margin": 26.23,
            "gross_margin_4q_avg": 26.8,
            "net_income": 40988,
            "revenue": 483285,
            "common_shares": 1134689,
            "book_valuer_per_share": 23.94,
            "book_valuer_per_share_4q_avg": 24.12,
            "equity": 2597101,
            "current_ratio": 336.56,
            "debt_ratio": 28.67,
            "inventory_turnover_ratio": 1.6,
            "account_receivable_turnover_ratio": 0.67,
            "reinvestment_rate": null,
            "research_to_sale_ratio": 7.27,
            "price_fair": 3.78,
            "eps_avg_yearly": 1.26,
            "eps_latest_yearly": 1.52,
            "eps_growth_yearly": -16.39
        },
        "20171": {
            "year_quarter": 20171,
            "year": 2017,
            "quarter": 1,
            "eps": 0.15,
            "eps_growth_year": -25,
            "eps_4q": 1.32,
            "eps_4q_growth_year": 150.12,
            "roe": 0.66,
            "roe_4q": 5.52,
            "gross_profit": 99014,
            "gross_margin": 26.09,
            "gross_margin_4q_avg": 26.59,
            "net_income": 16673,
            "revenue": 379443,
            "common_shares": 1134689,
            "book_valuer_per_share": 22.53,
            "book_valuer_per_share_4q_avg": 23.56,
            "equity": 2444668,
            "current_ratio": 348.26,
            "debt_ratio": 28.21,
            "inventory_turnover_ratio": 1.29,
            "account_receivable_turnover_ratio": 0.6,
            "reinvestment_rate": null,
            "research_to_sale_ratio": 7.99,
            "price_fair": 4.02,
            "eps_avg_yearly": 1.34,
            "eps_latest_yearly": 0.6,
            "eps_growth_yearly": -8.25
        },
        "20172": {
            "year_quarter": 20172,
            "year": 2017,
            "quarter": 2,
            "eps": 0.1,
            "eps_growth_year": -72.22,
            "eps_4q": 1.06,
            "eps_4q_growth_year": -28.14,
            "roe": 0.44,
            "roe_4q": 4.48,
            "gross_profit": 116451,
            "gross_margin": 28.05,
            "gross_margin_4q_avg": 27.39,
            "net_income": 10498,
            "revenue": 415088,
            "common_shares": 1134689,
            "book_valuer_per_share": 21.89,
            "book_valuer_per_share_4q_avg": 22.99,
            "equity": 2374695,
            "current_ratio": 292.21,
            "debt_ratio": 32.43,
            "inventory_turnover_ratio": 1.55,
            "account_receivable_turnover_ratio": 0.73,
            "reinvestment_rate": null,
            "research_to_sale_ratio": 7.5,
            "price_fair": 3.62,
            "eps_avg_yearly": 1.21,
            "eps_latest_yearly": 0.4,
            "eps_growth_yearly": -26.12
        },
        "20173": {
            "year_quarter": 20173,
            "year": 2017,
            "quarter": 3,
            "eps": 0.41,
            "eps_growth_year": -4.65,
            "eps_4q": 1.04,
            "eps_4q_growth_year": -29.85,
            "roe": 1.84,
            "roe_4q": 4.53,
            "gross_profit": 136121,
            "gross_margin": 30.19,
            "gross_margin_4q_avg": 27.64,
            "net_income": 44475,
            "revenue": 450821,
            "common_shares": 1134689,
            "book_valuer_per_share": 22.59,
            "book_valuer_per_share_4q_avg": 22.74,
            "equity": 2451024,
            "current_ratio": 293.71,
            "debt_ratio": 32.3,
            "inventory_turnover_ratio": 1.66,
            "account_receivable_turnover_ratio": 0.76,
            "reinvestment_rate": null,
            "research_to_sale_ratio": 8.19,
            "price_fair": 44.1,
            "eps_avg_yearly": 1.26,
            "eps_latest_yearly": 1.64,
            "eps_growth_yearly": 132.14
        },
        "20174": {
            "year_quarter": 20174,
            "year": 2017,
            "quarter": 4,
            "eps": 0.01,
            "eps_growth_year": -96.9,
            "eps_4q": 0.67,
            "eps_4q_growth_year": -50.88,
            "roe": 0.05,
            "roe_4q": 2.99,
            "gross_profit": 118973,
            "gross_margin": 29.9,
            "gross_margin_4q_avg": 28.56,
            "net_income": 1277,
            "revenue": 397891,
            "common_shares": 1139789,
            "book_valuer_per_share": 22.39,
            "book_valuer_per_share_4q_avg": 22.35,
            "equity": 2440109,
            "current_ratio": 302.1,
            "debt_ratio": 31.54,
            "inventory_turnover_ratio": 1.42,
            "account_receivable_turnover_ratio": 0.67,
            "reinvestment_rate": -6134.71,
            "research_to_sale_ratio": 13.28,
            "price_fair": 39.36,
            "eps_avg_yearly": 1.12,
            "eps_latest_yearly": 0.04,
            "eps_growth_yearly": 74.1
        },
        "20181": {
            "year_quarter": 20181,
            "year": 2018,
            "quarter": 1,
            "eps": 2,
            "eps_growth_year": 1233.33,
            "eps_4q": 2.51,
            "eps_4q_growth_year": 89.99,
            "roe": 9.01,
            "roe_4q": 11.34,
            "gross_profit": 104985,
            "gross_margin": 28.14,
            "gross_margin_4q_avg": 29.07,
            "net_income": 216590,
            "revenue": 373045,
            "common_shares": 1139789,
            "book_valuer_per_share": 21.8,
            "book_valuer_per_share_4q_avg": 22.17,
            "equity": 2368526,
            "current_ratio": 341.04,
            "debt_ratio": 27.94,
            "inventory_turnover_ratio": 1.39,
            "account_receivable_turnover_ratio": 0.68,
            "reinvestment_rate": -226.42,
            "research_to_sale_ratio": 11.3,
            "price_fair": 63.42,
            "eps_avg_yearly": 1.81,
            "eps_latest_yearly": 8,
            "eps_growth_yearly": 8026.69
        },
        "20182": {
            "year_quarter": 20182,
            "year": 2018,
            "quarter": 2,
            "eps": 0.49,
            "eps_growth_year": 390,
            "eps_4q": 3.01,
            "eps_4q_growth_year": 185.27,
            "roe": 2.22,
            "roe_4q": 13.120000000000001,
            "gross_profit": 131658,
            "gross_margin": 31.93,
            "gross_margin_4q_avg": 30.04,
            "net_income": 51213,
            "revenue": 412312,
            "common_shares": 1139789,
            "book_valuer_per_share": 21.65,
            "book_valuer_per_share_4q_avg": 22.11,
            "equity": 2251450,
            "current_ratio": 291.37,
            "debt_ratio": 32.23,
            "inventory_turnover_ratio": 1.48,
            "account_receivable_turnover_ratio": 0.75,
            "reinvestment_rate": -154.03,
            "research_to_sale_ratio": 11.32,
            "price_fair": 63.89,
            "eps_avg_yearly": 1.83,
            "eps_latest_yearly": 1.96,
            "eps_growth_yearly": 7269.54
        },
        "20183": {
            "year_quarter": 20183,
            "year": 2018,
            "quarter": 3,
            "eps": 0.8,
            "eps_growth_year": 95.12,
            "eps_4q": 3.3,
            "eps_4q_growth_year": 218.17,
            "roe": 3.66,
            "roe_4q": 14.940000000000001,
            "gross_profit": 179361,
            "gross_margin": 35.55,
            "gross_margin_4q_avg": 31.38,
            "net_income": 84415,
            "revenue": 504465,
            "common_shares": 1092689,
            "book_valuer_per_share": 22.09,
            "book_valuer_per_share_4q_avg": 21.98,
            "equity": 2363613,
            "current_ratio": 334.85,
            "debt_ratio": 28.16,
            "inventory_turnover_ratio": 1.67,
            "account_receivable_turnover_ratio": 0.8,
            "reinvestment_rate": -117.71,
            "research_to_sale_ratio": 7.93,
            "price_fair": 67.9,
            "eps_avg_yearly": 1.94,
            "eps_latest_yearly": 3.2,
            "eps_growth_yearly": 6684.83
        },
        "20184": {
            "year_quarter": 20184,
            "year": 2018,
            "quarter": 4,
            "eps": 0.33,
            "eps_growth_year": 2740.47,
            "eps_4q": 3.77,
            "eps_4q_growth_year": 464.23,
            "roe": 1.46,
            "roe_4q": 16.35,
            "gross_profit": 150580,
            "gross_margin": 34.15,
            "gross_margin_4q_avg": 32.44,
            "net_income": 34054,
            "revenue": 440992,
            "common_shares": 1101839,
            "book_valuer_per_share": 22.44,
            "book_valuer_per_share_4q_avg": 22,
            "equity": 2295831,
            "current_ratio": 295.77,
            "debt_ratio": 30.18,
            "inventory_turnover_ratio": 1.33,
            "account_receivable_turnover_ratio": 0.65,
            "reinvestment_rate": -89.83,
            "research_to_sale_ratio": 10.04,
            "price_fair": 66.23,
            "eps_avg_yearly": 1.89,
            "eps_latest_yearly": 1.32,
            "eps_growth_yearly": 6152.54
        },
        "20191": {
            "year_quarter": 20191,
            "year": 2019,
            "quarter": 1,
            "eps": 0.12,
            "eps_growth_year": -94,
            "eps_4q": 1.73,
            "eps_4q_growth_year": -31.22,
            "roe": 0.52,
            "roe_4q": 7.860000000000001,
            "gross_profit": 128435,
            "gross_margin": 33.35,
            "gross_margin_4q_avg": 33.75,
            "net_income": 12298,
            "revenue": 385083,
            "common_shares": 1093539,
            "book_valuer_per_share": 23.15,
            "book_valuer_per_share_4q_avg": 22.33,
            "equity": 2439351,
            "current_ratio": 337.44,
            "debt_ratio": 26.68,
            "inventory_turnover_ratio": 1.13,
            "account_receivable_turnover_ratio": 0.61,
            "reinvestment_rate": -68.66,
            "research_to_sale_ratio": 12.3,
            "price_fair": 62.7,
            "eps_avg_yearly": 1.79,
            "eps_latest_yearly": 0.48,
            "eps_growth_yearly": 5694.89
        },
        "20192": {
            "year_quarter": 20192,
            "year": 2019,
            "quarter": 2,
            "eps": 0.1,
            "eps_growth_year": -79.59,
            "eps_4q": 1.34,
            "eps_4q_growth_year": -55.71,
            "roe": 0.51,
            "roe_4q": 6.15,
            "gross_profit": 99880,
            "gross_margin": 26,
            "gross_margin_4q_avg": 32.26,
            "net_income": 9886,
            "revenue": 384180,
            "common_shares": 1053389,
            "book_valuer_per_share": 13.45,
            "book_valuer_per_share_4q_avg": 20.28,
            "equity": 1416497,
            "current_ratio": 127.55,
            "debt_ratio": 60.37,
            "inventory_turnover_ratio": 1.34,
            "account_receivable_turnover_ratio": 0.66,
            "reinvestment_rate": -45.11,
            "research_to_sale_ratio": 13.04,
            "price_fair": 59.45,
            "eps_avg_yearly": 1.7,
            "eps_latest_yearly": 0.4,
            "eps_growth_yearly": 5310.78
        },
        "20193": {
            "year_quarter": 20193,
            "year": 2019,
            "quarter": 3,
            "eps": 0.22,
            "eps_growth_year": -72.5,
            "eps_4q": 1.35,
            "eps_4q_growth_year": -59.13,
            "roe": 1.29,
            "roe_4q": 3.7800000000000002,
            "gross_profit": 119969,
            "gross_margin": 28.51,
            "gross_margin_4q_avg": 30.5,
            "net_income": 14876,
            "revenue": 420861,
            "common_shares": 526694,
            "book_valuer_per_share": 16.85,
            "book_valuer_per_share_4q_avg": 18.97,
            "equity": 887291,
            "current_ratio": 115.71,
            "debt_ratio": 67.96,
            "inventory_turnover_ratio": 1.47,
            "account_receivable_turnover_ratio": 0.73,
            "reinvestment_rate": -41.84,
            "research_to_sale_ratio": 13.2,
            "price_fair": 57.66,
            "eps_avg_yearly": 1.65,
            "eps_latest_yearly": 0.88,
            "eps_growth_yearly": 5008.86
        },
        "20194": {
            "year_quarter": 20194,
            "year": 2019,
            "quarter": 4,
            "eps": -0.06,
            "eps_growth_year": -117.74,
            "eps_4q": 0.64,
            "eps_4q_growth_year": -82.92,
            "roe": -0.37,
            "roe_4q": 1.9500000000000002,
            "gross_profit": 103998,
            "gross_margin": 27.46,
            "gross_margin_4q_avg": 28.83,
            "net_income": -3109,
            "revenue": 378758,
            "common_shares": 526694,
            "book_valuer_per_share": 15.34,
            "book_valuer_per_share_4q_avg": 17.2,
            "equity": 807845,
            "current_ratio": 116.12,
            "debt_ratio": 59.92,
            "inventory_turnover_ratio": 1.28,
            "account_receivable_turnover_ratio": 0.67,
            "reinvestment_rate": -33.57,
            "research_to_sale_ratio": 12.58,
            "price_fair": 56.93,
            "eps_avg_yearly": 1.63,
            "eps_latest_yearly": 0.88,
            "eps_growth_yearly": 5337.58
        },
        "20201": {
            "year_quarter": 20201,
            "year": 2020,
            "quarter": 1,
            "eps": -0.4,
            "eps_growth_year": -433.33,
            "eps_4q": 0.02,
            "eps_4q_growth_year": -99.05,
            "roe": -2.61,
            "roe_4q": -1.18,
            "gross_profit": 73639,
            "gross_margin": 21.54,
            "gross_margin_4q_avg": 25.88,
            "net_income": -20785,
            "revenue": 341832,
            "common_shares": 526694,
            "book_valuer_per_share": 14.95,
            "book_valuer_per_share_4q_avg": 15.15,
            "equity": 787573,
            "current_ratio": 112.62,
            "debt_ratio": 59.46,
            "inventory_turnover_ratio": 1.29,
            "account_receivable_turnover_ratio": 0.65,
            "reinvestment_rate": -27.4,
            "research_to_sale_ratio": 12.28,
            "price_fair": 59,
            "eps_avg_yearly": 1.69,
            "eps_latest_yearly": 0.88,
            "eps_growth_yearly": 5735.75
        },
        "20202": {
            "year_quarter": 20202,
            "year": 2020,
            "quarter": 2,
            "eps": 1.26,
            "eps_growth_year": 1160,
            "eps_4q": 1.08,
            "eps_4q_growth_year": -19.09,
            "roe": 8.33,
            "roe_4q": 6.640000000000001,
            "gross_profit": 168905,
            "gross_margin": 32.53,
            "gross_margin_4q_avg": 27.51,
            "net_income": 65916,
            "revenue": 519295,
            "common_shares": 526694,
            "book_valuer_per_share": 15.09,
            "book_valuer_per_share_4q_avg": 15.56,
            "equity": 794933,
            "current_ratio": 115.16,
            "debt_ratio": 60.87,
            "inventory_turnover_ratio": 1.68,
            "account_receivable_turnover_ratio": 0.88,
            "reinvestment_rate": -17.93,
            "research_to_sale_ratio": 7.84,
            "price_fair": 59.66,
            "eps_avg_yearly": 1.7,
            "eps_latest_yearly": 0.88,
            "eps_growth_yearly": 6152.34
        },
        "20203": {
            "year_quarter": 20203,
            "year": 2020,
            "quarter": 3,
            "eps": 1.21,
            "eps_growth_year": 450,
            "eps_4q": 2,
            "eps_4q_growth_year": 48.31,
            "roe": 7.69,
            "roe_4q": 13.040000000000001,
            "gross_profit": 183245,
            "gross_margin": 29.88,
            "gross_margin_4q_avg": 27.85,
            "net_income": 63448,
            "revenue": 613209,
            "common_shares": 526694,
            "book_valuer_per_share": 16.22,
            "book_valuer_per_share_4q_avg": 15.4,
            "equity": 854176,
            "current_ratio": 116.41,
            "debt_ratio": 61.93,
            "inventory_turnover_ratio": 1.75,
            "account_receivable_turnover_ratio": 0.83,
            "reinvestment_rate": -4.62,
            "research_to_sale_ratio": 7.61,
            "price_fair": 68.06,
            "eps_avg_yearly": 1.94,
            "eps_latest_yearly": 4.84,
            "eps_growth_yearly": 6145.14
        },
        "20204": {
            "year_quarter": 20204,
            "year": 2020,
            "quarter": 4,
            "eps": 0.51,
            "eps_growth_year": null,
            "eps_4q": 2.53,
            "eps_4q_growth_year": 293.21,
            "roe": 3.13,
            "roe_4q": 16.54,
            "gross_profit": 158329,
            "gross_margin": 28.28,
            "gross_margin_4q_avg": 28.06,
            "net_income": 27411,
            "revenue": 559768,
            "common_shares": 536519,
            "book_valuer_per_share": 16.7,
            "book_valuer_per_share_4q_avg": 15.74,
            "equity": 895952,
            "current_ratio": 111.91,
            "debt_ratio": 61.65,
            "inventory_turnover_ratio": 1.43,
            "account_receivable_turnover_ratio": 0.7,
            "reinvestment_rate": 11.48,
            "research_to_sale_ratio": 9.39,
            "price_fair": 69.46,
            "eps_avg_yearly": 1.98,
            "eps_latest_yearly": 2.04,
            "eps_growth_yearly": 6130.91
        },
        "20211": {
            "year_quarter": 20211,
            "year": 2021,
            "quarter": 1,
            "eps": 0.63,
            "eps_growth_year": null,
            "eps_4q": 3.54,
            "eps_4q_growth_year": 21375.86,
            "roe": 3.63,
            "roe_4q": 22.78,
            "gross_profit": 147965,
            "gross_margin": 27.18,
            "gross_margin_4q_avg": 29.47,
            "net_income": 33111,
            "revenue": 544382,
            "common_shares": 536519,
            "book_valuer_per_share": 17.31,
            "book_valuer_per_share_4q_avg": 16.33,
            "equity": 928919,
            "current_ratio": 114.2,
            "debt_ratio": 59.49,
            "inventory_turnover_ratio": 1.3,
            "account_receivable_turnover_ratio": 0.69,
            "reinvestment_rate": 19.81,
            "research_to_sale_ratio": 9.06,
            "price_fair": 74.63,
            "eps_avg_yearly": 2.13,
            "eps_latest_yearly": 2.52,
            "eps_growth_yearly": 6156.78
        },
        "20212": {
            "year_quarter": 20212,
            "year": 2021,
            "quarter": 2,
            "eps": 1.52,
            "eps_growth_year": 20.63,
            "eps_4q": 3.79,
            "eps_4q_growth_year": 251.24,
            "roe": 8.3,
            "roe_4q": 22.75,
            "gross_profit": 198884,
            "gross_margin": 33.32,
            "gross_margin_4q_avg": 29.67,
            "net_income": 79609,
            "revenue": 596874,
            "common_shares": 536519,
            "book_valuer_per_share": 18.43,
            "book_valuer_per_share_4q_avg": 17.17,
            "equity": 988597,
            "current_ratio": 116.21,
            "debt_ratio": 58.12,
            "inventory_turnover_ratio": 1.19,
            "account_receivable_turnover_ratio": 0.75,
            "reinvestment_rate": 16.66,
            "research_to_sale_ratio": 8.72,
            "price_fair": 89.92,
            "eps_avg_yearly": 2.57,
            "eps_latest_yearly": 6.08,
            "eps_growth_yearly": 6210.5
        },
        "20213": {
            "year_quarter": 20213,
            "year": 2021,
            "quarter": 3,
            "eps": 0.75,
            "eps_growth_year": -38.02,
            "eps_4q": 3.34,
            "eps_4q_growth_year": 66.99,
            "roe": 3.97,
            "roe_4q": 19.03,
            "gross_profit": 160793,
            "gross_margin": 29.29,
            "gross_margin_4q_avg": 29.52,
            "net_income": 39269,
            "revenue": 548931,
            "common_shares": 536479,
            "book_valuer_per_share": 18.48,
            "book_valuer_per_share_4q_avg": 17.73,
            "equity": 991381,
            "current_ratio": 112.84,
            "debt_ratio": 57.32,
            "inventory_turnover_ratio": 1.12,
            "account_receivable_turnover_ratio": 0.69,
            "reinvestment_rate": 15.4,
            "research_to_sale_ratio": 9.17,
            "price_fair": 93.58,
            "eps_avg_yearly": 2.67,
            "eps_latest_yearly": 3,
            "eps_growth_yearly": 6099.53
        },
        "20214": {
            "year_quarter": 20214,
            "year": 2021,
            "quarter": 4,
            "eps": 0.18,
            "eps_growth_year": -64.43,
            "eps_4q": 2.94,
            "eps_4q_growth_year": 16.1,
            "roe": 1.01,
            "roe_4q": 16.91,
            "gross_profit": 134140,
            "gross_margin": 26.48,
            "gross_margin_4q_avg": 29.07,
            "net_income": 10004,
            "revenue": 506534,
            "common_shares": 550479,
            "book_valuer_per_share": 17.97,
            "book_valuer_per_share_4q_avg": 18.05,
            "equity": 989399,
            "current_ratio": 115.77,
            "debt_ratio": 57.79,
            "inventory_turnover_ratio": 1.09,
            "account_receivable_turnover_ratio": 0.66,
            "reinvestment_rate": 18.5,
            "research_to_sale_ratio": 10.69,
            "price_fair": 95.42,
            "eps_avg_yearly": 2.73,
            "eps_latest_yearly": 0.72,
            "eps_growth_yearly": 6106.16
        },
        "20221": {
            "year_quarter": 20221,
            "year": 2022,
            "quarter": 1,
            "eps": 0.51,
            "eps_growth_year": -19.05,
            "eps_4q": 2.84,
            "eps_4q_growth_year": -19.87,
            "roe": 2.62,
            "roe_4q": 15.9,
            "gross_profit": 148150,
            "gross_margin": 26.23,
            "gross_margin_4q_avg": 28.83,
            "net_income": 27230,
            "revenue": 564899,
            "common_shares": 550479,
            "book_valuer_per_share": 19.8,
            "book_valuer_per_share_4q_avg": 18.67,
            "equity": 1089991,
            "current_ratio": 122.82,
            "debt_ratio": 54.74,
            "inventory_turnover_ratio": 1.21,
            "account_receivable_turnover_ratio": 0.73,
            "reinvestment_rate": 25.7,
            "research_to_sale_ratio": 9.31,
            "price_fair": 79.37,
            "eps_avg_yearly": 2.27,
            "eps_latest_yearly": 2.04,
            "eps_growth_yearly": 39.5
        },
        "20222": {
            "year_quarter": 20222,
            "year": 2022,
            "quarter": 2,
            "eps": 1.05,
            "eps_growth_year": -30.92,
            "eps_4q": 2.4,
            "eps_4q_growth_year": -36.63,
            "roe": 5.1,
            "roe_4q": 12.700000000000001,
            "gross_profit": 166310,
            "gross_margin": 30.64,
            "gross_margin_4q_avg": 28.16,
            "net_income": 55857,
            "revenue": 542843,
            "common_shares": 550479,
            "book_valuer_per_share": 19.96,
            "book_valuer_per_share_4q_avg": 19.05,
            "equity": 1098666,
            "current_ratio": 122.46,
            "debt_ratio": 54.97,
            "inventory_turnover_ratio": 1.04,
            "account_receivable_turnover_ratio": 0.67,
            "reinvestment_rate": 23.52,
            "research_to_sale_ratio": 9.92,
            "price_fair": 85.4,
            "eps_avg_yearly": 2.44,
            "eps_latest_yearly": 4.2,
            "eps_growth_yearly": 95.31
        },
        "20223": {
            "year_quarter": 20223,
            "year": 2022,
            "quarter": 3,
            "eps": 0.04,
            "eps_growth_year": -94.67,
            "eps_4q": 1.72,
            "eps_4q_growth_year": -48.42,
            "roe": 0.16,
            "roe_4q": 8.89,
            "gross_profit": 104795,
            "gross_margin": 22.63,
            "gross_margin_4q_avg": 26.5,
            "net_income": 1854,
            "revenue": 463133,
            "common_shares": 550479,
            "book_valuer_per_share": 21.11,
            "book_valuer_per_share_4q_avg": 19.71,
            "equity": 1162063,
            "current_ratio": 133.93,
            "debt_ratio": 48.58,
            "inventory_turnover_ratio": 1.06,
            "account_receivable_turnover_ratio": 0.61,
            "reinvestment_rate": 33.49,
            "research_to_sale_ratio": 10.78,
            "price_fair": 77.22,
            "eps_avg_yearly": 2.21,
            "eps_latest_yearly": 0.16,
            "eps_growth_yearly": 46.24
        },
        "20224": {
            "year_quarter": 20224,
            "year": 2022,
            "quarter": 4,
            "eps": -0.38,
            "eps_growth_year": -311.08,
            "eps_4q": 1.16,
            "eps_4q_growth_year": -60.6,
            "roe": -1.87,
            "roe_4q": 6.01,
            "gross_profit": 75447,
            "gross_margin": 19.63,
            "gross_margin_4q_avg": 24.78,
            "net_income": -21117,
            "revenue": 384388,
            "common_shares": 550479,
            "book_valuer_per_share": 19.92,
            "book_valuer_per_share_4q_avg": 20.2,
            "equity": 1096736,
            "current_ratio": 129.04,
            "debt_ratio": 48.38,
            "inventory_turnover_ratio": 1.17,
            "account_receivable_turnover_ratio": 0.61,
            "reinvestment_rate": 31.82,
            "research_to_sale_ratio": 13.23,
            "price_fair": 79.8,
            "eps_avg_yearly": 2.28,
            "eps_latest_yearly": 0.16,
            "eps_growth_yearly": 69.68
        },
        "20231": {
            "year_quarter": 20231,
            "year": 2023,
            "quarter": 1,
            "eps": -0.22,
            "eps_growth_year": -143.14,
            "eps_4q": 0.45,
            "eps_4q_growth_year": -84.01,
            "roe": -1.06,
            "roe_4q": 2.3299999999999996,
            "gross_profit": 90419,
            "gross_margin": 23.27,
            "gross_margin_4q_avg": 24.04,
            "net_income": -11639,
            "revenue": 388486,
            "common_shares": 550479,
            "book_valuer_per_share": 19.82,
            "book_valuer_per_share_4q_avg": 20.2,
            "equity": 1090942,
            "current_ratio": 129.51,
            "debt_ratio": 47.32,
            "inventory_turnover_ratio": 1.25,
            "account_receivable_turnover_ratio": 0.71,
            "reinvestment_rate": 21.99,
            "research_to_sale_ratio": 12.73,
            "price_fair": 85.53,
            "eps_avg_yearly": 2.44,
            "eps_latest_yearly": 0.16,
            "eps_growth_yearly": 99.16
        },
        "20232": {
            "year_quarter": 20232,
            "year": 2023,
            "quarter": 2,
            "eps": 1.12,
            "eps_growth_year": 6.67,
            "eps_4q": 0.52,
            "eps_4q_growth_year": -78.18,
            "roe": 5.53,
            "roe_4q": 2.7600000000000007,
            "gross_profit": 151833,
            "gross_margin": 32.39,
            "gross_margin_4q_avg": 24.48,
            "net_income": 59788,
            "revenue": 468771,
            "common_shares": 550479,
            "book_valuer_per_share": 19.47,
            "book_valuer_per_share_4q_avg": 20.08,
            "equity": 1071935,
            "current_ratio": 124.28,
            "debt_ratio": 50.72,
            "inventory_turnover_ratio": 1.31,
            "account_receivable_turnover_ratio": 0.8,
            "reinvestment_rate": 6.28,
            "research_to_sale_ratio": 10.93,
            "price_fair": 92.68,
            "eps_avg_yearly": 2.65,
            "eps_latest_yearly": 0.16,
            "eps_growth_yearly": 115.74
        }
    },
    "months": {
        "2002-02": {
            "month": "2002-02",
            "price": "60.03",
            "revenue": 87479
        },
        "2002-03": {
            "month": "2002-03",
            "price": "131.67",
            "revenue": 102209
        },
        "2002-04": {
            "month": "2002-04",
            "price": "147.36",
            "revenue": 105347
        },
        "2002-05": {
            "month": "2002-05",
            "price": "122.16",
            "revenue": 88752
        },
        "2002-06": {
            "month": "2002-06",
            "price": "97.32",
            "revenue": 81143
        },
        "2002-07": {
            "month": "2002-07",
            "price": "83.35",
            "revenue": 74866
        },
        "2002-08": {
            "month": "2002-08",
            "price": "101.50",
            "revenue": 86538
        },
        "2002-09": {
            "month": "2002-09",
            "price": "95.48",
            "revenue": 104157
        },
        "2002-10": {
            "month": "2002-10",
            "price": "83.48",
            "revenue": 109799
        },
        "2002-11": {
            "month": "2002-11",
            "price": "81.19",
            "revenue": 107231
        },
        "2002-12": {
            "month": "2002-12",
            "price": "76.05",
            "revenue": 90666
        },
        "2003-01": {
            "month": "2003-01",
            "price": "70.13",
            "revenue": 106794
        },
        "2003-02": {
            "month": "2003-02",
            "price": "67.97",
            "revenue": 90420
        },
        "2003-03": {
            "month": "2003-03",
            "price": "56.43",
            "revenue": 97714
        },
        "2003-04": {
            "month": "2003-04",
            "price": "53.99",
            "revenue": 94715
        },
        "2003-05": {
            "month": "2003-05",
            "price": "57.07",
            "revenue": 86325
        },
        "2003-06": {
            "month": "2003-06",
            "price": "65.60",
            "revenue": 84421
        },
        "2003-07": {
            "month": "2003-07",
            "price": "63.96",
            "revenue": 97128
        },
        "2003-08": {
            "month": "2003-08",
            "price": "61.31",
            "revenue": 124133
        },
        "2003-09": {
            "month": "2003-09",
            "price": "59.26",
            "revenue": 133448
        },
        "2003-10": {
            "month": "2003-10",
            "price": "58.32",
            "revenue": 138664
        },
        "2003-11": {
            "month": "2003-11",
            "price": "59.52",
            "revenue": 134448
        },
        "2003-12": {
            "month": "2003-12",
            "price": "65.41",
            "revenue": 129437
        },
        "2004-01": {
            "month": "2004-01",
            "price": "66.57",
            "revenue": 107926
        },
        "2004-02": {
            "month": "2004-02",
            "price": "68.98",
            "revenue": 119929
        },
        "2004-03": {
            "month": "2004-03",
            "price": "65.50",
            "revenue": 141311
        },
        "2004-04": {
            "month": "2004-04",
            "price": "65.73",
            "revenue": 129335
        },
        "2004-05": {
            "month": "2004-05",
            "price": "58.83",
            "revenue": 128541
        },
        "2004-06": {
            "month": "2004-06",
            "price": "56.67",
            "revenue": 109740
        },
        "2004-07": {
            "month": "2004-07",
            "price": "57.11",
            "revenue": 128328
        },
        "2004-08": {
            "month": "2004-08",
            "price": "45.84",
            "revenue": 126079
        },
        "2004-09": {
            "month": "2004-09",
            "price": "42.92",
            "revenue": 141557
        },
        "2004-10": {
            "month": "2004-10",
            "price": "39.36",
            "revenue": 144328
        },
        "2004-11": {
            "month": "2004-11",
            "price": "29.31",
            "revenue": 143636
        },
        "2004-12": {
            "month": "2004-12",
            "price": "26.00",
            "revenue": 135293
        },
        "2005-01": {
            "month": "2005-01",
            "price": "25.71",
            "revenue": 153277
        },
        "2005-02": {
            "month": "2005-02",
            "price": "27.34",
            "revenue": 121173
        },
        "2005-03": {
            "month": "2005-03",
            "price": "28.75",
            "revenue": 169875
        },
        "2005-04": {
            "month": "2005-04",
            "price": "35.34",
            "revenue": 162729
        },
        "2005-05": {
            "month": "2005-05",
            "price": "41.33",
            "revenue": 158828
        },
        "2005-06": {
            "month": "2005-06",
            "price": "47.87",
            "revenue": 167108
        },
        "2005-07": {
            "month": "2005-07",
            "price": "56.72",
            "revenue": 173875
        },
        "2005-08": {
            "month": "2005-08",
            "price": "61.86",
            "revenue": 349836
        },
        "2005-09": {
            "month": "2005-09",
            "price": "49.07",
            "revenue": 428643
        },
        "2005-10": {
            "month": "2005-10",
            "price": "38.76",
            "revenue": 397978
        },
        "2005-11": {
            "month": "2005-11",
            "price": "40.17",
            "revenue": 363912
        },
        "2005-12": {
            "month": "2005-12",
            "price": "46.77",
            "revenue": 299947
        },
        "2006-01": {
            "month": "2006-01",
            "price": "43.68",
            "revenue": 295647
        },
        "2006-02": {
            "month": "2006-02",
            "price": "47.60",
            "revenue": 309634
        },
        "2006-03": {
            "month": "2006-03",
            "price": "50.44",
            "revenue": 310365
        },
        "2006-04": {
            "month": "2006-04",
            "price": "52.33",
            "revenue": 284554
        },
        "2006-05": {
            "month": "2006-05",
            "price": "48.32",
            "revenue": 237239
        },
        "2006-06": {
            "month": "2006-06",
            "price": "38.49",
            "revenue": 212029
        },
        "2006-07": {
            "month": "2006-07",
            "price": "36.27",
            "revenue": 283158
        },
        "2006-08": {
            "month": "2006-08",
            "price": "34.79",
            "revenue": 354297
        },
        "2006-09": {
            "month": "2006-09",
            "price": "31.71",
            "revenue": 391638
        },
        "2006-10": {
            "month": "2006-10",
            "price": "33.96",
            "revenue": 373352
        },
        "2006-11": {
            "month": "2006-11",
            "price": "32.71",
            "revenue": 317602
        },
        "2006-12": {
            "month": "2006-12",
            "price": "33.12",
            "revenue": 256503
        },
        "2007-01": {
            "month": "2007-01",
            "price": "37.05",
            "revenue": 297107
        },
        "2007-02": {
            "month": "2007-02",
            "price": "37.19",
            "revenue": 218625
        },
        "2007-03": {
            "month": "2007-03",
            "price": "35.24",
            "revenue": 296777
        },
        "2007-04": {
            "month": "2007-04",
            "price": "38.32",
            "revenue": 327438
        },
        "2007-05": {
            "month": "2007-05",
            "price": "38.11",
            "revenue": 335207
        },
        "2007-06": {
            "month": "2007-06",
            "price": "41.96",
            "revenue": 349722
        },
        "2007-07": {
            "month": "2007-07",
            "price": "49.37",
            "revenue": 376541
        },
        "2007-08": {
            "month": "2007-08",
            "price": "68.83",
            "revenue": 397642
        },
        "2007-09": {
            "month": "2007-09",
            "price": "76.09",
            "revenue": 418922
        },
        "2007-10": {
            "month": "2007-10",
            "price": "65.97",
            "revenue": 386806
        },
        "2007-11": {
            "month": "2007-11",
            "price": "46.24",
            "revenue": 353901
        },
        "2007-12": {
            "month": "2007-12",
            "price": "38.11",
            "revenue": 327012
        },
        "2008-01": {
            "month": "2008-01",
            "price": "33.22",
            "revenue": 372488
        },
        "2008-02": {
            "month": "2008-02",
            "price": "32.76",
            "revenue": 299051
        },
        "2008-03": {
            "month": "2008-03",
            "price": "36.68",
            "revenue": 425214
        },
        "2008-04": {
            "month": "2008-04",
            "price": "38.99",
            "revenue": 497112
        },
        "2008-05": {
            "month": "2008-05",
            "price": "47.71",
            "revenue": 429413
        },
        "2008-06": {
            "month": "2008-06",
            "price": "40.72",
            "revenue": 435587
        },
        "2008-07": {
            "month": "2008-07",
            "price": "39.77",
            "revenue": 456352
        },
        "2008-08": {
            "month": "2008-08",
            "price": "42.50",
            "revenue": 487973
        },
        "2008-09": {
            "month": "2008-09",
            "price": "32.55",
            "revenue": 572238
        },
        "2008-10": {
            "month": "2008-10",
            "price": "29.12",
            "revenue": 463228
        },
        "2008-11": {
            "month": "2008-11",
            "price": "22.24",
            "revenue": 281054
        },
        "2008-12": {
            "month": "2008-12",
            "price": "18.00",
            "revenue": 231426
        },
        "2009-01": {
            "month": "2009-01",
            "price": "19.00",
            "revenue": 238492
        },
        "2009-02": {
            "month": "2009-02",
            "price": "20.49",
            "revenue": 319160
        },
        "2009-03": {
            "month": "2009-03",
            "price": "23.33",
            "revenue": 398015
        },
        "2009-04": {
            "month": "2009-04",
            "price": "26.31",
            "revenue": 432304
        },
        "2009-05": {
            "month": "2009-05",
            "price": "32.12",
            "revenue": 374885
        },
        "2009-06": {
            "month": "2009-06",
            "price": "29.67",
            "revenue": 396971
        },
        "2009-07": {
            "month": "2009-07",
            "price": "34.27",
            "revenue": 470338
        },
        "2009-08": {
            "month": "2009-08",
            "price": "46.42",
            "revenue": 503765
        },
        "2009-09": {
            "month": "2009-09",
            "price": "59.00",
            "revenue": 520650
        },
        "2009-10": {
            "month": "2009-10",
            "price": "58.10",
            "revenue": 420469
        },
        "2009-11": {
            "month": "2009-11",
            "price": "58.86",
            "revenue": 421558
        },
        "2009-12": {
            "month": "2009-12",
            "price": "66.93",
            "revenue": 468421
        },
        "2010-01": {
            "month": "2010-01",
            "price": "69.37",
            "revenue": 490053
        },
        "2010-02": {
            "month": "2010-02",
            "price": "61.83",
            "revenue": 377634
        },
        "2010-03": {
            "month": "2010-03",
            "price": "65.30",
            "revenue": 565193
        },
        "2010-04": {
            "month": "2010-04",
            "price": "68.35",
            "revenue": 521403
        },
        "2010-05": {
            "month": "2010-05",
            "price": "58.65",
            "revenue": 438545
        },
        "2010-06": {
            "month": "2010-06",
            "price": "54.82",
            "revenue": 388046
        },
        "2010-07": {
            "month": "2010-07",
            "price": "53.16",
            "revenue": 402828
        },
        "2010-08": {
            "month": "2010-08",
            "price": "46.88",
            "revenue": 400584
        },
        "2010-09": {
            "month": "2010-09",
            "price": "44.11",
            "revenue": 396829
        },
        "2010-10": {
            "month": "2010-10",
            "price": "43.14",
            "revenue": 333249
        },
        "2010-11": {
            "month": "2010-11",
            "price": "38.45",
            "revenue": 400635
        },
        "2010-12": {
            "month": "2010-12",
            "price": "42.02",
            "revenue": 436636
        },
        "2011-01": {
            "month": "2011-01",
            "price": "40.77",
            "revenue": 394553
        },
        "2011-02": {
            "month": "2011-02",
            "price": "39.01",
            "revenue": 272388
        },
        "2011-03": {
            "month": "2011-03",
            "price": "36.40",
            "revenue": 420361
        },
        "2011-04": {
            "month": "2011-04",
            "price": "34.56",
            "revenue": 365279
        },
        "2011-05": {
            "month": "2011-05",
            "price": "37.56",
            "revenue": 369478
        },
        "2011-06": {
            "month": "2011-06",
            "price": "35.74",
            "revenue": 377920
        },
        "2011-07": {
            "month": "2011-07",
            "price": "30.76",
            "revenue": 363605
        },
        "2011-08": {
            "month": "2011-08",
            "price": "23.16",
            "revenue": 402015
        },
        "2011-09": {
            "month": "2011-09",
            "price": "21.60",
            "revenue": 384769
        },
        "2011-10": {
            "month": "2011-10",
            "price": "22.27",
            "revenue": 315125
        },
        "2011-11": {
            "month": "2011-11",
            "price": "20.22",
            "revenue": 351773
        },
        "2011-12": {
            "month": "2011-12",
            "price": "17.64",
            "revenue": 320283
        },
        "2012-01": {
            "month": "2012-01",
            "price": "18.81",
            "revenue": 280612
        },
        "2012-02": {
            "month": "2012-02",
            "price": "22.83",
            "revenue": 326059
        },
        "2012-03": {
            "month": "2012-03",
            "price": "22.53",
            "revenue": 374323
        },
        "2012-04": {
            "month": "2012-04",
            "price": "18.89",
            "revenue": 342724
        },
        "2012-05": {
            "month": "2012-05",
            "price": "18.85",
            "revenue": 333215
        },
        "2012-06": {
            "month": "2012-06",
            "price": "18.10",
            "revenue": 277904
        },
        "2012-07": {
            "month": "2012-07",
            "price": "17.54",
            "revenue": 341142
        },
        "2012-08": {
            "month": "2012-08",
            "price": "17.48",
            "revenue": 355751
        },
        "2012-09": {
            "month": "2012-09",
            "price": "18.34",
            "revenue": 349824
        },
        "2012-10": {
            "month": "2012-10",
            "price": "16.81",
            "revenue": 276988
        },
        "2012-11": {
            "month": "2012-11",
            "price": "16.00",
            "revenue": 275189
        },
        "2012-12": {
            "month": "2012-12",
            "price": "16.74",
            "revenue": 282464
        },
        "2013-01": {
            "month": "2013-01",
            "price": "17.53",
            "revenue": 307488
        },
        "2013-02": {
            "month": "2013-02",
            "price": "17.23",
            "revenue": 232510
        },
        "2013-03": {
            "month": "2013-03",
            "price": "17.32",
            "revenue": 310574
        },
        "2013-04": {
            "month": "2013-04",
            "price": "16.70",
            "revenue": 315221
        },
        "2013-05": {
            "month": "2013-05",
            "price": "17.08",
            "revenue": 318105
        },
        "2013-06": {
            "month": "2013-06",
            "price": "16.52",
            "revenue": 265659
        },
        "2013-07": {
            "month": "2013-07",
            "price": "15.39",
            "revenue": 323083
        },
        "2013-08": {
            "month": "2013-08",
            "price": "14.45",
            "revenue": 266722
        },
        "2013-09": {
            "month": "2013-09",
            "price": "14.24",
            "revenue": 285633
        },
        "2013-10": {
            "month": "2013-10",
            "price": "14.50",
            "revenue": 244946
        },
        "2013-11": {
            "month": "2013-11",
            "price": "12.84",
            "revenue": 277418
        },
        "2013-12": {
            "month": "2013-12",
            "price": "13.07",
            "revenue": 278182
        },
        "2014-01": {
            "month": "2014-01",
            "price": "14.82",
            "revenue": 256019
        },
        "2014-02": {
            "month": "2014-02",
            "price": "15.20",
            "revenue": 184404
        },
        "2014-03": {
            "month": "2014-03",
            "price": "15.17",
            "revenue": 240010
        },
        "2014-04": {
            "month": "2014-04",
            "price": "14.48",
            "revenue": 303970
        },
        "2014-05": {
            "month": "2014-05",
            "price": "13.99",
            "revenue": 275476
        },
        "2014-06": {
            "month": "2014-06",
            "price": "14.28",
            "revenue": 256902
        },
        "2014-07": {
            "month": "2014-07",
            "price": "14.61",
            "revenue": 277518
        },
        "2014-08": {
            "month": "2014-08",
            "price": "14.00",
            "revenue": 245526
        },
        "2014-09": {
            "month": "2014-09",
            "price": "14.01",
            "revenue": 251707
        },
        "2014-10": {
            "month": "2014-10",
            "price": "13.49",
            "revenue": 206506
        },
        "2014-11": {
            "month": "2014-11",
            "price": "12.59",
            "revenue": 206496
        },
        "2014-12": {
            "month": "2014-12",
            "price": "12.74",
            "revenue": 201513
        },
        "2015-01": {
            "month": "2015-01",
            "price": "12.98",
            "revenue": 212105
        },
        "2015-02": {
            "month": "2015-02",
            "price": "13.36",
            "revenue": 149029
        },
        "2015-03": {
            "month": "2015-03",
            "price": "13.23",
            "revenue": 191420
        },
        "2015-04": {
            "month": "2015-04",
            "price": "12.76",
            "revenue": 184907
        },
        "2015-05": {
            "month": "2015-05",
            "price": "12.38",
            "revenue": 159051
        },
        "2015-06": {
            "month": "2015-06",
            "price": "11.14",
            "revenue": 174516
        },
        "2015-07": {
            "month": "2015-07",
            "price": "10.14",
            "revenue": 181862
        },
        "2015-08": {
            "month": "2015-08",
            "price": "8.49",
            "revenue": 211162
        },
        "2015-09": {
            "month": "2015-09",
            "price": "9.22",
            "revenue": 211465
        },
        "2015-10": {
            "month": "2015-10",
            "price": "10.47",
            "revenue": 179233
        },
        "2015-11": {
            "month": "2015-11",
            "price": "10.36",
            "revenue": 191656
        },
        "2015-12": {
            "month": "2015-12",
            "price": "14.48",
            "revenue": 184578
        },
        "2016-01": {
            "month": "2016-01",
            "price": "19.02",
            "revenue": 185423
        },
        "2016-02": {
            "month": "2016-02",
            "price": "19.93",
            "revenue": 105511
        },
        "2016-03": {
            "month": "2016-03",
            "price": "16.17",
            "revenue": 153952
        },
        "2016-04": {
            "month": "2016-04",
            "price": "16.23",
            "revenue": 156366
        },
        "2016-05": {
            "month": "2016-05",
            "price": "14.70",
            "revenue": 157547
        },
        "2016-06": {
            "month": "2016-06",
            "price": "13.28",
            "revenue": 159736
        },
        "2016-07": {
            "month": "2016-07",
            "price": "14.92",
            "revenue": 169761
        },
        "2016-08": {
            "month": "2016-08",
            "price": "15.91",
            "revenue": 175231
        },
        "2016-09": {
            "month": "2016-09",
            "price": "18.07",
            "revenue": 189449
        },
        "2016-10": {
            "month": "2016-10",
            "price": "16.37",
            "revenue": 162407
        },
        "2016-11": {
            "month": "2016-11",
            "price": "16.37",
            "revenue": 162382
        },
        "2016-12": {
            "month": "2016-12",
            "price": "17.24",
            "revenue": 158497
        },
        "2017-01": {
            "month": "2017-01",
            "price": "18.17",
            "revenue": 127439
        },
        "2017-02": {
            "month": "2017-02",
            "price": "18.38",
            "revenue": 104040
        },
        "2017-03": {
            "month": "2017-03",
            "price": "20.37",
            "revenue": 147964
        },
        "2017-04": {
            "month": "2017-04",
            "price": "22.25",
            "revenue": 144545
        },
        "2017-05": {
            "month": "2017-05",
            "price": "24.27",
            "revenue": 134818
        },
        "2017-06": {
            "month": "2017-06",
            "price": "23.12",
            "revenue": 135724
        },
        "2017-07": {
            "month": "2017-07",
            "price": "21.42",
            "revenue": 144981
        },
        "2017-08": {
            "month": "2017-08",
            "price": "19.90",
            "revenue": 148418
        },
        "2017-09": {
            "month": "2017-09",
            "price": "20.80",
            "revenue": 157423
        },
        "2017-10": {
            "month": "2017-10",
            "price": "19.78",
            "revenue": 125270
        },
        "2017-11": {
            "month": "2017-11",
            "price": "19.20",
            "revenue": 139367
        },
        "2017-12": {
            "month": "2017-12",
            "price": "18.89",
            "revenue": 133253
        },
        "2018-01": {
            "month": "2018-01",
            "price": "21.09",
            "revenue": 149647
        },
        "2018-02": {
            "month": "2018-02",
            "price": "19.98",
            "revenue": 87047
        },
        "2018-03": {
            "month": "2018-03",
            "price": "20.20",
            "revenue": 136351
        },
        "2018-04": {
            "month": "2018-04",
            "price": "21.78",
            "revenue": 134607
        },
        "2018-05": {
            "month": "2018-05",
            "price": "22.48",
            "revenue": 139369
        },
        "2018-06": {
            "month": "2018-06",
            "price": "22.23",
            "revenue": 138335
        },
        "2018-07": {
            "month": "2018-07",
            "price": "20.82",
            "revenue": 166098
        },
        "2018-08": {
            "month": "2018-08",
            "price": "20.82",
            "revenue": 175540
        },
        "2018-09": {
            "month": "2018-09",
            "price": "21.48",
            "revenue": 162827
        },
        "2018-10": {
            "month": "2018-10",
            "price": "19.82",
            "revenue": 152662
        },
        "2018-11": {
            "month": "2018-11",
            "price": "23.30",
            "revenue": 152681
        },
        "2018-12": {
            "month": "2018-12",
            "price": "23.35",
            "revenue": 135648
        },
        "2019-01": {
            "month": "2019-01",
            "price": "22.45",
            "revenue": 161786
        },
        "2019-02": {
            "month": "2019-02",
            "price": "23.68",
            "revenue": 88246
        },
        "2019-03": {
            "month": "2019-03",
            "price": "34.98",
            "revenue": 135051
        },
        "2019-04": {
            "month": "2019-04",
            "price": "36.51",
            "revenue": 129811
        },
        "2019-05": {
            "month": "2019-05",
            "price": "43.02",
            "revenue": 129078
        },
        "2019-06": {
            "month": "2019-06",
            "price": "41.56",
            "revenue": 125284
        },
        "2019-07": {
            "month": "2019-07",
            "price": "38.27",
            "revenue": 144924
        },
        "2019-08": {
            "month": "2019-08",
            "price": "25.99",
            "revenue": 133783
        },
        "2019-09": {
            "month": "2019-09",
            "price": "27.53",
            "revenue": 142154
        },
        "2019-10": {
            "month": "2019-10",
            "price": "35.22",
            "revenue": 118629
        },
        "2019-11": {
            "month": "2019-11",
            "price": "30.38",
            "revenue": 124935
        },
        "2019-12": {
            "month": "2019-12",
            "price": "29.76",
            "revenue": 136395
        },
        "2020-01": {
            "month": "2020-01",
            "price": "28.11",
            "revenue": 115272
        },
        "2020-02": {
            "month": "2020-02",
            "price": "24.70",
            "revenue": 93579
        },
        "2020-03": {
            "month": "2020-03",
            "price": "18.80",
            "revenue": 137769
        },
        "2020-04": {
            "month": "2020-04",
            "price": "18.31",
            "revenue": 181171
        },
        "2020-05": {
            "month": "2020-05",
            "price": "21.95",
            "revenue": 168283
        },
        "2020-06": {
            "month": "2020-06",
            "price": "23.50",
            "revenue": 169841
        },
        "2020-07": {
            "month": "2020-07",
            "price": "27.47",
            "revenue": 192142
        },
        "2020-08": {
            "month": "2020-08",
            "price": "29.95",
            "revenue": 202428
        },
        "2020-09": {
            "month": "2020-09",
            "price": "31.92",
            "revenue": 218639
        },
        "2020-10": {
            "month": "2020-10",
            "price": "31.87",
            "revenue": 178081
        },
        "2020-11": {
            "month": "2020-11",
            "price": "30.95",
            "revenue": 184062
        },
        "2020-12": {
            "month": "2020-12",
            "price": "33.35",
            "revenue": 189561
        },
        "2021-01": {
            "month": "2021-01",
            "price": "32.63",
            "revenue": 199342
        },
        "2021-02": {
            "month": "2021-02",
            "price": "32.10",
            "revenue": 151709
        },
        "2021-03": {
            "month": "2021-03",
            "price": "34.06",
            "revenue": 195771
        },
        "2021-04": {
            "month": "2021-04",
            "price": "35.70",
            "revenue": 200322
        },
        "2021-05": {
            "month": "2021-05",
            "price": "29.45",
            "revenue": 202563
        },
        "2021-06": {
            "month": "2021-06",
            "price": "29.78",
            "revenue": 196440
        },
        "2021-07": {
            "month": "2021-07",
            "price": "31.02",
            "revenue": 184924
        },
        "2021-08": {
            "month": "2021-08",
            "price": "34.55",
            "revenue": 180906
        },
        "2021-09": {
            "month": "2021-09",
            "price": "33.72",
            "revenue": 170020
        },
        "2021-10": {
            "month": "2021-10",
            "price": "31.43",
            "revenue": 154164
        },
        "2021-11": {
            "month": "2021-11",
            "price": "33.79",
            "revenue": 173991
        },
        "2021-12": {
            "month": "2021-12",
            "price": "38.72",
            "revenue": 184017
        },
        "2022-01": {
            "month": "2022-01",
            "price": "49.35",
            "revenue": 203869
        },
        "2022-02": {
            "month": "2022-02",
            "price": "46.00",
            "revenue": 144611
        },
        "2022-03": {
            "month": "2022-03",
            "price": "38.72",
            "revenue": 210291
        },
        "2022-04": {
            "month": "2022-04",
            "price": "34.44",
            "revenue": 193503
        },
        "2022-05": {
            "month": "2022-05",
            "price": "33.17",
            "revenue": 176336
        },
        "2022-06": {
            "month": "2022-06",
            "price": "31.98",
            "revenue": 180758
        },
        "2022-07": {
            "month": "2022-07",
            "price": "28.43",
            "revenue": 156892
        },
        "2022-08": {
            "month": "2022-08",
            "price": "29.21",
            "revenue": 161358
        },
        "2022-09": {
            "month": "2022-09",
            "price": "28.69",
            "revenue": 148652
        },
        "2022-10": {
            "month": "2022-10",
            "price": "25.30",
            "revenue": 120274
        },
        "2022-11": {
            "month": "2022-11",
            "price": "25.96",
            "revenue": 137142
        },
        "2022-12": {
            "month": "2022-12",
            "price": "26.09",
            "revenue": 124975
        },
        "2023-01": {
            "month": "2023-01",
            "price": "25.43",
            "revenue": 113808
        },
        "2023-02": {
            "month": "2023-02",
            "price": "25.79",
            "revenue": 115712
        },
        "2023-03": {
            "month": "2023-03",
            "price": "25.79",
            "revenue": 159587
        },
        "2023-04": {
            "month": "2023-04",
            "price": "26.94",
            "revenue": 147938
        },
        "2023-05": {
            "month": "2023-05",
            "price": "25.65",
            "revenue": 165388
        },
        "2023-06": {
            "month": "2023-06",
            "price": "27.24",
            "revenue": 154270
        },
        "2023-07": {
            "month": "2023-07",
            "price": "30.01",
            "revenue": 158628
        },
        "2023-08": {
            "month": "2023-08",
            "price": "33.40",
            "revenue": 177418
        }
    }
}
