{
    "summary": {
        "stock_name": "欣技",
        "stock_id": "6160",
        "category": "電腦及週邊設備",
        "main_business": "自動辨識掃描器及資料收集器製造買賣<br>電信管制射頻器材輸入及製造業",
        "website_url": "http://www.cipherlab.com.tw",
        "ceo": "廖宜彥",
        "pe_ratio": 64,
        "report_year_from": 2001,
        "report_year_to": 2023,
        "age": 23,
        "eps_negative_percentage": 13,
        "eps_growth_avg": {
            "last_all": -9.36,
            "last_2y": -37.79,
            "last_4y": -58.52,
            "last_8y": -28.35,
            "last_12y": -28.84,
            "last_16y": -22.55,
            "last_20y": -13.96,
            "at_2006_last_3y": 16.08,
            "at_2007_last_3y": 6.56,
            "at_2008_last_3y": -13.34,
            "at_2009_last_3y": -26.63,
            "at_2010_last_3y": -6.8,
            "at_2011_last_3y": -7.31,
            "at_2012_last_3y": -13.98,
            "at_2013_last_3y": -8.34,
            "at_2014_last_3y": -29.59,
            "at_2015_last_3y": -27.89,
            "at_2016_last_3y": 10.93,
            "at_2017_last_3y": -4.96,
            "at_2018_last_3y": 1.83,
            "at_2019_last_3y": -33.89,
            "at_2020_last_3y": -100,
            "at_2021_last_3y": -100,
            "at_2022_last_3y": -54.81,
            "at_2023_last_3y": -37.79,
            "at_2024_last_3y": -37.79,
            "at_2006_last_all": 27.58,
            "at_2007_last_all": 23.38,
            "at_2008_last_all": 15.72,
            "at_2009_last_all": 6.38,
            "at_2010_last_all": 12.3,
            "at_2011_last_all": 11.11,
            "at_2012_last_all": 4.92,
            "at_2013_last_all": 1.47,
            "at_2014_last_all": -0.59,
            "at_2015_last_all": -0.04,
            "at_2016_last_all": 6.52,
            "at_2017_last_all": -0.14,
            "at_2018_last_all": -0.14,
            "at_2019_last_all": -6.01,
            "at_2020_last_all": -6.01,
            "at_2021_last_all": -6.01,
            "at_2022_last_all": -6.21,
            "at_2023_last_all": -9.36,
            "at_2024_last_all": -9.36
        },
        "latest_eps": 0.35,
        "latest_price": 22.5,
        "latest_roe": 2.95,
        "latest_gross_margin": 37.58,
        "latest_equity": 779360,
        "latest_revenue": 273902,
        "latest_gross_profit": 102921,
        "latest_net_income": -10704,
        "latest_debt_ratio": 37.96,
        "latest_current_ratio": 263.87,
        "latest_account_receivable_turnover_ratio": 1.43,
        "latest_inventory_turnover_ratio": 0.36,
        "latest_reinvestment_rate": -266.68,
        "latest_research_to_sale_ratio": 15.59
    },
    "eps_dividends": {
        "2000": {
            "cash": 0,
            "stock": 2,
            "eps": 0
        },
        "2001": {
            "cash": 0.5,
            "stock": 0.5,
            "eps": 2.12
        },
        "2002": {
            "cash": 0.5,
            "stock": 1,
            "eps": 3.68
        },
        "2003": {
            "cash": 0.5,
            "stock": 2,
            "eps": 5.17
        },
        "2004": {
            "cash": 1.4,
            "stock": 2.2,
            "eps": 7.72
        },
        "2005": {
            "cash": 3.1,
            "stock": 2.1,
            "eps": 7.27
        },
        "2006": {
            "cash": 4.2,
            "stock": 1.2,
            "eps": 5.84
        },
        "2007": {
            "cash": 4.8,
            "stock": 0,
            "eps": 5.98
        },
        "2008": {
            "cash": 5.2,
            "stock": 0,
            "eps": 4.17
        },
        "2009": {
            "cash": 3.8,
            "stock": 0,
            "eps": 1.71
        },
        "2010": {
            "cash": 1.5,
            "stock": 0,
            "eps": 2.73
        },
        "2011": {
            "cash": 2.5,
            "stock": 0,
            "eps": 2.74
        },
        "2012": {
            "cash": 2.3,
            "stock": 0,
            "eps": 1.18
        },
        "2013": {
            "cash": 1,
            "stock": 0,
            "eps": 0.75
        },
        "2014": {
            "cash": 0.6,
            "stock": 0,
            "eps": 0.56
        },
        "2015": {
            "cash": 1,
            "stock": 0,
            "eps": 0.6
        },
        "2016": {
            "cash": 1,
            "stock": 0,
            "eps": 1.19
        },
        "2017": {
            "cash": 1,
            "stock": 0,
            "eps": -0.81
        },
        "2018": {
            "cash": 0,
            "stock": 0,
            "eps": 0.83
        },
        "2019": {
            "cash": 0.73,
            "stock": 0,
            "eps": -0.13
        },
        "2020": {
            "cash": 0,
            "stock": 0,
            "eps": -0.91
        },
        "2021": {
            "cash": 0,
            "stock": 0,
            "eps": 0.52
        },
        "2022": {
            "cash": 0.35,
            "stock": 0,
            "eps": 0.47
        },
        "2023": {
            "cash": 0.6,
            "stock": 0,
            "eps": 0.16
        }
    },
    "dividends": {
        "2000-06-22": {
            "cash": 0,
            "stock": 2
        },
        "2001-05-03": {
            "cash": 0.5,
            "stock": 0.5
        },
        "2002-06-05": {
            "cash": 0.5,
            "stock": 1
        },
        "2003-05-28": {
            "cash": 0.5,
            "stock": 2
        },
        "2004-04-20": {
            "cash": 1.4,
            "stock": 2.2
        },
        "2005-03-30": {
            "cash": 3.1,
            "stock": 2.1
        },
        "2006-03-07": {
            "cash": 4.2,
            "stock": 1.2
        },
        "2007-04-03": {
            "cash": 4.8,
            "stock": 0
        },
        "2008-04-02": {
            "cash": 5.2,
            "stock": 0
        },
        "2009-03-31": {
            "cash": 3.8,
            "stock": 0
        },
        "2010-03-30": {
            "cash": 1.5,
            "stock": 0
        },
        "2011-03-29": {
            "cash": 2.5,
            "stock": 0
        },
        "2012-05-16": {
            "cash": 2.3,
            "stock": 0
        },
        "2013-05-14": {
            "cash": 1,
            "stock": 0
        },
        "2014-06-20": {
            "cash": 0.6,
            "stock": 0
        },
        "2015-08-12": {
            "cash": 1,
            "stock": 0
        },
        "2016-08-05": {
            "cash": 1,
            "stock": 0
        },
        "2017-08-04": {
            "cash": 1,
            "stock": 0
        },
        "2019-07-26": {
            "cash": 0.73,
            "stock": 0
        },
        "2022-08-08": {
            "cash": 0.35,
            "stock": 0
        },
        "2023-08-11": {
            "cash": 0.6,
            "stock": 0
        }
    },
    "prices": {
        "200101": "無",
        "200102": "無",
        "200103": "無",
        "200104": "無",
        "200105": "無",
        "200106": "無",
        "200107": "無",
        "200108": "無",
        "200109": "無",
        "200110": "無",
        "200111": "無",
        "200112": "無",
        "200201": "無",
        "200202": "無",
        "200203": "37.21",
        "200204": "38.52",
        "200205": "30.43",
        "200206": "28.10",
        "200207": "27.20",
        "200208": "24.14",
        "200209": "26.13",
        "200210": "28.20",
        "200211": "30.08",
        "200212": "35.29",
        "200301": "35.95",
        "200302": "35.30",
        "200303": "36.57",
        "200304": "39.71",
        "200305": "46.45",
        "200306": "54.64",
        "200307": "62.26",
        "200308": "57.83",
        "200309": "57.29",
        "200310": "51.76",
        "200311": "51.58",
        "200312": "53.09",
        "200401": "56.10",
        "200402": "61.68",
        "200403": "62.13",
        "200404": "65.82",
        "200405": "60.55",
        "200406": "59.31",
        "200407": "57.63",
        "200408": "49.66",
        "200409": "59.88",
        "200410": "61.10",
        "200411": "66.30",
        "200412": "70.93",
        "200501": "67.83",
        "200502": "74.46",
        "200503": "80.52",
        "200504": "77.55",
        "200505": "75.76",
        "200506": "79.67",
        "200507": "68.33",
        "200508": "67.70",
        "200509": "67.99",
        "200510": "69.84",
        "200511": "69.20",
        "200512": "73.78",
        "200601": "74.99",
        "200602": "73.52",
        "200603": "72.79",
        "200604": "74.54",
        "200605": "75.07",
        "200606": "54.66",
        "200607": "56.17",
        "200608": "56.34",
        "200609": "52.21",
        "200610": "48.76",
        "200611": "53.09",
        "200612": "58.34",
        "200701": "62.56",
        "200702": "65.16",
        "200703": "76.30",
        "200704": "80.49",
        "200705": "84.26",
        "200706": "86.40",
        "200707": "99.40",
        "200708": "112.67",
        "200709": "111.56",
        "200710": "104.35",
        "200711": "86.78",
        "200712": "84.06",
        "200801": "77.96",
        "200802": "67.26",
        "200803": "68.75",
        "200804": "77.69",
        "200805": "72.95",
        "200806": "55.04",
        "200807": "48.86",
        "200808": "51.99",
        "200809": "52.08",
        "200810": "45.26",
        "200811": "36.52",
        "200812": "33.66",
        "200901": "31.06",
        "200902": "30.91",
        "200903": "36.28",
        "200904": "42.46",
        "200905": "43.09",
        "200906": "38.30",
        "200907": "37.43",
        "200908": "38.36",
        "200909": "38.97",
        "200910": "41.08",
        "200911": "39.82",
        "200912": "46.03",
        "201001": "45.55",
        "201002": "40.62",
        "201003": "43.08",
        "201004": "45.58",
        "201005": "43.52",
        "201006": "40.53",
        "201007": "38.60",
        "201008": "39.84",
        "201009": "39.70",
        "201010": "40.19",
        "201011": "37.58",
        "201012": "37.75",
        "201101": "39.15",
        "201102": "38.27",
        "201103": "36.66",
        "201104": "38.52",
        "201105": "40.74",
        "201106": "36.59",
        "201107": "35.41",
        "201108": "31.93",
        "201109": "30.88",
        "201110": "31.15",
        "201111": "30.13",
        "201112": "27.82",
        "201201": "28.65",
        "201202": "33.27",
        "201203": "34.44",
        "201204": "31.97",
        "201205": "31.50",
        "201206": "27.34",
        "201207": "27.97",
        "201208": "29.28",
        "201209": "28.86",
        "201210": "26.32",
        "201211": "21.28",
        "201212": "22.58",
        "201301": "23.20",
        "201302": "22.44",
        "201303": "21.66",
        "201304": "21.18",
        "201305": "23.06",
        "201306": "21.31",
        "201307": "19.38",
        "201308": "19.57",
        "201309": "21.32",
        "201310": "20.80",
        "201311": "20.30",
        "201312": "21.18",
        "201401": "23.85",
        "201402": "27.30",
        "201403": "28.40",
        "201404": "31.60",
        "201405": "29.92",
        "201406": "36.46",
        "201407": "33.42",
        "201408": "29.17",
        "201409": "28.58",
        "201410": "24.34",
        "201411": "22.76",
        "201412": "24.06",
        "201501": "27.52",
        "201502": "26.82",
        "201503": "25.92",
        "201504": "23.37",
        "201505": "20.98",
        "201506": "17.14",
        "201507": "14.86",
        "201508": "12.73",
        "201509": "12.96",
        "201510": "14.01",
        "201511": "13.58",
        "201512": "15.74",
        "201601": "16.09",
        "201602": "16.01",
        "201603": "18.86",
        "201604": "25.37",
        "201605": "28.17",
        "201606": "30.80",
        "201607": "32.62",
        "201608": "30.07",
        "201609": "28.49",
        "201610": "25.40",
        "201611": "22.36",
        "201612": "23.90",
        "201701": "26.64",
        "201702": "25.05",
        "201703": "25.64",
        "201704": "21.16",
        "201705": "20.28",
        "201706": "20.56",
        "201707": "19.01",
        "201708": "17.00",
        "201709": "18.20",
        "201710": "19.47",
        "201711": "19.08",
        "201712": "18.48",
        "201801": "18.50",
        "201802": "18.72",
        "201803": "18.58",
        "201804": "17.76",
        "201805": "17.89",
        "201806": "19.04",
        "201807": "23.58",
        "201808": "26.32",
        "201809": "25.49",
        "201810": "23.03",
        "201811": "24.08",
        "201812": "25.13",
        "201901": "22.53",
        "201902": "21.27",
        "201903": "21.15",
        "201904": "21.73",
        "201905": "20.21",
        "201906": "19.97",
        "201907": "20.23",
        "201908": "19.58",
        "201909": "19.34",
        "201910": "19.28",
        "201911": "19.00",
        "201912": "18.98",
        "202001": "18.42",
        "202002": "17.36",
        "202003": "13.04",
        "202004": "12.02",
        "202005": "12.80",
        "202006": "11.92",
        "202007": "12.47",
        "202008": "11.94",
        "202009": "11.85",
        "202010": "11.58",
        "202011": "11.61",
        "202012": "12.32",
        "202101": "14.38",
        "202102": "14.39",
        "202103": "19.70",
        "202104": "24.46",
        "202105": "19.76",
        "202106": "21.87",
        "202107": "23.30",
        "202108": "18.60",
        "202109": "17.04",
        "202110": "16.67",
        "202111": "17.80",
        "202112": "18.15",
        "202201": "18.03",
        "202202": "16.70",
        "202203": "15.87",
        "202204": "15.39",
        "202205": "13.93",
        "202206": "13.90",
        "202207": "16.83",
        "202208": "18.37",
        "202209": "16.57",
        "202210": "14.29",
        "202211": "14.91",
        "202212": "17.88",
        "202301": "17.27",
        "202302": "18.70",
        "202303": "22.81",
        "202304": "30.12",
        "202305": "33.92",
        "202306": "34.13",
        "202307": "29.68",
        "202308": "25.73",
        "202309": "25.59",
        "202310": "24.00",
        "202311": "24.38",
        "202312": "24.04"
    },
    "quarters": {
        "20011": {
            "year_quarter": 20011,
            "year": 2001,
            "quarter": 1,
            "eps": 0.84,
            "eps_growth_year": null,
            "eps_4q": null,
            "eps_4q_growth_year": null,
            "roe": 6.9,
            "roe_4q": 6.9,
            "gross_profit": 42321,
            "gross_margin": 45.55,
            "gross_margin_4q_avg": 45.55,
            "net_income": 22316,
            "net_income_4q": null,
            "revenue": 92909,
            "revenue_4q": null,
            "common_shares": 266760,
            "book_valuer_per_share": 12.55,
            "book_valuer_per_share_4q_avg": 12.55,
            "equity": 334757,
            "current_ratio": 358.14,
            "debt_ratio": 27.14,
            "inventory_turnover_ratio": 0.68,
            "account_receivable_turnover_ratio": null,
            "reinvestment_rate": null,
            "research_to_sale_ratio": null,
            "price_fair": 0,
            "eps_avg_yearly": 0,
            "eps_latest_yearly": 0,
            "eps_growth_yearly": 0
        },
        "20012": {
            "year_quarter": 20012,
            "year": 2001,
            "quarter": 2,
            "eps": 0.21,
            "eps_growth_year": null,
            "eps_4q": null,
            "eps_4q_growth_year": null,
            "roe": 1.82,
            "roe_4q": 8.72,
            "gross_profit": 57180,
            "gross_margin": 48.33,
            "gross_margin_4q_avg": 46.94,
            "net_income": 6022,
            "net_income_4q": null,
            "revenue": 118323,
            "revenue_4q": null,
            "common_shares": 266760,
            "book_valuer_per_share": 12.25,
            "book_valuer_per_share_4q_avg": 12.4,
            "equity": 326754,
            "current_ratio": 260.02,
            "debt_ratio": 34.56,
            "inventory_turnover_ratio": 0.65,
            "account_receivable_turnover_ratio": null,
            "reinvestment_rate": null,
            "research_to_sale_ratio": null,
            "price_fair": 0,
            "eps_avg_yearly": 0,
            "eps_latest_yearly": 0,
            "eps_growth_yearly": 0
        },
        "20013": {
            "year_quarter": 20013,
            "year": 2001,
            "quarter": 3,
            "eps": 0.39,
            "eps_growth_year": null,
            "eps_4q": null,
            "eps_4q_growth_year": null,
            "roe": 3.36,
            "roe_4q": 12.08,
            "gross_profit": 45218,
            "gross_margin": 50.1,
            "gross_margin_4q_avg": 47.99,
            "net_income": 11182,
            "net_income_4q": null,
            "revenue": 90260,
            "revenue_4q": null,
            "common_shares": 283524,
            "book_valuer_per_share": 11.92,
            "book_valuer_per_share_4q_avg": 12.24,
            "equity": 337936,
            "current_ratio": 280.1,
            "debt_ratio": 32.48,
            "inventory_turnover_ratio": 0.39,
            "account_receivable_turnover_ratio": null,
            "reinvestment_rate": null,
            "research_to_sale_ratio": null,
            "price_fair": 0,
            "eps_avg_yearly": 0,
            "eps_latest_yearly": 0,
            "eps_growth_yearly": 0
        },
        "20014": {
            "year_quarter": 20014,
            "year": 2001,
            "quarter": 4,
            "eps": 0.68,
            "eps_growth_year": null,
            "eps_4q": 2.08,
            "eps_4q_growth_year": null,
            "roe": 5.52,
            "roe_4q": 17.6,
            "gross_profit": 51851,
            "gross_margin": 47.81,
            "gross_margin_4q_avg": 47.95,
            "net_income": 19168,
            "net_income_4q": null,
            "revenue": 108461,
            "revenue_4q": null,
            "common_shares": 283524,
            "book_valuer_per_share": 12.6,
            "book_valuer_per_share_4q_avg": 12.33,
            "equity": 357104,
            "current_ratio": 453.5,
            "debt_ratio": 17.67,
            "inventory_turnover_ratio": 0.55,
            "account_receivable_turnover_ratio": null,
            "reinvestment_rate": null,
            "research_to_sale_ratio": null,
            "price_fair": 0,
            "eps_avg_yearly": 0,
            "eps_latest_yearly": 0,
            "eps_growth_yearly": 0
        },
        "20021": {
            "year_quarter": 20021,
            "year": 2002,
            "quarter": 1,
            "eps": 0.65,
            "eps_growth_year": -22.62,
            "eps_4q": 1.93,
            "eps_4q_growth_year": null,
            "roe": 5.05,
            "roe_4q": 15.75,
            "gross_profit": 52746,
            "gross_margin": 49.81,
            "gross_margin_4q_avg": 49.01,
            "net_income": 18486,
            "net_income_4q": null,
            "revenue": 105893,
            "revenue_4q": null,
            "common_shares": 283524,
            "book_valuer_per_share": 13.25,
            "book_valuer_per_share_4q_avg": 12.51,
            "equity": 375590,
            "current_ratio": 402.04,
            "debt_ratio": 20.01,
            "inventory_turnover_ratio": 0.62,
            "account_receivable_turnover_ratio": null,
            "reinvestment_rate": null,
            "research_to_sale_ratio": null,
            "price_fair": 7.8,
            "eps_avg_yearly": 2.6,
            "eps_latest_yearly": 2.6,
            "eps_growth_yearly": -17.65
        },
        "20022": {
            "year_quarter": 20022,
            "year": 2002,
            "quarter": 2,
            "eps": 0.68,
            "eps_growth_year": 223.81,
            "eps_4q": 2.4,
            "eps_4q_growth_year": null,
            "roe": 5.11,
            "roe_4q": 19.04,
            "gross_profit": 62892,
            "gross_margin": 50.39,
            "gross_margin_4q_avg": 49.53,
            "net_income": 19291,
            "net_income_4q": null,
            "revenue": 124816,
            "revenue_4q": null,
            "common_shares": 283524,
            "book_valuer_per_share": 13.37,
            "book_valuer_per_share_4q_avg": 12.79,
            "equity": 378945,
            "current_ratio": 316.67,
            "debt_ratio": 21.98,
            "inventory_turnover_ratio": 0.81,
            "account_receivable_turnover_ratio": null,
            "reinvestment_rate": null,
            "research_to_sale_ratio": null,
            "price_fair": 26.6,
            "eps_avg_yearly": 2.66,
            "eps_latest_yearly": 2.72,
            "eps_growth_yearly": 0.41
        },
        "20023": {
            "year_quarter": 20023,
            "year": 2002,
            "quarter": 3,
            "eps": 0.75,
            "eps_growth_year": 92.31,
            "eps_4q": 2.54,
            "eps_4q_growth_year": null,
            "roe": 6.12,
            "roe_4q": 21.8,
            "gross_profit": 62713,
            "gross_margin": 51.16,
            "gross_margin_4q_avg": 49.79,
            "net_income": 23906,
            "net_income_4q": null,
            "revenue": 122591,
            "revenue_4q": null,
            "common_shares": 320679,
            "book_valuer_per_share": 12.56,
            "book_valuer_per_share_4q_avg": 12.95,
            "equity": 402851,
            "current_ratio": 321.41,
            "debt_ratio": 22.4,
            "inventory_turnover_ratio": 0.78,
            "account_receivable_turnover_ratio": null,
            "reinvestment_rate": null,
            "research_to_sale_ratio": null,
            "price_fair": 66.55,
            "eps_avg_yearly": 2.77,
            "eps_latest_yearly": 3,
            "eps_growth_yearly": 14
        },
        "20024": {
            "year_quarter": 20024,
            "year": 2002,
            "quarter": 4,
            "eps": 1.6,
            "eps_growth_year": 135.29,
            "eps_4q": 3.52,
            "eps_4q_growth_year": 68.97,
            "roe": 12.01,
            "roe_4q": 28.29,
            "gross_profit": 115304,
            "gross_margin": 54.24,
            "gross_margin_4q_avg": 51.4,
            "net_income": 51459,
            "net_income_4q": null,
            "revenue": 212576,
            "revenue_4q": null,
            "common_shares": 320679,
            "book_valuer_per_share": 14.17,
            "book_valuer_per_share_4q_avg": 13.34,
            "equity": 454310,
            "current_ratio": 335.01,
            "debt_ratio": 21.88,
            "inventory_turnover_ratio": 1.35,
            "account_receivable_turnover_ratio": null,
            "reinvestment_rate": null,
            "research_to_sale_ratio": null,
            "price_fair": 128.8,
            "eps_avg_yearly": 3.68,
            "eps_latest_yearly": 6.4,
            "eps_growth_yearly": 123.83
        },
        "20031": {
            "year_quarter": 20031,
            "year": 2003,
            "quarter": 1,
            "eps": 1.11,
            "eps_growth_year": 70.77,
            "eps_4q": 4.05,
            "eps_4q_growth_year": 110.11,
            "roe": 7.56,
            "roe_4q": 30.8,
            "gross_profit": 92184,
            "gross_margin": 55.49,
            "gross_margin_4q_avg": 52.82,
            "net_income": 35704,
            "net_income_4q": null,
            "revenue": 166114,
            "revenue_4q": null,
            "common_shares": 320679,
            "book_valuer_per_share": 15.28,
            "book_valuer_per_share_4q_avg": 13.85,
            "equity": 490014,
            "current_ratio": 315.47,
            "debt_ratio": 26.21,
            "inventory_turnover_ratio": 0.98,
            "account_receivable_turnover_ratio": null,
            "reinvestment_rate": null,
            "research_to_sale_ratio": null,
            "price_fair": 134.12,
            "eps_avg_yearly": 3.83,
            "eps_latest_yearly": 4.44,
            "eps_growth_yearly": 74.56
        },
        "20032": {
            "year_quarter": 20032,
            "year": 2003,
            "quarter": 2,
            "eps": 1.33,
            "eps_growth_year": 95.59,
            "eps_4q": 4.8,
            "eps_4q_growth_year": 99.87,
            "roe": 8.52,
            "roe_4q": 34.209999999999994,
            "gross_profit": 88973,
            "gross_margin": 56.22,
            "gross_margin_4q_avg": 54.28,
            "net_income": 42573,
            "net_income_4q": null,
            "revenue": 158257,
            "revenue_4q": null,
            "common_shares": 320679,
            "book_valuer_per_share": 15.9,
            "book_valuer_per_share_4q_avg": 14.48,
            "equity": 509765,
            "current_ratio": 359.76,
            "debt_ratio": 23.5,
            "inventory_turnover_ratio": 0.79,
            "account_receivable_turnover_ratio": null,
            "reinvestment_rate": null,
            "research_to_sale_ratio": null,
            "price_fair": 142.8,
            "eps_avg_yearly": 4.08,
            "eps_latest_yearly": 5.32,
            "eps_growth_yearly": 75.35
        },
        "20033": {
            "year_quarter": 20033,
            "year": 2003,
            "quarter": 3,
            "eps": 0.95,
            "eps_growth_year": 26.67,
            "eps_4q": 4.22,
            "eps_4q_growth_year": 66.31,
            "roe": 7.13,
            "roe_4q": 35.22,
            "gross_profit": 81199,
            "gross_margin": 54.67,
            "gross_margin_4q_avg": 55.16,
            "net_income": 37708,
            "net_income_4q": null,
            "revenue": 148533,
            "revenue_4q": null,
            "common_shares": 398392,
            "book_valuer_per_share": 13.74,
            "book_valuer_per_share_4q_avg": 14.77,
            "equity": 547472,
            "current_ratio": 471.27,
            "debt_ratio": 19.15,
            "inventory_turnover_ratio": 0.79,
            "account_receivable_turnover_ratio": null,
            "reinvestment_rate": null,
            "research_to_sale_ratio": null,
            "price_fair": 141.4,
            "eps_avg_yearly": 4.04,
            "eps_latest_yearly": 3.8,
            "eps_growth_yearly": 48.26
        },
        "20034": {
            "year_quarter": 20034,
            "year": 2003,
            "quarter": 4,
            "eps": 1.78,
            "eps_growth_year": 11.25,
            "eps_4q": 4.69,
            "eps_4q_growth_year": 33.43,
            "roe": 12.15,
            "roe_4q": 35.36,
            "gross_profit": 124011,
            "gross_margin": 57.95,
            "gross_margin_4q_avg": 56.08,
            "net_income": 70853,
            "net_income_4q": null,
            "revenue": 214010,
            "revenue_4q": null,
            "common_shares": 398392,
            "book_valuer_per_share": 15.53,
            "book_valuer_per_share_4q_avg": 15.11,
            "equity": 618526,
            "current_ratio": 403.43,
            "debt_ratio": 20.17,
            "inventory_turnover_ratio": 1.02,
            "account_receivable_turnover_ratio": null,
            "reinvestment_rate": null,
            "research_to_sale_ratio": null,
            "price_fair": 154.88,
            "eps_avg_yearly": 4.43,
            "eps_latest_yearly": 7.12,
            "eps_growth_yearly": 85.91
        },
        "20041": {
            "year_quarter": 20041,
            "year": 2004,
            "quarter": 1,
            "eps": 1.45,
            "eps_growth_year": 30.63,
            "eps_4q": 5.24,
            "eps_4q_growth_year": 29.26,
            "roe": 8.93,
            "roe_4q": 36.73,
            "gross_profit": 115919,
            "gross_margin": 57.81,
            "gross_margin_4q_avg": 56.66,
            "net_income": 57843,
            "net_income_4q": null,
            "revenue": 200504,
            "revenue_4q": null,
            "common_shares": 398392,
            "book_valuer_per_share": 16.98,
            "book_valuer_per_share_4q_avg": 15.54,
            "equity": 676556,
            "current_ratio": 372.69,
            "debt_ratio": 24.53,
            "inventory_turnover_ratio": 0.82,
            "account_receivable_turnover_ratio": null,
            "reinvestment_rate": null,
            "research_to_sale_ratio": null,
            "price_fair": 160.22,
            "eps_avg_yearly": 4.58,
            "eps_latest_yearly": 5.8,
            "eps_growth_yearly": 68.13
        },
        "20042": {
            "year_quarter": 20042,
            "year": 2004,
            "quarter": 2,
            "eps": 2.43,
            "eps_growth_year": 82.71,
            "eps_4q": 6.6,
            "eps_4q_growth_year": 37.52,
            "roe": 14.05,
            "roe_4q": 42.260000000000005,
            "gross_profit": 155329,
            "gross_margin": 58.58,
            "gross_margin_4q_avg": 57.25,
            "net_income": 96947,
            "net_income_4q": null,
            "revenue": 265167,
            "revenue_4q": null,
            "common_shares": 398392,
            "book_valuer_per_share": 17.66,
            "book_valuer_per_share_4q_avg": 15.98,
            "equity": 703412,
            "current_ratio": 316.82,
            "debt_ratio": 28.92,
            "inventory_turnover_ratio": 0.94,
            "account_receivable_turnover_ratio": null,
            "reinvestment_rate": null,
            "research_to_sale_ratio": null,
            "price_fair": 178.22,
            "eps_avg_yearly": 5.09,
            "eps_latest_yearly": 9.72,
            "eps_growth_yearly": 88.35
        },
        "20043": {
            "year_quarter": 20043,
            "year": 2004,
            "quarter": 3,
            "eps": 1.94,
            "eps_growth_year": 104.21,
            "eps_4q": 6.46,
            "eps_4q_growth_year": 53.03,
            "roe": 12.89,
            "roe_4q": 48.02,
            "gross_profit": 164273,
            "gross_margin": 59.83,
            "gross_margin_4q_avg": 58.54,
            "net_income": 96944,
            "net_income_4q": null,
            "revenue": 274583,
            "revenue_4q": null,
            "common_shares": 500039,
            "book_valuer_per_share": 16,
            "book_valuer_per_share_4q_avg": 16.54,
            "equity": 800266,
            "current_ratio": 382.7,
            "debt_ratio": 23.86,
            "inventory_turnover_ratio": 0.76,
            "account_receivable_turnover_ratio": null,
            "reinvestment_rate": null,
            "research_to_sale_ratio": null,
            "price_fair": 186.71,
            "eps_avg_yearly": 5.33,
            "eps_latest_yearly": 7.76,
            "eps_growth_yearly": 72.98
        },
        "20044": {
            "year_quarter": 20044,
            "year": 2004,
            "quarter": 4,
            "eps": 1.9,
            "eps_growth_year": 6.74,
            "eps_4q": 6.93,
            "eps_4q_growth_year": 47.74,
            "roe": 11.2,
            "roe_4q": 47.07,
            "gross_profit": 201844,
            "gross_margin": 59.24,
            "gross_margin_4q_avg": 58.87,
            "net_income": 94997,
            "net_income_4q": null,
            "revenue": 340730,
            "revenue_4q": null,
            "common_shares": 500039,
            "book_valuer_per_share": 17.92,
            "book_valuer_per_share_4q_avg": 17.14,
            "equity": 896128,
            "current_ratio": 401.38,
            "debt_ratio": 21.69,
            "inventory_turnover_ratio": 0.84,
            "account_receivable_turnover_ratio": null,
            "reinvestment_rate": 0.46,
            "research_to_sale_ratio": null,
            "price_fair": 193.32,
            "eps_avg_yearly": 5.52,
            "eps_latest_yearly": 7.6,
            "eps_growth_yearly": 66.21
        },
        "20051": {
            "year_quarter": 20051,
            "year": 2005,
            "quarter": 1,
            "eps": 1.35,
            "eps_growth_year": -6.9,
            "eps_4q": 7.11,
            "eps_4q_growth_year": 35.8,
            "roe": 7.28,
            "roe_4q": 45.42,
            "gross_profit": 149612,
            "gross_margin": 56.18,
            "gross_margin_4q_avg": 58.46,
            "net_income": 67658,
            "net_income_4q": null,
            "revenue": 266308,
            "revenue_4q": null,
            "common_shares": 500039,
            "book_valuer_per_share": 19.28,
            "book_valuer_per_share_4q_avg": 17.72,
            "equity": 963827,
            "current_ratio": 411.77,
            "debt_ratio": 24.08,
            "inventory_turnover_ratio": 0.69,
            "account_receivable_turnover_ratio": null,
            "reinvestment_rate": -1.05,
            "research_to_sale_ratio": null,
            "price_fair": 192.98,
            "eps_avg_yearly": 5.51,
            "eps_latest_yearly": 5.4,
            "eps_growth_yearly": 52.21
        },
        "20052": {
            "year_quarter": 20052,
            "year": 2005,
            "quarter": 2,
            "eps": 1.84,
            "eps_growth_year": -24.28,
            "eps_4q": 6.01,
            "eps_4q_growth_year": -8.98,
            "roe": 12.38,
            "roe_4q": 43.75,
            "gross_profit": 188105,
            "gross_margin": 59.14,
            "gross_margin_4q_avg": 58.6,
            "net_income": 114591,
            "net_income_4q": null,
            "revenue": 318073,
            "revenue_4q": null,
            "common_shares": 500039,
            "book_valuer_per_share": 17.76,
            "book_valuer_per_share_4q_avg": 17.74,
            "equity": 888130,
            "current_ratio": 292.4,
            "debt_ratio": 33.97,
            "inventory_turnover_ratio": 0.7,
            "account_receivable_turnover_ratio": null,
            "reinvestment_rate": -0.36,
            "research_to_sale_ratio": null,
            "price_fair": 197.6,
            "eps_avg_yearly": 5.65,
            "eps_latest_yearly": 7.36,
            "eps_growth_yearly": 58.85
        },
        "20053": {
            "year_quarter": 20053,
            "year": 2005,
            "quarter": 3,
            "eps": 1.97,
            "eps_growth_year": 1.55,
            "eps_4q": 6.43,
            "eps_4q_growth_year": -0.39,
            "roe": 12.91,
            "roe_4q": 43.769999999999996,
            "gross_profit": 194621,
            "gross_margin": 57.48,
            "gross_margin_4q_avg": 58.01,
            "net_income": 122461,
            "net_income_4q": null,
            "revenue": 338579,
            "revenue_4q": null,
            "common_shares": 621850,
            "book_valuer_per_share": 16.24,
            "book_valuer_per_share_4q_avg": 17.8,
            "equity": 1009696,
            "current_ratio": 515.65,
            "debt_ratio": 22.19,
            "inventory_turnover_ratio": 0.73,
            "account_receivable_turnover_ratio": null,
            "reinvestment_rate": -1.17,
            "research_to_sale_ratio": null,
            "price_fair": 202.81,
            "eps_avg_yearly": 5.79,
            "eps_latest_yearly": 7.88,
            "eps_growth_yearly": 56.82
        },
        "20054": {
            "year_quarter": 20054,
            "year": 2005,
            "quarter": 4,
            "eps": 2.11,
            "eps_growth_year": 11.05,
            "eps_4q": 7.02,
            "eps_4q_growth_year": 1.22,
            "roe": 12.18,
            "roe_4q": 44.75,
            "gross_profit": 219113,
            "gross_margin": 57.9,
            "gross_margin_4q_avg": 57.68,
            "net_income": 130952,
            "net_income_4q": null,
            "revenue": 378411,
            "revenue_4q": null,
            "common_shares": 621850,
            "book_valuer_per_share": 18.33,
            "book_valuer_per_share_4q_avg": 17.9,
            "equity": 1139929,
            "current_ratio": 458.11,
            "debt_ratio": 20.19,
            "inventory_turnover_ratio": 0.82,
            "account_receivable_turnover_ratio": null,
            "reinvestment_rate": -2.1,
            "research_to_sale_ratio": null,
            "price_fair": 208.6,
            "eps_avg_yearly": 5.96,
            "eps_latest_yearly": 8.44,
            "eps_growth_yearly": 55.04
        },
        "20061": {
            "year_quarter": 20061,
            "year": 2006,
            "quarter": 1,
            "eps": 1.38,
            "eps_growth_year": 2.22,
            "eps_4q": 7.33,
            "eps_4q_growth_year": 3.05,
            "roe": 7.22,
            "roe_4q": 44.690000000000005,
            "gross_profit": 145657,
            "gross_margin": 54.67,
            "gross_margin_4q_avg": 57.3,
            "net_income": 85339,
            "net_income_4q": null,
            "revenue": 266447,
            "revenue_4q": null,
            "common_shares": 621850,
            "book_valuer_per_share": 19.7,
            "book_valuer_per_share_4q_avg": 18.01,
            "equity": 1225005,
            "current_ratio": 523.58,
            "debt_ratio": 19.85,
            "inventory_turnover_ratio": 0.66,
            "account_receivable_turnover_ratio": null,
            "reinvestment_rate": -2.42,
            "research_to_sale_ratio": null,
            "price_fair": 214.99,
            "eps_avg_yearly": 6.14,
            "eps_latest_yearly": 5.52,
            "eps_growth_yearly": 47.49
        },
        "20062": {
            "year_quarter": 20062,
            "year": 2006,
            "quarter": 2,
            "eps": 1.46,
            "eps_growth_year": -20.65,
            "eps_4q": 6.24,
            "eps_4q_growth_year": 3.82,
            "roe": 9.2,
            "roe_4q": 41.51,
            "gross_profit": 187980,
            "gross_margin": 54.72,
            "gross_margin_4q_avg": 56.19,
            "net_income": 103512,
            "net_income_4q": null,
            "revenue": 343507,
            "revenue_4q": null,
            "common_shares": 709811,
            "book_valuer_per_share": 14.46,
            "book_valuer_per_share_4q_avg": 17.18,
            "equity": 1026469,
            "current_ratio": 432.4,
            "debt_ratio": 24.18,
            "inventory_turnover_ratio": 0.86,
            "account_receivable_turnover_ratio": null,
            "reinvestment_rate": -2.69,
            "research_to_sale_ratio": null,
            "price_fair": 221.81,
            "eps_avg_yearly": 6.34,
            "eps_latest_yearly": 5.84,
            "eps_growth_yearly": 47.79
        },
        "20063": {
            "year_quarter": 20063,
            "year": 2006,
            "quarter": 3,
            "eps": 1.33,
            "eps_growth_year": -32.49,
            "eps_4q": 5.85,
            "eps_4q_growth_year": -8.99,
            "roe": 8.76,
            "roe_4q": 37.36,
            "gross_profit": 179583,
            "gross_margin": 57.17,
            "gross_margin_4q_avg": 56.12,
            "net_income": 94067,
            "net_income_4q": null,
            "revenue": 314113,
            "revenue_4q": null,
            "common_shares": 709811,
            "book_valuer_per_share": 15.79,
            "book_valuer_per_share_4q_avg": 17.07,
            "equity": 1120520,
            "current_ratio": 481.64,
            "debt_ratio": 22.36,
            "inventory_turnover_ratio": 0.61,
            "account_receivable_turnover_ratio": null,
            "reinvestment_rate": -2.23,
            "research_to_sale_ratio": null,
            "price_fair": 226.89,
            "eps_avg_yearly": 6.48,
            "eps_latest_yearly": 5.32,
            "eps_growth_yearly": 42.99
        },
        "20064": {
            "year_quarter": 20064,
            "year": 2006,
            "quarter": 4,
            "eps": 1.67,
            "eps_growth_year": -20.85,
            "eps_4q": 5.65,
            "eps_4q_growth_year": -19.53,
            "roe": 10.06,
            "roe_4q": 35.24,
            "gross_profit": 235932,
            "gross_margin": 56.95,
            "gross_margin_4q_avg": 55.88,
            "net_income": 118752,
            "net_income_4q": null,
            "revenue": 414270,
            "revenue_4q": null,
            "common_shares": 709811,
            "book_valuer_per_share": 17.46,
            "book_valuer_per_share_4q_avg": 16.85,
            "equity": 1239340,
            "current_ratio": 450.26,
            "debt_ratio": 20.63,
            "inventory_turnover_ratio": 0.68,
            "account_receivable_turnover_ratio": null,
            "reinvestment_rate": -2.49,
            "research_to_sale_ratio": null,
            "price_fair": 201.81,
            "eps_avg_yearly": 6.5,
            "eps_latest_yearly": 6.68,
            "eps_growth_yearly": 21.05
        },
        "20071": {
            "year_quarter": 20071,
            "year": 2007,
            "quarter": 1,
            "eps": 1.67,
            "eps_growth_year": 21.01,
            "eps_4q": 6.14,
            "eps_4q_growth_year": -16.29,
            "roe": 9.11,
            "roe_4q": 37.129999999999995,
            "gross_profit": 223693,
            "gross_margin": 57.42,
            "gross_margin_4q_avg": 56.57,
            "net_income": 118268,
            "net_income_4q": null,
            "revenue": 389558,
            "revenue_4q": null,
            "common_shares": 709811,
            "book_valuer_per_share": 19.13,
            "book_valuer_per_share_4q_avg": 16.71,
            "equity": 1357760,
            "current_ratio": 449.1,
            "debt_ratio": 23.41,
            "inventory_turnover_ratio": 0.61,
            "account_receivable_turnover_ratio": null,
            "reinvestment_rate": -2.55,
            "research_to_sale_ratio": null,
            "price_fair": 232.4,
            "eps_avg_yearly": 6.64,
            "eps_latest_yearly": 6.68,
            "eps_growth_yearly": 28.7
        },
        "20072": {
            "year_quarter": 20072,
            "year": 2007,
            "quarter": 2,
            "eps": 1.7,
            "eps_growth_year": 16.44,
            "eps_4q": 6.37,
            "eps_4q_growth_year": 2.1,
            "roe": 9.75,
            "roe_4q": 37.68,
            "gross_profit": 219514,
            "gross_margin": 57.46,
            "gross_margin_4q_avg": 57.25,
            "net_income": 120555,
            "net_income_4q": null,
            "revenue": 382049,
            "revenue_4q": null,
            "common_shares": 709811,
            "book_valuer_per_share": 15.72,
            "book_valuer_per_share_4q_avg": 17.03,
            "equity": 1115632,
            "current_ratio": 395.75,
            "debt_ratio": 27.53,
            "inventory_turnover_ratio": 0.57,
            "account_receivable_turnover_ratio": null,
            "reinvestment_rate": -2.42,
            "research_to_sale_ratio": null,
            "price_fair": 230.24,
            "eps_avg_yearly": 6.73,
            "eps_latest_yearly": 6.8,
            "eps_growth_yearly": 24.2
        },
        "20073": {
            "year_quarter": 20073,
            "year": 2007,
            "quarter": 3,
            "eps": 1.51,
            "eps_growth_year": 13.53,
            "eps_4q": 6.54,
            "eps_4q_growth_year": 11.8,
            "roe": 9.18,
            "roe_4q": 38.1,
            "gross_profit": 171852,
            "gross_margin": 54.45,
            "gross_margin_4q_avg": 56.57,
            "net_income": 107298,
            "net_income_4q": null,
            "revenue": 315626,
            "revenue_4q": null,
            "common_shares": 709811,
            "book_valuer_per_share": 17.23,
            "book_valuer_per_share_4q_avg": 17.39,
            "equity": 1222929,
            "current_ratio": 607.27,
            "debt_ratio": 18.95,
            "inventory_turnover_ratio": 0.49,
            "account_receivable_turnover_ratio": null,
            "reinvestment_rate": -2.1,
            "research_to_sale_ratio": null,
            "price_fair": 240.54,
            "eps_avg_yearly": 6.87,
            "eps_latest_yearly": 6.04,
            "eps_growth_yearly": 28.55
        },
        "20074": {
            "year_quarter": 20074,
            "year": 2007,
            "quarter": 4,
            "eps": 1.1,
            "eps_growth_year": -34.13,
            "eps_4q": 5.96,
            "eps_4q_growth_year": 5.59,
            "roe": 6.2,
            "roe_4q": 34.239999999999995,
            "gross_profit": 249115,
            "gross_margin": 58.2,
            "gross_margin_4q_avg": 56.88,
            "net_income": 78267,
            "net_income_4q": null,
            "revenue": 427998,
            "revenue_4q": null,
            "common_shares": 709811,
            "book_valuer_per_share": 18.34,
            "book_valuer_per_share_4q_avg": 17.61,
            "equity": 1301457,
            "current_ratio": 576.69,
            "debt_ratio": 16.3,
            "inventory_turnover_ratio": 0.64,
            "account_receivable_turnover_ratio": null,
            "reinvestment_rate": -1.93,
            "research_to_sale_ratio": null,
            "price_fair": 20.11,
            "eps_avg_yearly": 6.7,
            "eps_latest_yearly": 4.4,
            "eps_growth_yearly": -0.08
        },
        "20081": {
            "year_quarter": 20081,
            "year": 2008,
            "quarter": 1,
            "eps": 0.76,
            "eps_growth_year": -54.49,
            "eps_4q": 5.07,
            "eps_4q_growth_year": -17.38,
            "roe": 4.06,
            "roe_4q": 29.189999999999998,
            "gross_profit": 196906,
            "gross_margin": 59.23,
            "gross_margin_4q_avg": 57.34,
            "net_income": 53976,
            "net_income_4q": null,
            "revenue": 332464,
            "revenue_4q": null,
            "common_shares": 709811,
            "book_valuer_per_share": 19.13,
            "book_valuer_per_share_4q_avg": 17.61,
            "equity": 1358035,
            "current_ratio": 534.13,
            "debt_ratio": 17.49,
            "inventory_turnover_ratio": 0.5,
            "account_receivable_turnover_ratio": null,
            "reinvestment_rate": -1.8,
            "research_to_sale_ratio": null,
            "price_fair": 19.59,
            "eps_avg_yearly": 6.53,
            "eps_latest_yearly": 3.04,
            "eps_growth_yearly": -3.18
        },
        "20082": {
            "year_quarter": 20082,
            "year": 2008,
            "quarter": 2,
            "eps": 1.47,
            "eps_growth_year": -13.53,
            "eps_4q": 4.84,
            "eps_4q_growth_year": -24,
            "roe": 8.58,
            "roe_4q": 28.02,
            "gross_profit": 222821,
            "gross_margin": 58.94,
            "gross_margin_4q_avg": 57.71,
            "net_income": 104486,
            "net_income_4q": null,
            "revenue": 378071,
            "revenue_4q": null,
            "common_shares": 709811,
            "book_valuer_per_share": 15.19,
            "book_valuer_per_share_4q_avg": 17.47,
            "equity": 1077968,
            "current_ratio": 452.62,
            "debt_ratio": 19.65,
            "inventory_turnover_ratio": 0.53,
            "account_receivable_turnover_ratio": null,
            "reinvestment_rate": -0.5,
            "research_to_sale_ratio": null,
            "price_fair": 83.55,
            "eps_avg_yearly": 6.29,
            "eps_latest_yearly": 5.88,
            "eps_growth_yearly": 3.28
        },
        "20083": {
            "year_quarter": 20083,
            "year": 2008,
            "quarter": 3,
            "eps": 0.87,
            "eps_growth_year": -42.38,
            "eps_4q": 4.23,
            "eps_4q_growth_year": -35.41,
            "roe": 5.69,
            "roe_4q": 24.529999999999998,
            "gross_profit": 170234,
            "gross_margin": 48.66,
            "gross_margin_4q_avg": 56.26,
            "net_income": 61379,
            "net_income_4q": null,
            "revenue": 349865,
            "revenue_4q": null,
            "common_shares": 709811,
            "book_valuer_per_share": 15.18,
            "book_valuer_per_share_4q_avg": 16.96,
            "equity": 1077805,
            "current_ratio": 406.35,
            "debt_ratio": 21.78,
            "inventory_turnover_ratio": 0.51,
            "account_receivable_turnover_ratio": null,
            "reinvestment_rate": -0.5,
            "research_to_sale_ratio": null,
            "price_fair": 18.07,
            "eps_avg_yearly": 6.02,
            "eps_latest_yearly": 3.48,
            "eps_growth_yearly": -1.88
        },
        "20084": {
            "year_quarter": 20084,
            "year": 2008,
            "quarter": 4,
            "eps": 1.07,
            "eps_growth_year": -2.73,
            "eps_4q": 4.2,
            "eps_4q_growth_year": -29.67,
            "roe": 6.88,
            "roe_4q": 25.209999999999997,
            "gross_profit": 204495,
            "gross_margin": 51.89,
            "gross_margin_4q_avg": 54.68,
            "net_income": 75270,
            "net_income_4q": null,
            "revenue": 394082,
            "revenue_4q": null,
            "common_shares": 709811,
            "book_valuer_per_share": 15.65,
            "book_valuer_per_share_4q_avg": 16.29,
            "equity": 1111072,
            "current_ratio": 385.61,
            "debt_ratio": 22.85,
            "inventory_turnover_ratio": 0.49,
            "account_receivable_turnover_ratio": 3.34,
            "reinvestment_rate": -1.55,
            "research_to_sale_ratio": null,
            "price_fair": 83.64,
            "eps_avg_yearly": 5.82,
            "eps_latest_yearly": 4.28,
            "eps_growth_yearly": 4.38
        },
        "20091": {
            "year_quarter": 20091,
            "year": 2009,
            "quarter": 1,
            "eps": 0.55,
            "eps_growth_year": -27.63,
            "eps_4q": 4.04,
            "eps_4q_growth_year": -20.41,
            "roe": 3.37,
            "roe_4q": 24.520000000000003,
            "gross_profit": 139307,
            "gross_margin": 46.32,
            "gross_margin_4q_avg": 51.45,
            "net_income": 38053,
            "net_income_4q": null,
            "revenue": 300723,
            "revenue_4q": null,
            "common_shares": 709811,
            "book_valuer_per_share": 16.14,
            "book_valuer_per_share_4q_avg": 15.54,
            "equity": 1145332,
            "current_ratio": 424.83,
            "debt_ratio": 20.72,
            "inventory_turnover_ratio": 0.44,
            "account_receivable_turnover_ratio": 1.15,
            "reinvestment_rate": -0.56,
            "research_to_sale_ratio": null,
            "price_fair": 16.85,
            "eps_avg_yearly": 5.62,
            "eps_latest_yearly": 2.2,
            "eps_growth_yearly": -0.53
        },
        "20092": {
            "year_quarter": 20092,
            "year": 2009,
            "quarter": 2,
            "eps": 0.28,
            "eps_growth_year": -80.95,
            "eps_4q": 2.82,
            "eps_4q_growth_year": -41.75,
            "roe": 1.88,
            "roe_4q": 17.82,
            "gross_profit": 131404,
            "gross_margin": 56.67,
            "gross_margin_4q_avg": 50.89,
            "net_income": 19263,
            "net_income_4q": null,
            "revenue": 231896,
            "revenue_4q": null,
            "common_shares": 709811,
            "book_valuer_per_share": 12.72,
            "book_valuer_per_share_4q_avg": 14.92,
            "equity": 902543,
            "current_ratio": 414.31,
            "debt_ratio": 20.17,
            "inventory_turnover_ratio": 0.29,
            "account_receivable_turnover_ratio": 0.99,
            "reinvestment_rate": -0.98,
            "research_to_sale_ratio": null,
            "price_fair": 15.68,
            "eps_avg_yearly": 5.23,
            "eps_latest_yearly": 1.12,
            "eps_growth_yearly": -21.88
        },
        "20093": {
            "year_quarter": 20093,
            "year": 2009,
            "quarter": 3,
            "eps": 0.36,
            "eps_growth_year": -58.62,
            "eps_4q": 2.27,
            "eps_4q_growth_year": -46.17,
            "roe": 2.72,
            "roe_4q": 14.85,
            "gross_profit": 148795,
            "gross_margin": 49.95,
            "gross_margin_4q_avg": 51.21,
            "net_income": 24933,
            "net_income_4q": null,
            "revenue": 297908,
            "revenue_4q": null,
            "common_shares": 709811,
            "book_valuer_per_share": 13.07,
            "book_valuer_per_share_4q_avg": 14.4,
            "equity": 928053,
            "current_ratio": 437.12,
            "debt_ratio": 19.35,
            "inventory_turnover_ratio": 0.49,
            "account_receivable_turnover_ratio": 1.64,
            "reinvestment_rate": -0.55,
            "research_to_sale_ratio": null,
            "price_fair": 14.47,
            "eps_avg_yearly": 4.82,
            "eps_latest_yearly": 1.44,
            "eps_growth_yearly": -16.5
        },
        "20094": {
            "year_quarter": 20094,
            "year": 2009,
            "quarter": 4,
            "eps": 0.52,
            "eps_growth_year": -51.4,
            "eps_4q": 1.72,
            "eps_4q_growth_year": -59.06,
            "roe": 3.83,
            "roe_4q": 11.8,
            "gross_profit": 167257,
            "gross_margin": 47.13,
            "gross_margin_4q_avg": 50.02,
            "net_income": 36215,
            "net_income_4q": null,
            "revenue": 354915,
            "revenue_4q": null,
            "common_shares": 709811,
            "book_valuer_per_share": 13.98,
            "book_valuer_per_share_4q_avg": 13.98,
            "equity": 964229,
            "current_ratio": 366.17,
            "debt_ratio": 23.06,
            "inventory_turnover_ratio": 0.7,
            "account_receivable_turnover_ratio": 2.5,
            "reinvestment_rate": 4.14,
            "research_to_sale_ratio": null,
            "price_fair": 13.28,
            "eps_avg_yearly": 4.43,
            "eps_latest_yearly": 2.08,
            "eps_growth_yearly": -7.17
        },
        "20101": {
            "year_quarter": 20101,
            "year": 2010,
            "quarter": 1,
            "eps": 0.53,
            "eps_growth_year": -3.64,
            "eps_4q": 1.69,
            "eps_4q_growth_year": -58,
            "roe": 3.72,
            "roe_4q": 12.150000000000002,
            "gross_profit": 162494,
            "gross_margin": 53.31,
            "gross_margin_4q_avg": 51.77,
            "net_income": 36498,
            "net_income_4q": null,
            "revenue": 304797,
            "revenue_4q": null,
            "common_shares": 709811,
            "book_valuer_per_share": 14.5,
            "book_valuer_per_share_4q_avg": 13.57,
            "equity": 1000238,
            "current_ratio": 342.85,
            "debt_ratio": 24.99,
            "inventory_turnover_ratio": 0.46,
            "account_receivable_turnover_ratio": 1.01,
            "reinvestment_rate": 4.48,
            "research_to_sale_ratio": 9.75,
            "price_fair": 50.4,
            "eps_avg_yearly": 4.21,
            "eps_latest_yearly": 2.12,
            "eps_growth_yearly": 1.96
        },
        "20102": {
            "year_quarter": 20102,
            "year": 2010,
            "quarter": 2,
            "eps": 1.01,
            "eps_growth_year": 260.56,
            "eps_4q": 2.43,
            "eps_4q_growth_year": -13.98,
            "roe": 7.09,
            "roe_4q": 17.36,
            "gross_profit": 194469,
            "gross_margin": 48.53,
            "gross_margin_4q_avg": 49.73,
            "net_income": 69641,
            "net_income_4q": null,
            "revenue": 400728,
            "revenue_4q": null,
            "common_shares": 709811,
            "book_valuer_per_share": 14,
            "book_valuer_per_share_4q_avg": 13.89,
            "equity": 965425,
            "current_ratio": 356.31,
            "debt_ratio": 24.09,
            "inventory_turnover_ratio": 0.55,
            "account_receivable_turnover_ratio": 1.24,
            "reinvestment_rate": 4.47,
            "research_to_sale_ratio": 8.22,
            "price_fair": 135.94,
            "eps_avg_yearly": 4.1,
            "eps_latest_yearly": 4.04,
            "eps_growth_yearly": 23.16
        },
        "20103": {
            "year_quarter": 20103,
            "year": 2010,
            "quarter": 3,
            "eps": 0.77,
            "eps_growth_year": 114.65,
            "eps_4q": 2.84,
            "eps_4q_growth_year": 24.71,
            "roe": 5.37,
            "roe_4q": 20.009999999999998,
            "gross_profit": 173390,
            "gross_margin": 52.05,
            "gross_margin_4q_avg": 50.26,
            "net_income": 53305,
            "net_income_4q": null,
            "revenue": 333141,
            "revenue_4q": null,
            "common_shares": 709811,
            "book_valuer_per_share": 14.78,
            "book_valuer_per_share_4q_avg": 14.32,
            "equity": 1019724,
            "current_ratio": 423.32,
            "debt_ratio": 20.7,
            "inventory_turnover_ratio": 0.38,
            "account_receivable_turnover_ratio": 1.1,
            "reinvestment_rate": 6.37,
            "research_to_sale_ratio": 7.87,
            "price_fair": 116.59,
            "eps_avg_yearly": 3.96,
            "eps_latest_yearly": 3.08,
            "eps_growth_yearly": 19.44
        },
        "20104": {
            "year_quarter": 20104,
            "year": 2010,
            "quarter": 4,
            "eps": 0.42,
            "eps_growth_year": -19.05,
            "eps_4q": 2.74,
            "eps_4q_growth_year": 59.82,
            "roe": 2.81,
            "roe_4q": 18.99,
            "gross_profit": 154027,
            "gross_margin": 46.96,
            "gross_margin_4q_avg": 50.21,
            "net_income": 28882,
            "net_income_4q": null,
            "revenue": 327992,
            "revenue_4q": null,
            "common_shares": 709811,
            "book_valuer_per_share": 15.08,
            "book_valuer_per_share_4q_avg": 14.59,
            "equity": 1034481,
            "current_ratio": 473.7,
            "debt_ratio": 18.51,
            "inventory_turnover_ratio": 0.43,
            "account_receivable_turnover_ratio": 1.16,
            "reinvestment_rate": 7.91,
            "research_to_sale_ratio": 9.05,
            "price_fair": 42.63,
            "eps_avg_yearly": 3.65,
            "eps_latest_yearly": 1.68,
            "eps_growth_yearly": 1.69
        },
        "20111": {
            "year_quarter": 20111,
            "year": 2011,
            "quarter": 1,
            "eps": 0.47,
            "eps_growth_year": -11.32,
            "eps_4q": 2.73,
            "eps_4q_growth_year": 61.05,
            "roe": 3.11,
            "roe_4q": 18.38,
            "gross_profit": 132712,
            "gross_margin": 47.58,
            "gross_margin_4q_avg": 48.78,
            "net_income": 31858,
            "net_income_4q": null,
            "revenue": 278933,
            "revenue_4q": null,
            "common_shares": 709811,
            "book_valuer_per_share": 15.11,
            "book_valuer_per_share_4q_avg": 14.74,
            "equity": 1017060,
            "current_ratio": 423.66,
            "debt_ratio": 20.37,
            "inventory_turnover_ratio": 0.39,
            "account_receivable_turnover_ratio": 1.04,
            "reinvestment_rate": 9.16,
            "research_to_sale_ratio": 10.84,
            "price_fair": 49.09,
            "eps_avg_yearly": 3.35,
            "eps_latest_yearly": 1.88,
            "eps_growth_yearly": 4.66
        },
        "20112": {
            "year_quarter": 20112,
            "year": 2011,
            "quarter": 2,
            "eps": 0.96,
            "eps_growth_year": -4.97,
            "eps_4q": 2.65,
            "eps_4q_growth_year": 9.44,
            "roe": 6.6,
            "roe_4q": 17.89,
            "gross_profit": 223471,
            "gross_margin": 50.02,
            "gross_margin_4q_avg": 49.15,
            "net_income": 64565,
            "net_income_4q": null,
            "revenue": 446766,
            "revenue_4q": null,
            "common_shares": 709811,
            "book_valuer_per_share": 13.97,
            "book_valuer_per_share_4q_avg": 14.74,
            "equity": 940113,
            "current_ratio": 372.4,
            "debt_ratio": 22.77,
            "inventory_turnover_ratio": 0.58,
            "account_receivable_turnover_ratio": 1.31,
            "reinvestment_rate": 10.47,
            "research_to_sale_ratio": 9.86,
            "price_fair": 110.69,
            "eps_avg_yearly": 3.16,
            "eps_latest_yearly": 3.84,
            "eps_growth_yearly": 30.28
        },
        "20113": {
            "year_quarter": 20113,
            "year": 2011,
            "quarter": 3,
            "eps": 0.76,
            "eps_growth_year": -2.19,
            "eps_4q": 2.56,
            "eps_4q_growth_year": -9.6,
            "roe": 5.26,
            "roe_4q": 17.779999999999998,
            "gross_profit": 186125,
            "gross_margin": 45.87,
            "gross_margin_4q_avg": 47.61,
            "net_income": 52378,
            "net_income_4q": null,
            "revenue": 405792,
            "revenue_4q": null,
            "common_shares": 709811,
            "book_valuer_per_share": 15.16,
            "book_valuer_per_share_4q_avg": 14.83,
            "equity": 1050605,
            "current_ratio": 347.31,
            "debt_ratio": 24.74,
            "inventory_turnover_ratio": 0.5,
            "account_receivable_turnover_ratio": 0.96,
            "reinvestment_rate": 6.09,
            "research_to_sale_ratio": 9.1,
            "price_fair": 104.13,
            "eps_avg_yearly": 2.98,
            "eps_latest_yearly": 3.04,
            "eps_growth_yearly": 27.86
        },
        "20114": {
            "year_quarter": 20114,
            "year": 2011,
            "quarter": 4,
            "eps": 0.55,
            "eps_growth_year": 31.14,
            "eps_4q": 2.7,
            "eps_4q_growth_year": -1.5,
            "roe": 3.58,
            "roe_4q": 18.55,
            "gross_profit": 203780,
            "gross_margin": 47.79,
            "gross_margin_4q_avg": 47.82,
            "net_income": 38178,
            "net_income_4q": null,
            "revenue": 426374,
            "revenue_4q": null,
            "common_shares": 709811,
            "book_valuer_per_share": 15.68,
            "book_valuer_per_share_4q_avg": 14.98,
            "equity": 1084470,
            "current_ratio": 313.63,
            "debt_ratio": 27.21,
            "inventory_turnover_ratio": 0.45,
            "account_receivable_turnover_ratio": 1.25,
            "reinvestment_rate": 7.39,
            "research_to_sale_ratio": 8.64,
            "price_fair": 99.31,
            "eps_avg_yearly": 2.84,
            "eps_latest_yearly": 2.2,
            "eps_growth_yearly": 27.74
        },
        "20121": {
            "year_quarter": 20121,
            "year": 2012,
            "quarter": 1,
            "eps": 0.57,
            "eps_growth_year": 21.28,
            "eps_4q": 2.84,
            "eps_4q_growth_year": 3.93,
            "roe": 3.58,
            "roe_4q": 19.02,
            "gross_profit": 167119,
            "gross_margin": 46.38,
            "gross_margin_4q_avg": 47.52,
            "net_income": 39146,
            "net_income_4q": null,
            "revenue": 360328,
            "revenue_4q": null,
            "common_shares": 709811,
            "book_valuer_per_share": 16.1,
            "book_valuer_per_share_4q_avg": 15.23,
            "equity": 1104827,
            "current_ratio": 380.61,
            "debt_ratio": 22.45,
            "inventory_turnover_ratio": 0.39,
            "account_receivable_turnover_ratio": 1.55,
            "reinvestment_rate": 6.83,
            "research_to_sale_ratio": 10.46,
            "price_fair": 97.65,
            "eps_avg_yearly": 2.79,
            "eps_latest_yearly": 2.28,
            "eps_growth_yearly": 36.38
        },
        "20122": {
            "year_quarter": 20122,
            "year": 2012,
            "quarter": 2,
            "eps": 0.69,
            "eps_growth_year": -27.66,
            "eps_4q": 2.59,
            "eps_4q_growth_year": -2.49,
            "roe": 4.5,
            "roe_4q": 16.92,
            "gross_profit": 184285,
            "gross_margin": 44.56,
            "gross_margin_4q_avg": 46.15,
            "net_income": 47268,
            "net_income_4q": null,
            "revenue": 413558,
            "revenue_4q": null,
            "common_shares": 709811,
            "book_valuer_per_share": 14.48,
            "book_valuer_per_share_4q_avg": 15.36,
            "equity": 994018,
            "current_ratio": 323.46,
            "debt_ratio": 25.42,
            "inventory_turnover_ratio": 0.48,
            "account_receivable_turnover_ratio": 1.33,
            "reinvestment_rate": 5.73,
            "research_to_sale_ratio": 11.89,
            "price_fair": 73.41,
            "eps_avg_yearly": 2.6,
            "eps_latest_yearly": 2.76,
            "eps_growth_yearly": 18.29
        },
        "20123": {
            "year_quarter": 20123,
            "year": 2012,
            "quarter": 3,
            "eps": -0.11,
            "eps_growth_year": -114.76,
            "eps_4q": 1.71,
            "eps_4q_growth_year": -33.24,
            "roe": -0.82,
            "roe_4q": 10.84,
            "gross_profit": 146039,
            "gross_margin": 40.07,
            "gross_margin_4q_avg": 44.7,
            "net_income": -8127,
            "net_income_4q": null,
            "revenue": 364496,
            "revenue_4q": null,
            "common_shares": 709811,
            "book_valuer_per_share": 14.36,
            "book_valuer_per_share_4q_avg": 15.16,
            "equity": 985343,
            "current_ratio": 321.64,
            "debt_ratio": 25.44,
            "inventory_turnover_ratio": 0.44,
            "account_receivable_turnover_ratio": 0.88,
            "reinvestment_rate": 7.94,
            "research_to_sale_ratio": 16.35,
            "price_fair": 88.76,
            "eps_avg_yearly": 2.54,
            "eps_latest_yearly": 2.76,
            "eps_growth_yearly": 30.39
        },
        "20124": {
            "year_quarter": 20124,
            "year": 2012,
            "quarter": 4,
            "eps": 0.03,
            "eps_growth_year": -94.88,
            "eps_4q": 1.18,
            "eps_4q_growth_year": -56.26,
            "roe": 0.2,
            "roe_4q": 7.46,
            "gross_profit": 138162,
            "gross_margin": 34.9,
            "gross_margin_4q_avg": 41.48,
            "net_income": 1974,
            "net_income_4q": null,
            "revenue": 395833,
            "revenue_4q": null,
            "common_shares": 709811,
            "book_valuer_per_share": 14.39,
            "book_valuer_per_share_4q_avg": 14.83,
            "equity": 987209,
            "current_ratio": 338.61,
            "debt_ratio": 24.39,
            "inventory_turnover_ratio": 0.53,
            "account_receivable_turnover_ratio": 1.17,
            "reinvestment_rate": 9.39,
            "research_to_sale_ratio": 9.05,
            "price_fair": 84.4,
            "eps_avg_yearly": 2.41,
            "eps_latest_yearly": 2.76,
            "eps_growth_yearly": 26
        },
        "20131": {
            "year_quarter": 20131,
            "year": 2013,
            "quarter": 1,
            "eps": 0.08,
            "eps_growth_year": -85.96,
            "eps_4q": 0.69,
            "eps_4q_growth_year": -75.52,
            "roe": 0.57,
            "roe_4q": 4.45,
            "gross_profit": 124972,
            "gross_margin": 41.58,
            "gross_margin_4q_avg": 40.28,
            "net_income": 5651,
            "net_income_4q": null,
            "revenue": 300575,
            "revenue_4q": null,
            "common_shares": 709811,
            "book_valuer_per_share": 14.37,
            "book_valuer_per_share_4q_avg": 14.4,
            "equity": 997400,
            "current_ratio": 320.73,
            "debt_ratio": 25.91,
            "inventory_turnover_ratio": 0.36,
            "account_receivable_turnover_ratio": 1.32,
            "reinvestment_rate": 6.02,
            "research_to_sale_ratio": 16.03,
            "price_fair": 79.7,
            "eps_avg_yearly": 2.28,
            "eps_latest_yearly": 0.32,
            "eps_growth_yearly": 87.5
        },
        "20132": {
            "year_quarter": 20132,
            "year": 2013,
            "quarter": 2,
            "eps": 0.42,
            "eps_growth_year": -39.48,
            "eps_4q": 0.42,
            "eps_4q_growth_year": -83.94,
            "roe": 2.78,
            "roe_4q": 2.73,
            "gross_profit": 174778,
            "gross_margin": 43.12,
            "gross_margin_4q_avg": 39.92,
            "net_income": 27158,
            "net_income_4q": null,
            "revenue": 405374,
            "revenue_4q": null,
            "common_shares": 709811,
            "book_valuer_per_share": 13.8,
            "book_valuer_per_share_4q_avg": 14.23,
            "equity": 956729,
            "current_ratio": 293.81,
            "debt_ratio": 30.32,
            "inventory_turnover_ratio": 0.45,
            "account_receivable_turnover_ratio": 1.73,
            "reinvestment_rate": 5.28,
            "research_to_sale_ratio": 15.88,
            "price_fair": 81.1,
            "eps_avg_yearly": 2.32,
            "eps_latest_yearly": 1.68,
            "eps_growth_yearly": 222.95
        },
        "20133": {
            "year_quarter": 20133,
            "year": 2013,
            "quarter": 3,
            "eps": 0.28,
            "eps_growth_year": null,
            "eps_4q": 0.81,
            "eps_4q_growth_year": -52.76,
            "roe": 1.31,
            "roe_4q": 4.86,
            "gross_profit": 155654,
            "gross_margin": 40.55,
            "gross_margin_4q_avg": 40.04,
            "net_income": 12573,
            "net_income_4q": null,
            "revenue": 383843,
            "revenue_4q": null,
            "common_shares": 709811,
            "book_valuer_per_share": 14.07,
            "book_valuer_per_share_4q_avg": 14.16,
            "equity": 968938,
            "current_ratio": 347.68,
            "debt_ratio": 25.84,
            "inventory_turnover_ratio": 0.44,
            "account_receivable_turnover_ratio": 1.48,
            "reinvestment_rate": 4.66,
            "research_to_sale_ratio": 18.61,
            "price_fair": 80.3,
            "eps_avg_yearly": 2.29,
            "eps_latest_yearly": 1.12,
            "eps_growth_yearly": 205.27
        },
        "20134": {
            "year_quarter": 20134,
            "year": 2013,
            "quarter": 4,
            "eps": -0.03,
            "eps_growth_year": -188.69,
            "eps_4q": 0.76,
            "eps_4q_growth_year": -36.13,
            "roe": -0.24,
            "roe_4q": 4.42,
            "gross_profit": 151602,
            "gross_margin": 44.38,
            "gross_margin_4q_avg": 42.41,
            "net_income": -2335,
            "net_income_4q": null,
            "revenue": 341562,
            "revenue_4q": null,
            "common_shares": 709811,
            "book_valuer_per_share": 14.08,
            "book_valuer_per_share_4q_avg": 14.08,
            "equity": 968688,
            "current_ratio": 393,
            "debt_ratio": 23,
            "inventory_turnover_ratio": 0.37,
            "account_receivable_turnover_ratio": 1.49,
            "reinvestment_rate": -3.88,
            "research_to_sale_ratio": 21.81,
            "price_fair": 80.88,
            "eps_avg_yearly": 2.31,
            "eps_latest_yearly": 1.12,
            "eps_growth_yearly": 207.38
        },
        "20141": {
            "year_quarter": 20141,
            "year": 2014,
            "quarter": 1,
            "eps": 0.27,
            "eps_growth_year": 237.5,
            "eps_4q": 0.94,
            "eps_4q_growth_year": 35.52,
            "roe": 1.57,
            "roe_4q": 5.42,
            "gross_profit": 152880,
            "gross_margin": 45.22,
            "gross_margin_4q_avg": 43.32,
            "net_income": 15293,
            "net_income_4q": null,
            "revenue": 338097,
            "revenue_4q": null,
            "common_shares": 692991,
            "book_valuer_per_share": 14.36,
            "book_valuer_per_share_4q_avg": 14.08,
            "equity": 985044,
            "current_ratio": 389.07,
            "debt_ratio": 23.32,
            "inventory_turnover_ratio": 0.38,
            "account_receivable_turnover_ratio": 1.7,
            "reinvestment_rate": -2.51,
            "research_to_sale_ratio": 16.31,
            "price_fair": 81.43,
            "eps_avg_yearly": 2.33,
            "eps_latest_yearly": 1.12,
            "eps_growth_yearly": 224.02
        },
        "20142": {
            "year_quarter": 20142,
            "year": 2014,
            "quarter": 2,
            "eps": -0.1,
            "eps_growth_year": -123.81,
            "eps_4q": 0.43,
            "eps_4q_growth_year": 3.04,
            "roe": -0.79,
            "roe_4q": 1.85,
            "gross_profit": 141492,
            "gross_margin": 43.58,
            "gross_margin_4q_avg": 43.43,
            "net_income": -7605,
            "net_income_4q": null,
            "revenue": 324646,
            "revenue_4q": null,
            "common_shares": 692991,
            "book_valuer_per_share": 13.65,
            "book_valuer_per_share_4q_avg": 14.04,
            "equity": 935268,
            "current_ratio": 301.94,
            "debt_ratio": 27.84,
            "inventory_turnover_ratio": 0.37,
            "account_receivable_turnover_ratio": 1.76,
            "reinvestment_rate": -3.43,
            "research_to_sale_ratio": 20.39,
            "price_fair": 75.98,
            "eps_avg_yearly": 2.17,
            "eps_latest_yearly": 1.12,
            "eps_growth_yearly": 211.45
        },
        "20143": {
            "year_quarter": 20143,
            "year": 2014,
            "quarter": 3,
            "eps": 0.04,
            "eps_growth_year": -85.71,
            "eps_4q": 0.19,
            "eps_4q_growth_year": -76.42,
            "roe": 0.3,
            "roe_4q": 0.8400000000000001,
            "gross_profit": 130425,
            "gross_margin": 39.92,
            "gross_margin_4q_avg": 43.28,
            "net_income": 2856,
            "net_income_4q": null,
            "revenue": 326743,
            "revenue_4q": null,
            "common_shares": 692991,
            "book_valuer_per_share": 13.69,
            "book_valuer_per_share_4q_avg": 13.95,
            "equity": 938096,
            "current_ratio": 348.21,
            "debt_ratio": 24.44,
            "inventory_turnover_ratio": 0.36,
            "account_receivable_turnover_ratio": 1.73,
            "reinvestment_rate": -2.8,
            "research_to_sale_ratio": 18.25,
            "price_fair": 72.8,
            "eps_avg_yearly": 2.08,
            "eps_latest_yearly": 1.12,
            "eps_growth_yearly": 242.11
        },
        "20144": {
            "year_quarter": 20144,
            "year": 2014,
            "quarter": 4,
            "eps": 0.35,
            "eps_growth_year": null,
            "eps_4q": 0.56,
            "eps_4q_growth_year": -25.7,
            "roe": 2.43,
            "roe_4q": 3.51,
            "gross_profit": 154412,
            "gross_margin": 42.16,
            "gross_margin_4q_avg": 42.72,
            "net_income": 23106,
            "net_income_4q": null,
            "revenue": 366249,
            "revenue_4q": null,
            "common_shares": 692991,
            "book_valuer_per_share": 14.09,
            "book_valuer_per_share_4q_avg": 13.95,
            "equity": 964721,
            "current_ratio": 388.87,
            "debt_ratio": 22.3,
            "inventory_turnover_ratio": 0.38,
            "account_receivable_turnover_ratio": 1.89,
            "reinvestment_rate": -8.66,
            "research_to_sale_ratio": 17.04,
            "price_fair": 71.82,
            "eps_avg_yearly": 2.05,
            "eps_latest_yearly": 1.4,
            "eps_growth_yearly": 570.29
        },
        "20151": {
            "year_quarter": 20151,
            "year": 2015,
            "quarter": 1,
            "eps": 0.03,
            "eps_growth_year": -88.89,
            "eps_4q": 0.32,
            "eps_4q_growth_year": -65.59,
            "roe": 0.23,
            "roe_4q": 2.17,
            "gross_profit": 120802,
            "gross_margin": 48.23,
            "gross_margin_4q_avg": 43.47,
            "net_income": 2200,
            "net_income_4q": null,
            "revenue": 250453,
            "revenue_4q": null,
            "common_shares": 684891,
            "book_valuer_per_share": 14.09,
            "book_valuer_per_share_4q_avg": 13.88,
            "equity": 965337,
            "current_ratio": 486.88,
            "debt_ratio": 18.06,
            "inventory_turnover_ratio": 0.24,
            "account_receivable_turnover_ratio": 1.5,
            "reinvestment_rate": -11.86,
            "research_to_sale_ratio": 21.25,
            "price_fair": 65.66,
            "eps_avg_yearly": 1.88,
            "eps_latest_yearly": 0.12,
            "eps_growth_yearly": 528.95
        },
        "20152": {
            "year_quarter": 20152,
            "year": 2015,
            "quarter": 2,
            "eps": -0.15,
            "eps_growth_year": null,
            "eps_4q": 0.27,
            "eps_4q_growth_year": -36.28,
            "roe": -1.1,
            "roe_4q": 1.86,
            "gross_profit": 95800,
            "gross_margin": 39.91,
            "gross_margin_4q_avg": 42.56,
            "net_income": -10183,
            "net_income_4q": null,
            "revenue": 240065,
            "revenue_4q": null,
            "common_shares": 684891,
            "book_valuer_per_share": 12.89,
            "book_valuer_per_share_4q_avg": 13.69,
            "equity": 882995,
            "current_ratio": 399.17,
            "debt_ratio": 21.59,
            "inventory_turnover_ratio": 0.28,
            "account_receivable_turnover_ratio": 1.69,
            "reinvestment_rate": -17.8,
            "research_to_sale_ratio": 20.08,
            "price_fair": 58.02,
            "eps_avg_yearly": 1.66,
            "eps_latest_yearly": 0.12,
            "eps_growth_yearly": 541.39
        },
        "20153": {
            "year_quarter": 20153,
            "year": 2015,
            "quarter": 3,
            "eps": 0.02,
            "eps_growth_year": -50,
            "eps_4q": 0.25,
            "eps_4q_growth_year": 31.26,
            "roe": 0.16,
            "roe_4q": 1.7200000000000002,
            "gross_profit": 101483,
            "gross_margin": 38.87,
            "gross_margin_4q_avg": 42.29,
            "net_income": 1460,
            "net_income_4q": null,
            "revenue": 261076,
            "revenue_4q": null,
            "common_shares": 684891,
            "book_valuer_per_share": 12.96,
            "book_valuer_per_share_4q_avg": 13.51,
            "equity": 887559,
            "current_ratio": 450.71,
            "debt_ratio": 19.46,
            "inventory_turnover_ratio": 0.34,
            "account_receivable_turnover_ratio": 1.76,
            "reinvestment_rate": -6.46,
            "research_to_sale_ratio": 18.54,
            "price_fair": 51.98,
            "eps_avg_yearly": 1.49,
            "eps_latest_yearly": 0.12,
            "eps_growth_yearly": 619.48
        },
        "20154": {
            "year_quarter": 20154,
            "year": 2015,
            "quarter": 4,
            "eps": 0.7,
            "eps_growth_year": 101.37,
            "eps_4q": 0.6,
            "eps_4q_growth_year": 7,
            "roe": 5.22,
            "roe_4q": 4.51,
            "gross_profit": 155965,
            "gross_margin": 41.13,
            "gross_margin_4q_avg": 42.04,
            "net_income": 47640,
            "net_income_4q": null,
            "revenue": 379157,
            "revenue_4q": null,
            "common_shares": 684891,
            "book_valuer_per_share": 13.68,
            "book_valuer_per_share_4q_avg": 13.41,
            "equity": 936717,
            "current_ratio": 403.04,
            "debt_ratio": 22.02,
            "inventory_turnover_ratio": 0.5,
            "account_receivable_turnover_ratio": 2.13,
            "reinvestment_rate": -16.51,
            "research_to_sale_ratio": 12.66,
            "price_fair": 54.6,
            "eps_avg_yearly": 1.56,
            "eps_latest_yearly": 2.8,
            "eps_growth_yearly": 2333.3
        },
        "20161": {
            "year_quarter": 20161,
            "year": 2016,
            "quarter": 1,
            "eps": 0.77,
            "eps_growth_year": 2466.67,
            "eps_4q": 1.34,
            "eps_4q_growth_year": 314.06,
            "roe": 5.5,
            "roe_4q": 9.78,
            "gross_profit": 173847,
            "gross_margin": 47.54,
            "gross_margin_4q_avg": 41.86,
            "net_income": 52912,
            "net_income_4q": null,
            "revenue": 365704,
            "revenue_4q": null,
            "common_shares": 684891,
            "book_valuer_per_share": 14.44,
            "book_valuer_per_share_4q_avg": 13.49,
            "equity": 988774,
            "current_ratio": 421.15,
            "debt_ratio": 21.24,
            "inventory_turnover_ratio": 0.41,
            "account_receivable_turnover_ratio": 1.78,
            "reinvestment_rate": -17.6,
            "research_to_sale_ratio": 13.55,
            "price_fair": 58.1,
            "eps_avg_yearly": 1.66,
            "eps_latest_yearly": 3.08,
            "eps_growth_yearly": 2336.48
        },
        "20162": {
            "year_quarter": 20162,
            "year": 2016,
            "quarter": 2,
            "eps": 0.32,
            "eps_growth_year": null,
            "eps_4q": 1.81,
            "eps_4q_growth_year": 564.25,
            "roe": 2.29,
            "roe_4q": 13.17,
            "gross_profit": 143370,
            "gross_margin": 44,
            "gross_margin_4q_avg": 42.89,
            "net_income": 22103,
            "net_income_4q": null,
            "revenue": 325840,
            "revenue_4q": null,
            "common_shares": 684891,
            "book_valuer_per_share": 13.76,
            "book_valuer_per_share_4q_avg": 13.71,
            "equity": 942583,
            "current_ratio": 356.62,
            "debt_ratio": 25.01,
            "inventory_turnover_ratio": 0.38,
            "account_receivable_turnover_ratio": 1.71,
            "reinvestment_rate": -28.66,
            "research_to_sale_ratio": 14.98,
            "price_fair": 51.63,
            "eps_avg_yearly": 1.48,
            "eps_latest_yearly": 1.28,
            "eps_growth_yearly": 2296.73
        },
        "20163": {
            "year_quarter": 20163,
            "year": 2016,
            "quarter": 3,
            "eps": 0.01,
            "eps_growth_year": -50,
            "eps_4q": 1.8,
            "eps_4q_growth_year": 619.88,
            "roe": 0.05,
            "roe_4q": 13.059999999999999,
            "gross_profit": 127134,
            "gross_margin": 43.06,
            "gross_margin_4q_avg": 43.93,
            "net_income": 495,
            "net_income_4q": null,
            "revenue": 295264,
            "revenue_4q": null,
            "common_shares": 684891,
            "book_valuer_per_share": 13.73,
            "book_valuer_per_share_4q_avg": 13.9,
            "equity": 940846,
            "current_ratio": 488.83,
            "debt_ratio": 18.58,
            "inventory_turnover_ratio": 0.35,
            "account_receivable_turnover_ratio": 1.64,
            "reinvestment_rate": -33.93,
            "research_to_sale_ratio": 19.14,
            "price_fair": 46.04,
            "eps_avg_yearly": 1.32,
            "eps_latest_yearly": 0.04,
            "eps_growth_yearly": 1998.48
        },
        "20164": {
            "year_quarter": 20164,
            "year": 2016,
            "quarter": 4,
            "eps": 0.09,
            "eps_growth_year": -87.68,
            "eps_4q": 1.19,
            "eps_4q_growth_year": 98.51,
            "roe": 0.61,
            "roe_4q": 8.45,
            "gross_profit": 129415,
            "gross_margin": 40.78,
            "gross_margin_4q_avg": 43.85,
            "net_income": 5735,
            "net_income_4q": null,
            "revenue": 317325,
            "revenue_4q": null,
            "common_shares": 684891,
            "book_valuer_per_share": 13.82,
            "book_valuer_per_share_4q_avg": 13.94,
            "equity": 946812,
            "current_ratio": 436.08,
            "debt_ratio": 22.29,
            "inventory_turnover_ratio": 0.42,
            "account_receivable_turnover_ratio": 1.7,
            "reinvestment_rate": -31.67,
            "research_to_sale_ratio": 18.54,
            "price_fair": 42.7,
            "eps_avg_yearly": 1.22,
            "eps_latest_yearly": 0.36,
            "eps_growth_yearly": 2118.64
        },
        "20171": {
            "year_quarter": 20171,
            "year": 2017,
            "quarter": 1,
            "eps": -0.79,
            "eps_growth_year": -202.6,
            "eps_4q": -0.37,
            "eps_4q_growth_year": -127.87,
            "roe": -5.96,
            "roe_4q": -3.01,
            "gross_profit": 89807,
            "gross_margin": 38.31,
            "gross_margin_4q_avg": 41.54,
            "net_income": -54631,
            "net_income_4q": null,
            "revenue": 234411,
            "revenue_4q": null,
            "common_shares": 684891,
            "book_valuer_per_share": 12.95,
            "book_valuer_per_share_4q_avg": 13.57,
            "equity": 887817,
            "current_ratio": 493.02,
            "debt_ratio": 19.68,
            "inventory_turnover_ratio": 0.35,
            "account_receivable_turnover_ratio": 1.41,
            "reinvestment_rate": -34.72,
            "research_to_sale_ratio": 30.94,
            "price_fair": 46.2,
            "eps_avg_yearly": 1.32,
            "eps_latest_yearly": 0.36,
            "eps_growth_yearly": 2279.97
        },
        "20172": {
            "year_quarter": 20172,
            "year": 2017,
            "quarter": 2,
            "eps": -0.46,
            "eps_growth_year": -243.75,
            "eps_4q": -1.16,
            "eps_4q_growth_year": -163.75,
            "roe": -3.78,
            "roe_4q": -9.08,
            "gross_profit": 100052,
            "gross_margin": 38,
            "gross_margin_4q_avg": 40.04,
            "net_income": -31674,
            "net_income_4q": null,
            "revenue": 263280,
            "revenue_4q": null,
            "common_shares": 684891,
            "book_valuer_per_share": 11.52,
            "book_valuer_per_share_4q_avg": 13.01,
            "equity": 789353,
            "current_ratio": 341.19,
            "debt_ratio": 26.82,
            "inventory_turnover_ratio": 0.4,
            "account_receivable_turnover_ratio": 1.62,
            "reinvestment_rate": -40.34,
            "research_to_sale_ratio": 22.73,
            "price_fair": 44.63,
            "eps_avg_yearly": 1.28,
            "eps_latest_yearly": 0.36,
            "eps_growth_yearly": 2352.46
        },
        "20173": {
            "year_quarter": 20173,
            "year": 2017,
            "quarter": 3,
            "eps": -0.07,
            "eps_growth_year": -800,
            "eps_4q": -1.24,
            "eps_4q_growth_year": -168.67,
            "roe": -0.64,
            "roe_4q": -9.77,
            "gross_profit": 128378,
            "gross_margin": 38.23,
            "gross_margin_4q_avg": 38.83,
            "net_income": -5074,
            "net_income_4q": null,
            "revenue": 335789,
            "revenue_4q": null,
            "common_shares": 684891,
            "book_valuer_per_share": 11.45,
            "book_valuer_per_share_4q_avg": 12.44,
            "equity": 784874,
            "current_ratio": 279.65,
            "debt_ratio": 32.4,
            "inventory_turnover_ratio": 0.48,
            "account_receivable_turnover_ratio": 1.49,
            "reinvestment_rate": -46.97,
            "research_to_sale_ratio": 18.6,
            "price_fair": 45.4,
            "eps_avg_yearly": 1.3,
            "eps_latest_yearly": 0.36,
            "eps_growth_yearly": 2707.57
        },
        "20174": {
            "year_quarter": 20174,
            "year": 2017,
            "quarter": 4,
            "eps": 0.51,
            "eps_growth_year": 496.23,
            "eps_4q": -0.81,
            "eps_4q_growth_year": -168.14,
            "roe": 4.34,
            "roe_4q": -6.04,
            "gross_profit": 163963,
            "gross_margin": 40.11,
            "gross_margin_4q_avg": 38.66,
            "net_income": 34812,
            "net_income_4q": null,
            "revenue": 408743,
            "revenue_4q": null,
            "common_shares": 684891,
            "book_valuer_per_share": 11.95,
            "book_valuer_per_share_4q_avg": 11.97,
            "equity": 819398,
            "current_ratio": 301.51,
            "debt_ratio": 30.38,
            "inventory_turnover_ratio": 0.56,
            "account_receivable_turnover_ratio": 1.54,
            "reinvestment_rate": -36.24,
            "research_to_sale_ratio": 11.79,
            "price_fair": 45.4,
            "eps_avg_yearly": 1.3,
            "eps_latest_yearly": 0.36,
            "eps_growth_yearly": 2707.57
        },
        "20181": {
            "year_quarter": 20181,
            "year": 2018,
            "quarter": 1,
            "eps": 0.01,
            "eps_growth_year": null,
            "eps_4q": -0.01,
            "eps_4q_growth_year": null,
            "roe": 0.08,
            "roe_4q": 0,
            "gross_profit": 119593,
            "gross_margin": 40.59,
            "gross_margin_4q_avg": 39.23,
            "net_income": 660,
            "net_income_4q": null,
            "revenue": 294633,
            "revenue_4q": null,
            "common_shares": 684891,
            "book_valuer_per_share": 11.95,
            "book_valuer_per_share_4q_avg": 11.72,
            "equity": 819297,
            "current_ratio": 299.12,
            "debt_ratio": 30.7,
            "inventory_turnover_ratio": 0.39,
            "account_receivable_turnover_ratio": 1.33,
            "reinvestment_rate": -47.79,
            "research_to_sale_ratio": 15.43,
            "price_fair": 39.9,
            "eps_avg_yearly": 1.14,
            "eps_latest_yearly": 0.04,
            "eps_growth_yearly": 2320.11
        },
        "20182": {
            "year_quarter": 20182,
            "year": 2018,
            "quarter": 2,
            "eps": 0.17,
            "eps_growth_year": null,
            "eps_4q": 0.62,
            "eps_4q_growth_year": null,
            "roe": 1.37,
            "roe_4q": 5.15,
            "gross_profit": 121435,
            "gross_margin": 39.03,
            "gross_margin_4q_avg": 39.49,
            "net_income": 11362,
            "net_income_4q": null,
            "revenue": 311127,
            "revenue_4q": null,
            "common_shares": 684891,
            "book_valuer_per_share": 12.17,
            "book_valuer_per_share_4q_avg": 11.88,
            "equity": 833903,
            "current_ratio": 300.22,
            "debt_ratio": 30.73,
            "inventory_turnover_ratio": 0.4,
            "account_receivable_turnover_ratio": 1.6,
            "reinvestment_rate": -36.2,
            "research_to_sale_ratio": 16.61,
            "price_fair": 38.11,
            "eps_avg_yearly": 1.09,
            "eps_latest_yearly": 0.68,
            "eps_growth_yearly": 2773.43
        },
        "20183": {
            "year_quarter": 20183,
            "year": 2018,
            "quarter": 3,
            "eps": 0.51,
            "eps_growth_year": null,
            "eps_4q": 1.2,
            "eps_4q_growth_year": null,
            "roe": 4.09,
            "roe_4q": 9.879999999999999,
            "gross_profit": 175729,
            "gross_margin": 37.28,
            "gross_margin_4q_avg": 39.25,
            "net_income": 34775,
            "net_income_4q": null,
            "revenue": 471348,
            "revenue_4q": null,
            "common_shares": 684891,
            "book_valuer_per_share": 12.66,
            "book_valuer_per_share_4q_avg": 12.18,
            "equity": 867213,
            "current_ratio": 226.21,
            "debt_ratio": 40.63,
            "inventory_turnover_ratio": 0.58,
            "account_receivable_turnover_ratio": 1.57,
            "reinvestment_rate": -42.09,
            "research_to_sale_ratio": 11.96,
            "price_fair": 41.44,
            "eps_avg_yearly": 1.18,
            "eps_latest_yearly": 2.04,
            "eps_growth_yearly": 2576.09
        },
        "20184": {
            "year_quarter": 20184,
            "year": 2018,
            "quarter": 4,
            "eps": 0.14,
            "eps_growth_year": -73.38,
            "eps_4q": 0.83,
            "eps_4q_growth_year": null,
            "roe": 1.06,
            "roe_4q": 6.6000000000000005,
            "gross_profit": 163000,
            "gross_margin": 33.2,
            "gross_margin_4q_avg": 37.53,
            "net_income": 9239,
            "net_income_4q": null,
            "revenue": 491012,
            "revenue_4q": null,
            "common_shares": 684891,
            "book_valuer_per_share": 12.81,
            "book_valuer_per_share_4q_avg": 12.4,
            "equity": 877551,
            "current_ratio": 264.98,
            "debt_ratio": 34.63,
            "inventory_turnover_ratio": 0.62,
            "account_receivable_turnover_ratio": 1.33,
            "reinvestment_rate": -35.98,
            "research_to_sale_ratio": 13.34,
            "price_fair": 38.5,
            "eps_avg_yearly": 1.1,
            "eps_latest_yearly": 0.56,
            "eps_growth_yearly": 2237.07
        },
        "20191": {
            "year_quarter": 20191,
            "year": 2019,
            "quarter": 1,
            "eps": -0.19,
            "eps_growth_year": -2000,
            "eps_4q": 0.62,
            "eps_4q_growth_year": null,
            "roe": -1.53,
            "roe_4q": 4.99,
            "gross_profit": 114003,
            "gross_margin": 40.18,
            "gross_margin_4q_avg": 37.42,
            "net_income": -13353,
            "net_income_4q": null,
            "revenue": 283703,
            "revenue_4q": null,
            "common_shares": 684891,
            "book_valuer_per_share": 12.62,
            "book_valuer_per_share_4q_avg": 12.57,
            "equity": 865382,
            "current_ratio": 280.51,
            "debt_ratio": 31.9,
            "inventory_turnover_ratio": 0.33,
            "account_receivable_turnover_ratio": 1.07,
            "reinvestment_rate": -32.98,
            "research_to_sale_ratio": 19.62,
            "price_fair": 42.31,
            "eps_avg_yearly": 1.21,
            "eps_latest_yearly": 0.56,
            "eps_growth_yearly": 2526.26
        },
        "20192": {
            "year_quarter": 20192,
            "year": 2019,
            "quarter": 2,
            "eps": 0.06,
            "eps_growth_year": -64.71,
            "eps_4q": 0.51,
            "eps_4q_growth_year": -17.85,
            "roe": 0.45,
            "roe_4q": 4.07,
            "gross_profit": 138492,
            "gross_margin": 40.28,
            "gross_margin_4q_avg": 37.74,
            "net_income": 3753,
            "net_income_4q": null,
            "revenue": 343826,
            "revenue_4q": null,
            "common_shares": 684891,
            "book_valuer_per_share": 11.96,
            "book_valuer_per_share_4q_avg": 12.51,
            "equity": 819438,
            "current_ratio": 282.12,
            "debt_ratio": 31.38,
            "inventory_turnover_ratio": 0.41,
            "account_receivable_turnover_ratio": 1.63,
            "reinvestment_rate": -17.51,
            "research_to_sale_ratio": 18.04,
            "price_fair": 42.31,
            "eps_avg_yearly": 1.21,
            "eps_latest_yearly": 0.56,
            "eps_growth_yearly": 2526.26
        },
        "20193": {
            "year_quarter": 20193,
            "year": 2019,
            "quarter": 3,
            "eps": 0.1,
            "eps_growth_year": -80.39,
            "eps_4q": 0.1,
            "eps_4q_growth_year": -91.41,
            "roe": 0.85,
            "roe_4q": 0.8300000000000001,
            "gross_profit": 143029,
            "gross_margin": 43.2,
            "gross_margin_4q_avg": 39.22,
            "net_income": 6969,
            "net_income_4q": null,
            "revenue": 331085,
            "revenue_4q": null,
            "common_shares": 684891,
            "book_valuer_per_share": 12.04,
            "book_valuer_per_share_4q_avg": 12.36,
            "equity": 824810,
            "current_ratio": 284.54,
            "debt_ratio": 32.39,
            "inventory_turnover_ratio": 0.42,
            "account_receivable_turnover_ratio": 1.34,
            "reinvestment_rate": -12.86,
            "research_to_sale_ratio": 17.11,
            "price_fair": 39.48,
            "eps_avg_yearly": 1.13,
            "eps_latest_yearly": 0.4,
            "eps_growth_yearly": 2300.3
        },
        "20194": {
            "year_quarter": 20194,
            "year": 2019,
            "quarter": 4,
            "eps": -0.1,
            "eps_growth_year": -174.41,
            "eps_4q": -0.13,
            "eps_4q_growth_year": -116.24,
            "roe": -0.85,
            "roe_4q": -1.08,
            "gross_profit": 118964,
            "gross_margin": 36.38,
            "gross_margin_4q_avg": 40.01,
            "net_income": -6956,
            "net_income_4q": null,
            "revenue": 327048,
            "revenue_4q": null,
            "common_shares": 684891,
            "book_valuer_per_share": 11.9,
            "book_valuer_per_share_4q_avg": 12.13,
            "equity": 815310,
            "current_ratio": 307.02,
            "debt_ratio": 29.66,
            "inventory_turnover_ratio": 0.5,
            "account_receivable_turnover_ratio": 1.34,
            "reinvestment_rate": -14.54,
            "research_to_sale_ratio": 14.29,
            "price_fair": 32.98,
            "eps_avg_yearly": 0.94,
            "eps_latest_yearly": 0.4,
            "eps_growth_yearly": 1044.78
        },
        "20201": {
            "year_quarter": 20201,
            "year": 2020,
            "quarter": 1,
            "eps": -0.63,
            "eps_growth_year": null,
            "eps_4q": -0.57,
            "eps_4q_growth_year": -191.67,
            "roe": -5.43,
            "roe_4q": -4.9799999999999995,
            "gross_profit": 89770,
            "gross_margin": 40.21,
            "gross_margin_4q_avg": 40.02,
            "net_income": -43074,
            "net_income_4q": null,
            "revenue": 223258,
            "revenue_4q": null,
            "common_shares": 684891,
            "book_valuer_per_share": 11.28,
            "book_valuer_per_share_4q_avg": 11.8,
            "equity": 772580,
            "current_ratio": 318.2,
            "debt_ratio": 28.25,
            "inventory_turnover_ratio": 0.32,
            "account_receivable_turnover_ratio": 1.17,
            "reinvestment_rate": null,
            "research_to_sale_ratio": 27.41,
            "price_fair": 23.63,
            "eps_avg_yearly": 0.68,
            "eps_latest_yearly": 0.4,
            "eps_growth_yearly": 1170.38
        },
        "20202": {
            "year_quarter": 20202,
            "year": 2020,
            "quarter": 2,
            "eps": -0.58,
            "eps_growth_year": -1066.67,
            "eps_4q": -1.21,
            "eps_4q_growth_year": -336.96,
            "roe": -5.29,
            "roe_4q": -10.719999999999999,
            "gross_profit": 67364,
            "gross_margin": 34.88,
            "gross_margin_4q_avg": 38.67,
            "net_income": -39809,
            "net_income_4q": null,
            "revenue": 193148,
            "revenue_4q": null,
            "common_shares": 684891,
            "book_valuer_per_share": 10.68,
            "book_valuer_per_share_4q_avg": 11.48,
            "equity": 732041,
            "current_ratio": 275.08,
            "debt_ratio": 31.83,
            "inventory_turnover_ratio": 0.28,
            "account_receivable_turnover_ratio": 1.36,
            "reinvestment_rate": null,
            "research_to_sale_ratio": 30.66,
            "price_fair": 20.6,
            "eps_avg_yearly": 0.59,
            "eps_latest_yearly": 0.4,
            "eps_growth_yearly": 1370.97
        },
        "20203": {
            "year_quarter": 20203,
            "year": 2020,
            "quarter": 3,
            "eps": 0.13,
            "eps_growth_year": 30,
            "eps_4q": -1.18,
            "eps_4q_growth_year": -1242.96,
            "roe": 1.22,
            "roe_4q": -10.35,
            "gross_profit": 114455,
            "gross_margin": 38.32,
            "gross_margin_4q_avg": 37.45,
            "net_income": 8975,
            "net_income_4q": null,
            "revenue": 298695,
            "revenue_4q": null,
            "common_shares": 684891,
            "book_valuer_per_share": 10.81,
            "book_valuer_per_share_4q_avg": 11.17,
            "equity": 740446,
            "current_ratio": 274.08,
            "debt_ratio": 32.79,
            "inventory_turnover_ratio": 0.41,
            "account_receivable_turnover_ratio": 1.74,
            "reinvestment_rate": null,
            "research_to_sale_ratio": 14.12,
            "price_fair": 23.8,
            "eps_avg_yearly": 0.68,
            "eps_latest_yearly": 0.4,
            "eps_growth_yearly": 1664.05
        },
        "20204": {
            "year_quarter": 20204,
            "year": 2020,
            "quarter": 4,
            "eps": 0.17,
            "eps_growth_year": null,
            "eps_4q": -0.9,
            "eps_4q_growth_year": null,
            "roe": 1.58,
            "roe_4q": -7.92,
            "gross_profit": 116052,
            "gross_margin": 36.76,
            "gross_margin_4q_avg": 37.54,
            "net_income": 11805,
            "net_income_4q": null,
            "revenue": 315677,
            "revenue_4q": null,
            "common_shares": 684891,
            "book_valuer_per_share": 10.97,
            "book_valuer_per_share_4q_avg": 10.94,
            "equity": 751287,
            "current_ratio": 264.15,
            "debt_ratio": 33.37,
            "inventory_turnover_ratio": 0.48,
            "account_receivable_turnover_ratio": 1.47,
            "reinvestment_rate": null,
            "research_to_sale_ratio": 16.79,
            "price_fair": 25.67,
            "eps_avg_yearly": 0.73,
            "eps_latest_yearly": 0.68,
            "eps_growth_yearly": 1151.23
        },
        "20211": {
            "year_quarter": 20211,
            "year": 2021,
            "quarter": 1,
            "eps": 0.36,
            "eps_growth_year": null,
            "eps_4q": 0.08,
            "eps_4q_growth_year": null,
            "roe": 3.35,
            "roe_4q": 0.8599999999999994,
            "gross_profit": 138380,
            "gross_margin": 43.14,
            "gross_margin_4q_avg": 38.28,
            "net_income": 25583,
            "net_income_4q": null,
            "revenue": 320800,
            "revenue_4q": null,
            "common_shares": 684891,
            "book_valuer_per_share": 11.33,
            "book_valuer_per_share_4q_avg": 10.95,
            "equity": 776858,
            "current_ratio": 288.1,
            "debt_ratio": 32.53,
            "inventory_turnover_ratio": 0.42,
            "account_receivable_turnover_ratio": 1.47,
            "reinvestment_rate": 90.16,
            "research_to_sale_ratio": 11.72,
            "price_fair": 29.2,
            "eps_avg_yearly": 0.83,
            "eps_latest_yearly": 1.44,
            "eps_growth_yearly": 1050.64
        },
        "20212": {
            "year_quarter": 20212,
            "year": 2021,
            "quarter": 2,
            "eps": 0.01,
            "eps_growth_year": null,
            "eps_4q": 0.67,
            "eps_4q_growth_year": null,
            "roe": 0.03,
            "roe_4q": 6.18,
            "gross_profit": 113461,
            "gross_margin": 33.96,
            "gross_margin_4q_avg": 38.05,
            "net_income": 264,
            "net_income_4q": null,
            "revenue": 334124,
            "revenue_4q": null,
            "common_shares": 684891,
            "book_valuer_per_share": 11.3,
            "book_valuer_per_share_4q_avg": 11.1,
            "equity": 774923,
            "current_ratio": 237.84,
            "debt_ratio": 37.46,
            "inventory_turnover_ratio": 0.46,
            "account_receivable_turnover_ratio": 1.37,
            "reinvestment_rate": -10.14,
            "research_to_sale_ratio": 10.98,
            "price_fair": 25.73,
            "eps_avg_yearly": 0.74,
            "eps_latest_yearly": 0.04,
            "eps_growth_yearly": 870.7
        },
        "20213": {
            "year_quarter": 20213,
            "year": 2021,
            "quarter": 3,
            "eps": 0.02,
            "eps_growth_year": -84.62,
            "eps_4q": 0.56,
            "eps_4q_growth_year": null,
            "roe": 0.18,
            "roe_4q": 5.140000000000001,
            "gross_profit": 110161,
            "gross_margin": 31.1,
            "gross_margin_4q_avg": 36.24,
            "net_income": 1361,
            "net_income_4q": null,
            "revenue": 354188,
            "revenue_4q": null,
            "common_shares": 684891,
            "book_valuer_per_share": 11.32,
            "book_valuer_per_share_4q_avg": 11.23,
            "equity": 776095,
            "current_ratio": 209.78,
            "debt_ratio": 42.88,
            "inventory_turnover_ratio": 0.43,
            "account_receivable_turnover_ratio": 1.35,
            "reinvestment_rate": -16.39,
            "research_to_sale_ratio": 11.6,
            "price_fair": 23.18,
            "eps_avg_yearly": 0.66,
            "eps_latest_yearly": 0.08,
            "eps_growth_yearly": 818.4
        },
        "20214": {
            "year_quarter": 20214,
            "year": 2021,
            "quarter": 4,
            "eps": 0.13,
            "eps_growth_year": -24.35,
            "eps_4q": 0.52,
            "eps_4q_growth_year": null,
            "roe": 1.13,
            "roe_4q": 4.6899999999999995,
            "gross_profit": 137003,
            "gross_margin": 33.43,
            "gross_margin_4q_avg": 35.41,
            "net_income": 8813,
            "net_income_4q": null,
            "revenue": 409764,
            "revenue_4q": null,
            "common_shares": 684891,
            "book_valuer_per_share": 11.46,
            "book_valuer_per_share_4q_avg": 11.35,
            "equity": 785820,
            "current_ratio": 224.28,
            "debt_ratio": 40.37,
            "inventory_turnover_ratio": 0.45,
            "account_receivable_turnover_ratio": 1.64,
            "reinvestment_rate": -35.39,
            "research_to_sale_ratio": 10.36,
            "price_fair": 22.68,
            "eps_avg_yearly": 0.65,
            "eps_latest_yearly": 0.52,
            "eps_growth_yearly": 956.56
        },
        "20221": {
            "year_quarter": 20221,
            "year": 2022,
            "quarter": 1,
            "eps": 0.06,
            "eps_growth_year": -83.33,
            "eps_4q": 0.21,
            "eps_4q_growth_year": 160.77,
            "roe": 0.46,
            "roe_4q": 1.7999999999999998,
            "gross_profit": 104417,
            "gross_margin": 38.48,
            "gross_margin_4q_avg": 34.24,
            "net_income": 3638,
            "net_income_4q": null,
            "revenue": 271334,
            "revenue_4q": null,
            "common_shares": 684891,
            "book_valuer_per_share": 11.58,
            "book_valuer_per_share_4q_avg": 11.42,
            "equity": 793933,
            "current_ratio": 253.08,
            "debt_ratio": 37.01,
            "inventory_turnover_ratio": 0.28,
            "account_receivable_turnover_ratio": 1.22,
            "reinvestment_rate": -46.59,
            "research_to_sale_ratio": 12.47,
            "price_fair": 23.38,
            "eps_avg_yearly": 0.67,
            "eps_latest_yearly": 0.24,
            "eps_growth_yearly": 974.23
        },
        "20222": {
            "year_quarter": 20222,
            "year": 2022,
            "quarter": 2,
            "eps": 0.11,
            "eps_growth_year": 1000,
            "eps_4q": 0.32,
            "eps_4q_growth_year": -52.41,
            "roe": 0.93,
            "roe_4q": 2.7,
            "gross_profit": 115464,
            "gross_margin": 37.42,
            "gross_margin_4q_avg": 35.11,
            "net_income": 7340,
            "net_income_4q": null,
            "revenue": 308524,
            "revenue_4q": null,
            "common_shares": 684891,
            "book_valuer_per_share": 11.39,
            "book_valuer_per_share_4q_avg": 11.44,
            "equity": 780089,
            "current_ratio": 229.54,
            "debt_ratio": 41.92,
            "inventory_turnover_ratio": 0.32,
            "account_receivable_turnover_ratio": 1.4,
            "reinvestment_rate": -69.37,
            "research_to_sale_ratio": 12.56,
            "price_fair": 22.54,
            "eps_avg_yearly": 0.64,
            "eps_latest_yearly": 0.44,
            "eps_growth_yearly": 367.57
        },
        "20223": {
            "year_quarter": 20223,
            "year": 2022,
            "quarter": 3,
            "eps": 0.11,
            "eps_growth_year": 450,
            "eps_4q": 0.41,
            "eps_4q_growth_year": -26.83,
            "roe": 0.97,
            "roe_4q": 3.4899999999999998,
            "gross_profit": 109317,
            "gross_margin": 36.71,
            "gross_margin_4q_avg": 36.51,
            "net_income": 7650,
            "net_income_4q": null,
            "revenue": 297807,
            "revenue_4q": null,
            "common_shares": 684891,
            "book_valuer_per_share": 11.59,
            "book_valuer_per_share_4q_avg": 11.51,
            "equity": 794170,
            "current_ratio": 242.26,
            "debt_ratio": 40.7,
            "inventory_turnover_ratio": 0.31,
            "account_receivable_turnover_ratio": 1.35,
            "reinvestment_rate": null,
            "research_to_sale_ratio": 11.33,
            "price_fair": 16.94,
            "eps_avg_yearly": 0.48,
            "eps_latest_yearly": 0.44,
            "eps_growth_yearly": 287.57
        },
        "20224": {
            "year_quarter": 20224,
            "year": 2022,
            "quarter": 4,
            "eps": 0.19,
            "eps_growth_year": 46.82,
            "eps_4q": 0.47,
            "eps_4q_growth_year": -9.1,
            "roe": 1.57,
            "roe_4q": 3.93,
            "gross_profit": 142879,
            "gross_margin": 37.57,
            "gross_margin_4q_avg": 37.55,
            "net_income": 12566,
            "net_income_4q": null,
            "revenue": 380297,
            "revenue_4q": null,
            "common_shares": 684891,
            "book_valuer_per_share": 11.76,
            "book_valuer_per_share_4q_avg": 11.58,
            "equity": 805326,
            "current_ratio": 235.25,
            "debt_ratio": 41.33,
            "inventory_turnover_ratio": 0.4,
            "account_receivable_turnover_ratio": 1.73,
            "reinvestment_rate": null,
            "research_to_sale_ratio": 10.78,
            "price_fair": 17.64,
            "eps_avg_yearly": 0.5,
            "eps_latest_yearly": 0.76,
            "eps_growth_yearly": 345.68
        },
        "20231": {
            "year_quarter": 20231,
            "year": 2023,
            "quarter": 1,
            "eps": 0.5,
            "eps_growth_year": 733.33,
            "eps_4q": 0.91,
            "eps_4q_growth_year": 325.61,
            "roe": 4.16,
            "roe_4q": 7.63,
            "gross_profit": 161395,
            "gross_margin": 34.58,
            "gross_margin_4q_avg": 36.57,
            "net_income": 34190,
            "net_income_4q": null,
            "revenue": 466672,
            "revenue_4q": null,
            "common_shares": 684891,
            "book_valuer_per_share": 12.25,
            "book_valuer_per_share_4q_avg": 11.75,
            "equity": 838995,
            "current_ratio": 258.85,
            "debt_ratio": 38.33,
            "inventory_turnover_ratio": 0.58,
            "account_receivable_turnover_ratio": 1.71,
            "reinvestment_rate": -46.05,
            "research_to_sale_ratio": 9.04,
            "price_fair": 22.4,
            "eps_avg_yearly": 0.64,
            "eps_latest_yearly": 2,
            "eps_growth_yearly": 373.58
        },
        "20232": {
            "year_quarter": 20232,
            "year": 2023,
            "quarter": 2,
            "eps": -0.19,
            "eps_growth_year": -272.73,
            "eps_4q": 0.62,
            "eps_4q_growth_year": 93.23,
            "roe": -1.58,
            "roe_4q": 5.12,
            "gross_profit": 110293,
            "gross_margin": 35.08,
            "gross_margin_4q_avg": 35.99,
            "net_income": -12812,
            "net_income_4q": null,
            "revenue": 314442,
            "revenue_4q": null,
            "common_shares": 684891,
            "book_valuer_per_share": 11.48,
            "book_valuer_per_share_4q_avg": 11.77,
            "equity": 786303,
            "current_ratio": 270.92,
            "debt_ratio": 37.07,
            "inventory_turnover_ratio": 0.43,
            "account_receivable_turnover_ratio": 1.25,
            "reinvestment_rate": -119.49,
            "research_to_sale_ratio": 15.84,
            "price_fair": 22.4,
            "eps_avg_yearly": 0.64,
            "eps_latest_yearly": 2,
            "eps_growth_yearly": 373.58
        },
        "20233": {
            "year_quarter": 20233,
            "year": 2023,
            "quarter": 3,
            "eps": -0.15,
            "eps_growth_year": -236.36,
            "eps_4q": 0.35,
            "eps_4q_growth_year": -14.24,
            "roe": -1.37,
            "roe_4q": 2.7800000000000002,
            "gross_profit": 102921,
            "gross_margin": 37.58,
            "gross_margin_4q_avg": 36.2,
            "net_income": -10704,
            "net_income_4q": null,
            "revenue": 273902,
            "revenue_4q": null,
            "common_shares": 684891,
            "book_valuer_per_share": 11.38,
            "book_valuer_per_share_4q_avg": 11.72,
            "equity": 779360,
            "current_ratio": 263.87,
            "debt_ratio": 37.96,
            "inventory_turnover_ratio": 0.36,
            "account_receivable_turnover_ratio": 1.43,
            "reinvestment_rate": -266.68,
            "research_to_sale_ratio": 15.59,
            "price_fair": 23.24,
            "eps_avg_yearly": 0.66,
            "eps_latest_yearly": 2,
            "eps_growth_yearly": 384.27
        }
    },
    "months": {
        "2002-03": {
            "month": "2002-03",
            "price": "37.21",
            "revenue": 49811
        },
        "2002-04": {
            "month": "2002-04",
            "price": "38.52",
            "revenue": 39384
        },
        "2002-05": {
            "month": "2002-05",
            "price": "30.43",
            "revenue": 41151
        },
        "2002-06": {
            "month": "2002-06",
            "price": "28.10",
            "revenue": 44282
        },
        "2002-07": {
            "month": "2002-07",
            "price": "27.20",
            "revenue": 37914
        },
        "2002-08": {
            "month": "2002-08",
            "price": "24.14",
            "revenue": 34090
        },
        "2002-09": {
            "month": "2002-09",
            "price": "26.13",
            "revenue": 50587
        },
        "2002-10": {
            "month": "2002-10",
            "price": "28.20",
            "revenue": 49795
        },
        "2002-11": {
            "month": "2002-11",
            "price": "30.08",
            "revenue": 93827
        },
        "2002-12": {
            "month": "2002-12",
            "price": "35.29",
            "revenue": 68954
        },
        "2003-01": {
            "month": "2003-01",
            "price": "35.95",
            "revenue": 42523
        },
        "2003-02": {
            "month": "2003-02",
            "price": "35.30",
            "revenue": 57790
        },
        "2003-03": {
            "month": "2003-03",
            "price": "36.57",
            "revenue": 65801
        },
        "2003-04": {
            "month": "2003-04",
            "price": "39.71",
            "revenue": 58383
        },
        "2003-05": {
            "month": "2003-05",
            "price": "46.45",
            "revenue": 44020
        },
        "2003-06": {
            "month": "2003-06",
            "price": "54.64",
            "revenue": 55854
        },
        "2003-07": {
            "month": "2003-07",
            "price": "62.26",
            "revenue": 40697
        },
        "2003-08": {
            "month": "2003-08",
            "price": "57.83",
            "revenue": 52933
        },
        "2003-09": {
            "month": "2003-09",
            "price": "57.29",
            "revenue": 54903
        },
        "2003-10": {
            "month": "2003-10",
            "price": "51.76",
            "revenue": 54642
        },
        "2003-11": {
            "month": "2003-11",
            "price": "51.58",
            "revenue": 68979
        },
        "2003-12": {
            "month": "2003-12",
            "price": "53.09",
            "revenue": 90389
        },
        "2004-01": {
            "month": "2004-01",
            "price": "56.10",
            "revenue": 44671
        },
        "2004-02": {
            "month": "2004-02",
            "price": "61.68",
            "revenue": 79400
        },
        "2004-03": {
            "month": "2004-03",
            "price": "62.13",
            "revenue": 76433
        },
        "2004-04": {
            "month": "2004-04",
            "price": "65.82",
            "revenue": 89212
        },
        "2004-05": {
            "month": "2004-05",
            "price": "60.55",
            "revenue": 78500
        },
        "2004-06": {
            "month": "2004-06",
            "price": "59.31",
            "revenue": 97454
        },
        "2004-07": {
            "month": "2004-07",
            "price": "57.63",
            "revenue": 88535
        },
        "2004-08": {
            "month": "2004-08",
            "price": "49.66",
            "revenue": 88370
        },
        "2004-09": {
            "month": "2004-09",
            "price": "59.88",
            "revenue": 97678
        },
        "2004-10": {
            "month": "2004-10",
            "price": "61.10",
            "revenue": 95909
        },
        "2004-11": {
            "month": "2004-11",
            "price": "66.30",
            "revenue": 155189
        },
        "2004-12": {
            "month": "2004-12",
            "price": "70.93",
            "revenue": 89631
        },
        "2005-01": {
            "month": "2005-01",
            "price": "67.83",
            "revenue": 70569
        },
        "2005-02": {
            "month": "2005-02",
            "price": "74.46",
            "revenue": 66574
        },
        "2005-03": {
            "month": "2005-03",
            "price": "80.52",
            "revenue": 128911
        },
        "2005-04": {
            "month": "2005-04",
            "price": "77.55",
            "revenue": 125641
        },
        "2005-05": {
            "month": "2005-05",
            "price": "75.76",
            "revenue": 110608
        },
        "2005-06": {
            "month": "2005-06",
            "price": "79.67",
            "revenue": 81824
        },
        "2005-07": {
            "month": "2005-07",
            "price": "68.33",
            "revenue": 81577
        },
        "2005-08": {
            "month": "2005-08",
            "price": "67.70",
            "revenue": 90652
        },
        "2005-09": {
            "month": "2005-09",
            "price": "67.99",
            "revenue": 166350
        },
        "2005-10": {
            "month": "2005-10",
            "price": "69.84",
            "revenue": 126796
        },
        "2005-11": {
            "month": "2005-11",
            "price": "69.20",
            "revenue": 127320
        },
        "2005-12": {
            "month": "2005-12",
            "price": "73.78",
            "revenue": 124294
        },
        "2006-01": {
            "month": "2006-01",
            "price": "74.99",
            "revenue": 85240
        },
        "2006-02": {
            "month": "2006-02",
            "price": "73.52",
            "revenue": 62908
        },
        "2006-03": {
            "month": "2006-03",
            "price": "72.79",
            "revenue": 118119
        },
        "2006-04": {
            "month": "2006-04",
            "price": "74.54",
            "revenue": 100762
        },
        "2006-05": {
            "month": "2006-05",
            "price": "75.07",
            "revenue": 97790
        },
        "2006-06": {
            "month": "2006-06",
            "price": "54.66",
            "revenue": 144955
        },
        "2006-07": {
            "month": "2006-07",
            "price": "56.17",
            "revenue": 110170
        },
        "2006-08": {
            "month": "2006-08",
            "price": "56.34",
            "revenue": 92489
        },
        "2006-09": {
            "month": "2006-09",
            "price": "52.21",
            "revenue": 111454
        },
        "2006-10": {
            "month": "2006-10",
            "price": "48.76",
            "revenue": 110726
        },
        "2006-11": {
            "month": "2006-11",
            "price": "53.09",
            "revenue": 157476
        },
        "2006-12": {
            "month": "2006-12",
            "price": "58.34",
            "revenue": 146250
        },
        "2007-01": {
            "month": "2007-01",
            "price": "62.56",
            "revenue": 126491
        },
        "2007-02": {
            "month": "2007-02",
            "price": "65.16",
            "revenue": 106533
        },
        "2007-03": {
            "month": "2007-03",
            "price": "76.30",
            "revenue": 156533
        },
        "2007-04": {
            "month": "2007-04",
            "price": "80.49",
            "revenue": 141707
        },
        "2007-05": {
            "month": "2007-05",
            "price": "84.26",
            "revenue": 140447
        },
        "2007-06": {
            "month": "2007-06",
            "price": "86.40",
            "revenue": 99896
        },
        "2007-07": {
            "month": "2007-07",
            "price": "99.40",
            "revenue": 117350
        },
        "2007-08": {
            "month": "2007-08",
            "price": "112.67",
            "revenue": 96696
        },
        "2007-09": {
            "month": "2007-09",
            "price": "111.56",
            "revenue": 101579
        },
        "2007-10": {
            "month": "2007-10",
            "price": "104.35",
            "revenue": 116626
        },
        "2007-11": {
            "month": "2007-11",
            "price": "86.78",
            "revenue": 158725
        },
        "2007-12": {
            "month": "2007-12",
            "price": "84.06",
            "revenue": 152647
        },
        "2008-01": {
            "month": "2008-01",
            "price": "77.96",
            "revenue": 76832
        },
        "2008-02": {
            "month": "2008-02",
            "price": "67.26",
            "revenue": 110651
        },
        "2008-03": {
            "month": "2008-03",
            "price": "68.75",
            "revenue": 120985
        },
        "2008-04": {
            "month": "2008-04",
            "price": "77.69",
            "revenue": 135528
        },
        "2008-05": {
            "month": "2008-05",
            "price": "72.95",
            "revenue": 107215
        },
        "2008-06": {
            "month": "2008-06",
            "price": "55.04",
            "revenue": 120316
        },
        "2008-07": {
            "month": "2008-07",
            "price": "48.86",
            "revenue": 113212
        },
        "2008-08": {
            "month": "2008-08",
            "price": "51.99",
            "revenue": 107538
        },
        "2008-09": {
            "month": "2008-09",
            "price": "52.08",
            "revenue": 107859
        },
        "2008-10": {
            "month": "2008-10",
            "price": "45.26",
            "revenue": 150920
        },
        "2008-11": {
            "month": "2008-11",
            "price": "36.52",
            "revenue": 135333
        },
        "2008-12": {
            "month": "2008-12",
            "price": "33.66",
            "revenue": 92105
        },
        "2009-01": {
            "month": "2009-01",
            "price": "31.06",
            "revenue": 61786
        },
        "2009-02": {
            "month": "2009-02",
            "price": "30.91",
            "revenue": 122800
        },
        "2009-03": {
            "month": "2009-03",
            "price": "36.28",
            "revenue": 107105
        },
        "2009-04": {
            "month": "2009-04",
            "price": "42.46",
            "revenue": 45602
        },
        "2009-05": {
            "month": "2009-05",
            "price": "43.09",
            "revenue": 43014
        },
        "2009-06": {
            "month": "2009-06",
            "price": "38.30",
            "revenue": 108651
        },
        "2009-07": {
            "month": "2009-07",
            "price": "37.43",
            "revenue": 92591
        },
        "2009-08": {
            "month": "2009-08",
            "price": "38.36",
            "revenue": 82870
        },
        "2009-09": {
            "month": "2009-09",
            "price": "38.97",
            "revenue": 100227
        },
        "2009-10": {
            "month": "2009-10",
            "price": "41.08",
            "revenue": 88466
        },
        "2009-11": {
            "month": "2009-11",
            "price": "39.82",
            "revenue": 128333
        },
        "2009-12": {
            "month": "2009-12",
            "price": "46.03",
            "revenue": 122812
        },
        "2010-01": {
            "month": "2010-01",
            "price": "45.55",
            "revenue": 91618
        },
        "2010-02": {
            "month": "2010-02",
            "price": "40.62",
            "revenue": 97050
        },
        "2010-03": {
            "month": "2010-03",
            "price": "43.08",
            "revenue": 118602
        },
        "2010-04": {
            "month": "2010-04",
            "price": "45.58",
            "revenue": 154834
        },
        "2010-05": {
            "month": "2010-05",
            "price": "43.52",
            "revenue": 139613
        },
        "2010-06": {
            "month": "2010-06",
            "price": "40.53",
            "revenue": 125078
        },
        "2010-07": {
            "month": "2010-07",
            "price": "38.60",
            "revenue": 106779
        },
        "2010-08": {
            "month": "2010-08",
            "price": "39.84",
            "revenue": 122925
        },
        "2010-09": {
            "month": "2010-09",
            "price": "39.70",
            "revenue": 107371
        },
        "2010-10": {
            "month": "2010-10",
            "price": "40.19",
            "revenue": 103334
        },
        "2010-11": {
            "month": "2010-11",
            "price": "37.58",
            "revenue": 103920
        },
        "2010-12": {
            "month": "2010-12",
            "price": "37.75",
            "revenue": 120477
        },
        "2011-01": {
            "month": "2011-01",
            "price": "39.15",
            "revenue": 91123
        },
        "2011-02": {
            "month": "2011-02",
            "price": "38.27",
            "revenue": 65453
        },
        "2011-03": {
            "month": "2011-03",
            "price": "36.66",
            "revenue": 122351
        },
        "2011-04": {
            "month": "2011-04",
            "price": "38.52",
            "revenue": 174308
        },
        "2011-05": {
            "month": "2011-05",
            "price": "40.74",
            "revenue": 106940
        },
        "2011-06": {
            "month": "2011-06",
            "price": "36.59",
            "revenue": 165054
        },
        "2011-07": {
            "month": "2011-07",
            "price": "35.41",
            "revenue": 147256
        },
        "2011-08": {
            "month": "2011-08",
            "price": "31.93",
            "revenue": 115245
        },
        "2011-09": {
            "month": "2011-09",
            "price": "30.88",
            "revenue": 143481
        },
        "2011-10": {
            "month": "2011-10",
            "price": "31.15",
            "revenue": 133655
        },
        "2011-11": {
            "month": "2011-11",
            "price": "30.13",
            "revenue": 158450
        },
        "2011-12": {
            "month": "2011-12",
            "price": "27.82",
            "revenue": 134812
        },
        "2012-01": {
            "month": "2012-01",
            "price": "28.65",
            "revenue": 124955
        },
        "2012-02": {
            "month": "2012-02",
            "price": "33.27",
            "revenue": 101143
        },
        "2012-03": {
            "month": "2012-03",
            "price": "34.44",
            "revenue": 134169
        },
        "2012-04": {
            "month": "2012-04",
            "price": "31.97",
            "revenue": 116426
        },
        "2012-05": {
            "month": "2012-05",
            "price": "31.50",
            "revenue": 133116
        },
        "2012-06": {
            "month": "2012-06",
            "price": "27.34",
            "revenue": 162991
        },
        "2012-07": {
            "month": "2012-07",
            "price": "27.97",
            "revenue": 137875
        },
        "2012-08": {
            "month": "2012-08",
            "price": "29.28",
            "revenue": 127479
        },
        "2012-09": {
            "month": "2012-09",
            "price": "28.86",
            "revenue": 99619
        },
        "2012-10": {
            "month": "2012-10",
            "price": "26.32",
            "revenue": 98049
        },
        "2012-11": {
            "month": "2012-11",
            "price": "21.28",
            "revenue": 155806
        },
        "2012-12": {
            "month": "2012-12",
            "price": "22.58",
            "revenue": 142348
        },
        "2013-01": {
            "month": "2013-01",
            "price": "23.20",
            "revenue": 91912
        },
        "2013-02": {
            "month": "2013-02",
            "price": "22.44",
            "revenue": 68528
        },
        "2013-03": {
            "month": "2013-03",
            "price": "21.66",
            "revenue": 139272
        },
        "2013-04": {
            "month": "2013-04",
            "price": "21.18",
            "revenue": 181019
        },
        "2013-05": {
            "month": "2013-05",
            "price": "23.06",
            "revenue": 126797
        },
        "2013-06": {
            "month": "2013-06",
            "price": "21.31",
            "revenue": 99259
        },
        "2013-07": {
            "month": "2013-07",
            "price": "19.38",
            "revenue": 145658
        },
        "2013-08": {
            "month": "2013-08",
            "price": "19.57",
            "revenue": 134625
        },
        "2013-09": {
            "month": "2013-09",
            "price": "21.32",
            "revenue": 102377
        },
        "2013-10": {
            "month": "2013-10",
            "price": "20.80",
            "revenue": 128125
        },
        "2013-11": {
            "month": "2013-11",
            "price": "20.30",
            "revenue": 113281
        },
        "2013-12": {
            "month": "2013-12",
            "price": "21.18",
            "revenue": 100007
        },
        "2014-01": {
            "month": "2014-01",
            "price": "23.85",
            "revenue": 96729
        },
        "2014-02": {
            "month": "2014-02",
            "price": "27.30",
            "revenue": 122810
        },
        "2014-03": {
            "month": "2014-03",
            "price": "28.40",
            "revenue": 118555
        },
        "2014-04": {
            "month": "2014-04",
            "price": "31.60",
            "revenue": 107717
        },
        "2014-05": {
            "month": "2014-05",
            "price": "29.92",
            "revenue": 112728
        },
        "2014-06": {
            "month": "2014-06",
            "price": "36.46",
            "revenue": 104219
        },
        "2014-07": {
            "month": "2014-07",
            "price": "33.42",
            "revenue": 121376
        },
        "2014-08": {
            "month": "2014-08",
            "price": "29.17",
            "revenue": 123524
        },
        "2014-09": {
            "month": "2014-09",
            "price": "28.58",
            "revenue": 81406
        },
        "2014-10": {
            "month": "2014-10",
            "price": "24.34",
            "revenue": 127833
        },
        "2014-11": {
            "month": "2014-11",
            "price": "22.76",
            "revenue": 133284
        },
        "2014-12": {
            "month": "2014-12",
            "price": "24.06",
            "revenue": 105003
        },
        "2015-01": {
            "month": "2015-01",
            "price": "27.52",
            "revenue": 90379
        },
        "2015-02": {
            "month": "2015-02",
            "price": "26.82",
            "revenue": 62358
        },
        "2015-03": {
            "month": "2015-03",
            "price": "25.92",
            "revenue": 97688
        },
        "2015-04": {
            "month": "2015-04",
            "price": "23.37",
            "revenue": 85163
        },
        "2015-05": {
            "month": "2015-05",
            "price": "20.98",
            "revenue": 68313
        },
        "2015-06": {
            "month": "2015-06",
            "price": "17.14",
            "revenue": 86567
        },
        "2015-07": {
            "month": "2015-07",
            "price": "14.86",
            "revenue": 95026
        },
        "2015-08": {
            "month": "2015-08",
            "price": "12.73",
            "revenue": 80926
        },
        "2015-09": {
            "month": "2015-09",
            "price": "12.96",
            "revenue": 84671
        },
        "2015-10": {
            "month": "2015-10",
            "price": "14.01",
            "revenue": 102479
        },
        "2015-11": {
            "month": "2015-11",
            "price": "13.58",
            "revenue": 144725
        },
        "2015-12": {
            "month": "2015-12",
            "price": "15.74",
            "revenue": 135091
        },
        "2016-01": {
            "month": "2016-01",
            "price": "16.09",
            "revenue": 103892
        },
        "2016-02": {
            "month": "2016-02",
            "price": "16.01",
            "revenue": 86731
        },
        "2016-03": {
            "month": "2016-03",
            "price": "18.86",
            "revenue": 175078
        },
        "2016-04": {
            "month": "2016-04",
            "price": "25.37",
            "revenue": 113124
        },
        "2016-05": {
            "month": "2016-05",
            "price": "28.17",
            "revenue": 94358
        },
        "2016-06": {
            "month": "2016-06",
            "price": "30.80",
            "revenue": 117642
        },
        "2016-07": {
            "month": "2016-07",
            "price": "32.62",
            "revenue": 104885
        },
        "2016-08": {
            "month": "2016-08",
            "price": "30.07",
            "revenue": 105227
        },
        "2016-09": {
            "month": "2016-09",
            "price": "28.49",
            "revenue": 85032
        },
        "2016-10": {
            "month": "2016-10",
            "price": "25.40",
            "revenue": 91646
        },
        "2016-11": {
            "month": "2016-11",
            "price": "22.36",
            "revenue": 102162
        },
        "2016-12": {
            "month": "2016-12",
            "price": "23.90",
            "revenue": 125081
        },
        "2017-01": {
            "month": "2017-01",
            "price": "26.64",
            "revenue": 66625
        },
        "2017-02": {
            "month": "2017-02",
            "price": "25.05",
            "revenue": 81461
        },
        "2017-03": {
            "month": "2017-03",
            "price": "25.64",
            "revenue": 86325
        },
        "2017-04": {
            "month": "2017-04",
            "price": "21.16",
            "revenue": 77234
        },
        "2017-05": {
            "month": "2017-05",
            "price": "20.28",
            "revenue": 88547
        },
        "2017-06": {
            "month": "2017-06",
            "price": "20.56",
            "revenue": 97498
        },
        "2017-07": {
            "month": "2017-07",
            "price": "19.01",
            "revenue": 101968
        },
        "2017-08": {
            "month": "2017-08",
            "price": "17.00",
            "revenue": 114956
        },
        "2017-09": {
            "month": "2017-09",
            "price": "18.20",
            "revenue": 118815
        },
        "2017-10": {
            "month": "2017-10",
            "price": "19.47",
            "revenue": 140225
        },
        "2017-11": {
            "month": "2017-11",
            "price": "19.08",
            "revenue": 123237
        },
        "2017-12": {
            "month": "2017-12",
            "price": "18.48",
            "revenue": 145279
        },
        "2018-01": {
            "month": "2018-01",
            "price": "18.50",
            "revenue": 94178
        },
        "2018-02": {
            "month": "2018-02",
            "price": "18.72",
            "revenue": 92585
        },
        "2018-03": {
            "month": "2018-03",
            "price": "18.58",
            "revenue": 107871
        },
        "2018-04": {
            "month": "2018-04",
            "price": "17.76",
            "revenue": 89754
        },
        "2018-05": {
            "month": "2018-05",
            "price": "17.89",
            "revenue": 111333
        },
        "2018-06": {
            "month": "2018-06",
            "price": "19.04",
            "revenue": 110037
        },
        "2018-07": {
            "month": "2018-07",
            "price": "23.58",
            "revenue": 147078
        },
        "2018-08": {
            "month": "2018-08",
            "price": "26.32",
            "revenue": 166371
        },
        "2018-09": {
            "month": "2018-09",
            "price": "25.49",
            "revenue": 157897
        },
        "2018-10": {
            "month": "2018-10",
            "price": "23.03",
            "revenue": 154072
        },
        "2018-11": {
            "month": "2018-11",
            "price": "24.08",
            "revenue": 229176
        },
        "2018-12": {
            "month": "2018-12",
            "price": "25.13",
            "revenue": 107766
        },
        "2019-01": {
            "month": "2019-01",
            "price": "22.53",
            "revenue": 101905
        },
        "2019-02": {
            "month": "2019-02",
            "price": "21.27",
            "revenue": 65898
        },
        "2019-03": {
            "month": "2019-03",
            "price": "21.15",
            "revenue": 115899
        },
        "2019-04": {
            "month": "2019-04",
            "price": "21.73",
            "revenue": 88413
        },
        "2019-05": {
            "month": "2019-05",
            "price": "20.21",
            "revenue": 149462
        },
        "2019-06": {
            "month": "2019-06",
            "price": "19.97",
            "revenue": 105970
        },
        "2019-07": {
            "month": "2019-07",
            "price": "20.23",
            "revenue": 122505
        },
        "2019-08": {
            "month": "2019-08",
            "price": "19.58",
            "revenue": 112720
        },
        "2019-09": {
            "month": "2019-09",
            "price": "19.34",
            "revenue": 95837
        },
        "2019-10": {
            "month": "2019-10",
            "price": "19.28",
            "revenue": 106670
        },
        "2019-11": {
            "month": "2019-11",
            "price": "19.00",
            "revenue": 97155
        },
        "2019-12": {
            "month": "2019-12",
            "price": "18.98",
            "revenue": 124443
        },
        "2020-01": {
            "month": "2020-01",
            "price": "18.42",
            "revenue": 62856
        },
        "2020-02": {
            "month": "2020-02",
            "price": "17.36",
            "revenue": 89097
        },
        "2020-03": {
            "month": "2020-03",
            "price": "13.04",
            "revenue": 71304
        },
        "2020-04": {
            "month": "2020-04",
            "price": "12.02",
            "revenue": 71954
        },
        "2020-05": {
            "month": "2020-05",
            "price": "12.80",
            "revenue": 53763
        },
        "2020-06": {
            "month": "2020-06",
            "price": "11.92",
            "revenue": 67464
        },
        "2020-07": {
            "month": "2020-07",
            "price": "12.47",
            "revenue": 117589
        },
        "2020-08": {
            "month": "2020-08",
            "price": "11.94",
            "revenue": 72355
        },
        "2020-09": {
            "month": "2020-09",
            "price": "11.85",
            "revenue": 108719
        },
        "2020-10": {
            "month": "2020-10",
            "price": "11.58",
            "revenue": 98988
        },
        "2020-11": {
            "month": "2020-11",
            "price": "11.61",
            "revenue": 107640
        },
        "2020-12": {
            "month": "2020-12",
            "price": "12.32",
            "revenue": 109049
        },
        "2021-01": {
            "month": "2021-01",
            "price": "14.38",
            "revenue": 93257
        },
        "2021-02": {
            "month": "2021-02",
            "price": "14.39",
            "revenue": 105821
        },
        "2021-03": {
            "month": "2021-03",
            "price": "19.70",
            "revenue": 121722
        },
        "2021-04": {
            "month": "2021-04",
            "price": "24.46",
            "revenue": 87069
        },
        "2021-05": {
            "month": "2021-05",
            "price": "19.76",
            "revenue": 124737
        },
        "2021-06": {
            "month": "2021-06",
            "price": "21.87",
            "revenue": 122318
        },
        "2021-07": {
            "month": "2021-07",
            "price": "23.30",
            "revenue": 105463
        },
        "2021-08": {
            "month": "2021-08",
            "price": "18.60",
            "revenue": 118517
        },
        "2021-09": {
            "month": "2021-09",
            "price": "17.04",
            "revenue": 130208
        },
        "2021-10": {
            "month": "2021-10",
            "price": "16.67",
            "revenue": 140398
        },
        "2021-11": {
            "month": "2021-11",
            "price": "17.80",
            "revenue": 148415
        },
        "2021-12": {
            "month": "2021-12",
            "price": "18.15",
            "revenue": 120951
        },
        "2022-01": {
            "month": "2022-01",
            "price": "18.03",
            "revenue": 79761
        },
        "2022-02": {
            "month": "2022-02",
            "price": "16.70",
            "revenue": 81333
        },
        "2022-03": {
            "month": "2022-03",
            "price": "15.87",
            "revenue": 110240
        },
        "2022-04": {
            "month": "2022-04",
            "price": "15.39",
            "revenue": 84834
        },
        "2022-05": {
            "month": "2022-05",
            "price": "13.93",
            "revenue": 112059
        },
        "2022-06": {
            "month": "2022-06",
            "price": "13.90",
            "revenue": 111631
        },
        "2022-07": {
            "month": "2022-07",
            "price": "16.83",
            "revenue": 108543
        },
        "2022-08": {
            "month": "2022-08",
            "price": "18.37",
            "revenue": 84433
        },
        "2022-09": {
            "month": "2022-09",
            "price": "16.57",
            "revenue": 104831
        },
        "2022-10": {
            "month": "2022-10",
            "price": "14.29",
            "revenue": 119269
        },
        "2022-11": {
            "month": "2022-11",
            "price": "14.91",
            "revenue": 139518
        },
        "2022-12": {
            "month": "2022-12",
            "price": "17.88",
            "revenue": 121510
        },
        "2023-01": {
            "month": "2023-01",
            "price": "17.27",
            "revenue": 107582
        },
        "2023-02": {
            "month": "2023-02",
            "price": "18.70",
            "revenue": 129788
        },
        "2023-03": {
            "month": "2023-03",
            "price": "22.81",
            "revenue": 229302
        },
        "2023-04": {
            "month": "2023-04",
            "price": "30.12",
            "revenue": 124403
        },
        "2023-05": {
            "month": "2023-05",
            "price": "33.92",
            "revenue": 84855
        },
        "2023-06": {
            "month": "2023-06",
            "price": "34.13",
            "revenue": 105184
        },
        "2023-07": {
            "month": "2023-07",
            "price": "29.68",
            "revenue": 83877
        },
        "2023-08": {
            "month": "2023-08",
            "price": "25.73",
            "revenue": 92691
        },
        "2023-09": {
            "month": "2023-09",
            "price": "25.59",
            "revenue": 97334
        },
        "2023-10": {
            "month": "2023-10",
            "price": "24.00",
            "revenue": 110470
        },
        "2023-11": {
            "month": "2023-11",
            "price": "24.38",
            "revenue": 107933
        },
        "2023-12": {
            "month": "2023-12",
            "price": "24.04",
            "revenue": 86130
        }
    }
}
