{
    "summary": {
        "stock_name": "捷波",
        "stock_id": "6161",
        "category": "電腦及週邊設備",
        "main_business": "電腦及週邊產品",
        "website_url": "http://www.jetway.com.tw",
        "ceo": "從慶洲",
        "pe_ratio": 11,
        "report_year_from": 2001,
        "report_year_to": 2023,
        "age": 22,
        "eps_negative_percentage": 9,
        "eps_growth_avg": {
            "last_all": 4.82,
            "last_2y": 27.29,
            "last_4y": 19.23,
            "last_8y": 35.69,
            "last_12y": 22.29,
            "last_16y": 9.98,
            "last_20y": 4.82,
            "at_2006_last_3y": -4.45,
            "at_2007_last_3y": 1,
            "at_2008_last_3y": -4.45,
            "at_2009_last_3y": -39.27,
            "at_2010_last_3y": -60.98,
            "at_2011_last_3y": -17.9,
            "at_2012_last_3y": -17.9,
            "at_2013_last_3y": -17.9,
            "at_2014_last_3y": 26.83,
            "at_2015_last_3y": -24.97,
            "at_2016_last_3y": 41.69,
            "at_2017_last_3y": 56.27,
            "at_2018_last_3y": 36.15,
            "at_2019_last_3y": 53.57,
            "at_2020_last_3y": 22.44,
            "at_2021_last_3y": 22.44,
            "at_2022_last_3y": 24.04,
            "at_2023_last_3y": 24.04,
            "at_2006_last_all": -9.36,
            "at_2007_last_all": -12.67,
            "at_2008_last_all": -25.15,
            "at_2009_last_all": -25.15,
            "at_2010_last_all": -28.72,
            "at_2011_last_all": -14.42,
            "at_2012_last_all": -22.97,
            "at_2013_last_all": -22.97,
            "at_2014_last_all": -13.57,
            "at_2015_last_all": -17.06,
            "at_2016_last_all": -8.05,
            "at_2017_last_all": -0.33,
            "at_2018_last_all": -0.31,
            "at_2019_last_all": 0.6,
            "at_2020_last_all": -0.88,
            "at_2021_last_all": 4.73,
            "at_2022_last_all": 4.82,
            "at_2023_last_all": 4.82
        },
        "latest_eps": 2.85,
        "latest_price": 32.55,
        "latest_roe": 14.46,
        "latest_gross_margin": 33.4,
        "latest_equity": 1489106,
        "latest_revenue": 301186,
        "latest_gross_profit": 100597,
        "latest_net_income": 18178,
        "latest_debt_ratio": 20.07,
        "latest_current_ratio": 416.03,
        "latest_account_receivable_turnover_ratio": 3.6,
        "latest_inventory_turnover_ratio": 0.52,
        "latest_reinvestment_rate": -2.99,
        "latest_research_to_sale_ratio": 5.69
    },
    "eps_dividends": {
        "2000": {
            "cash": 0,
            "stock": 4,
            "eps": 0
        },
        "2001": {
            "cash": 0,
            "stock": 5,
            "eps": 6.07
        },
        "2002": {
            "cash": 1,
            "stock": 3,
            "eps": 4.31
        },
        "2003": {
            "cash": 2,
            "stock": 1,
            "eps": 2.11
        },
        "2004": {
            "cash": 1,
            "stock": 1,
            "eps": 0.46
        },
        "2005": {
            "cash": 0,
            "stock": 0,
            "eps": 1.75
        },
        "2006": {
            "cash": 1,
            "stock": 1,
            "eps": 1.95
        },
        "2007": {
            "cash": 0,
            "stock": 0,
            "eps": 1.38
        },
        "2008": {
            "cash": 0,
            "stock": 0,
            "eps": -1.56
        },
        "2009": {
            "cash": 0,
            "stock": 0,
            "eps": 1.62
        },
        "2010": {
            "cash": 0,
            "stock": 1,
            "eps": 0.75
        },
        "2011": {
            "cash": 0,
            "stock": 0,
            "eps": 1.94
        },
        "2012": {
            "cash": 0,
            "stock": 1,
            "eps": -2.83
        },
        "2013": {
            "cash": 0,
            "stock": 0,
            "eps": 0.41
        },
        "2014": {
            "cash": 0,
            "stock": 0,
            "eps": 0.74
        },
        "2015": {
            "cash": 0,
            "stock": 0,
            "eps": 0.33
        },
        "2016": {
            "cash": 0,
            "stock": 0,
            "eps": 0.9
        },
        "2017": {
            "cash": 1,
            "stock": 0,
            "eps": 1.82
        },
        "2018": {
            "cash": 1,
            "stock": 0,
            "eps": 1.82
        },
        "2019": {
            "cash": 2,
            "stock": 0,
            "eps": 2.08
        },
        "2020": {
            "cash": 1,
            "stock": 0,
            "eps": 1.57
        },
        "2021": {
            "cash": 2,
            "stock": 0,
            "eps": 3.29
        },
        "2022": {
            "cash": 3,
            "stock": 0,
            "eps": 3.5
        },
        "2023": {
            "cash": 3,
            "stock": 0,
            "eps": 0.24
        }
    },
    "dividends": {
        "2000-06-27": {
            "cash": 0,
            "stock": 4
        },
        "2001-05-28": {
            "cash": 0,
            "stock": 5
        },
        "2002-05-20": {
            "cash": 1,
            "stock": 2.5
        },
        "2003-04-24": {
            "cash": 2,
            "stock": 1
        },
        "2004-03-11": {
            "cash": 1,
            "stock": 0.5
        },
        "2005-05-03": {
            "cash": 0.25,
            "stock": 0
        },
        "2006-03-09": {
            "cash": 0.5,
            "stock": 0.8
        },
        "2007-06-13": {
            "cash": 0.47,
            "stock": 0.47
        },
        "2008-04-21": {
            "cash": 0.4,
            "stock": 0.4
        },
        "2010-03-26": {
            "cash": 0.3,
            "stock": 1.1
        },
        "2011-03-31": {
            "cash": 0.3,
            "stock": 0
        },
        "2012-06-21": {
            "cash": 0.3,
            "stock": 1.4
        },
        "2014-09-30": {
            "cash": 0.2,
            "stock": 0
        },
        "2015-09-15": {
            "cash": 0.4,
            "stock": 0
        },
        "2016-09-02": {
            "cash": 0.2,
            "stock": 0
        },
        "2017-07-31": {
            "cash": 0.9,
            "stock": 0
        },
        "2018-03-26": {
            "cash": 1.1,
            "stock": 0
        },
        "2019-08-09": {
            "cash": 1.6,
            "stock": 0
        },
        "2020-08-05": {
            "cash": 0.9,
            "stock": 0
        },
        "2021-08-27": {
            "cash": 1.6,
            "stock": 0
        },
        "2022-07-28": {
            "cash": 3,
            "stock": 0
        },
        "2023-03-15": {
            "cash": 2.5,
            "stock": 0
        }
    },
    "prices": {
        "200101": "無",
        "200102": "無",
        "200103": "無",
        "200104": "無",
        "200105": "無",
        "200106": "無",
        "200107": "無",
        "200108": "無",
        "200109": "無",
        "200110": "無",
        "200111": "無",
        "200112": "無",
        "200201": "無",
        "200202": "無",
        "200203": "75.40",
        "200204": "68.69",
        "200205": "56.16",
        "200206": "54.24",
        "200207": "40.47",
        "200208": "38.24",
        "200209": "36.30",
        "200210": "30.63",
        "200211": "32.32",
        "200212": "32.52",
        "200301": "35.67",
        "200302": "31.38",
        "200303": "32.60",
        "200304": "31.25",
        "200305": "27.81",
        "200306": "31.59",
        "200307": "30.37",
        "200308": "28.62",
        "200309": "25.60",
        "200310": "21.60",
        "200311": "20.27",
        "200312": "21.69",
        "200401": "22.14",
        "200402": "22.64",
        "200403": "22.65",
        "200404": "21.54",
        "200405": "17.86",
        "200406": "16.50",
        "200407": "12.14",
        "200408": "11.82",
        "200409": "10.46",
        "200410": "10.72",
        "200411": "9.94",
        "200412": "8.66",
        "200501": "7.80",
        "200502": "7.81",
        "200503": "8.23",
        "200504": "7.51",
        "200505": "8.26",
        "200506": "9.38",
        "200507": "10.13",
        "200508": "9.16",
        "200509": "7.93",
        "200510": "7.34",
        "200511": "11.39",
        "200512": "13.59",
        "200601": "14.58",
        "200602": "13.59",
        "200603": "12.72",
        "200604": "14.35",
        "200605": "14.05",
        "200606": "12.56",
        "200607": "12.11",
        "200608": "11.46",
        "200609": "11.03",
        "200610": "12.73",
        "200611": "16.91",
        "200612": "16.83",
        "200701": "17.41",
        "200702": "18.18",
        "200703": "19.89",
        "200704": "28.56",
        "200705": "26.93",
        "200706": "28.85",
        "200707": "32.79",
        "200708": "30.87",
        "200709": "28.20",
        "200710": "25.50",
        "200711": "18.85",
        "200712": "16.63",
        "200801": "15.51",
        "200802": "14.45",
        "200803": "15.40",
        "200804": "15.88",
        "200805": "15.62",
        "200806": "12.86",
        "200807": "9.18",
        "200808": "9.20",
        "200809": "6.44",
        "200810": "6.03",
        "200811": "5.04",
        "200812": "4.09",
        "200901": "3.91",
        "200902": "4.08",
        "200903": "5.98",
        "200904": "8.46",
        "200905": "13.23",
        "200906": "11.90",
        "200907": "14.43",
        "200908": "14.64",
        "200909": "14.62",
        "200910": "15.86",
        "200911": "15.47",
        "200912": "16.70",
        "201001": "22.36",
        "201002": "20.62",
        "201003": "22.80",
        "201004": "24.76",
        "201005": "20.76",
        "201006": "20.04",
        "201007": "19.64",
        "201008": "19.61",
        "201009": "16.55",
        "201010": "16.02",
        "201011": "14.75",
        "201012": "15.14",
        "201101": "14.21",
        "201102": "13.14",
        "201103": "12.78",
        "201104": "13.77",
        "201105": "15.12",
        "201106": "14.14",
        "201107": "13.47",
        "201108": "11.50",
        "201109": "11.26",
        "201110": "10.98",
        "201111": "12.17",
        "201112": "11.70",
        "201201": "13.07",
        "201202": "14.84",
        "201203": "15.67",
        "201204": "14.28",
        "201205": "13.69",
        "201206": "13.50",
        "201207": "13.99",
        "201208": "14.37",
        "201209": "12.30",
        "201210": "11.78",
        "201211": "10.58",
        "201212": "10.60",
        "201301": "10.84",
        "201302": "11.06",
        "201303": "10.19",
        "201304": "8.46",
        "201305": "9.00",
        "201306": "8.93",
        "201307": "8.31",
        "201308": "8.88",
        "201309": "8.62",
        "201310": "8.20",
        "201311": "7.62",
        "201312": "7.93",
        "201401": "8.45",
        "201402": "9.43",
        "201403": "9.13",
        "201404": "8.49",
        "201405": "8.19",
        "201406": "8.60",
        "201407": "8.24",
        "201408": "7.99",
        "201409": "7.81",
        "201410": "7.23",
        "201411": "7.42",
        "201412": "8.40",
        "201501": "9.10",
        "201502": "9.13",
        "201503": "9.25",
        "201504": "8.84",
        "201505": "8.48",
        "201506": "7.99",
        "201507": "7.39",
        "201508": "6.31",
        "201509": "6.38",
        "201510": "6.77",
        "201511": "7.10",
        "201512": "7.05",
        "201601": "6.80",
        "201602": "6.84",
        "201603": "7.02",
        "201604": "6.60",
        "201605": "6.65",
        "201606": "6.92",
        "201607": "7.20",
        "201608": "7.35",
        "201609": "8.01",
        "201610": "8.92",
        "201611": "9.16",
        "201612": "11.39",
        "201701": "11.64",
        "201702": "13.43",
        "201703": "14.23",
        "201704": "13.40",
        "201705": "13.14",
        "201706": "14.77",
        "201707": "15.57",
        "201708": "14.95",
        "201709": "14.82",
        "201710": "14.24",
        "201711": "14.68",
        "201712": "14.11",
        "201801": "14.30",
        "201802": "14.21",
        "201803": "16.73",
        "201804": "20.08",
        "201805": "20.00",
        "201806": "21.15",
        "201807": "19.18",
        "201808": "17.52",
        "201809": "16.17",
        "201810": "16.21",
        "201811": "15.97",
        "201812": "15.75",
        "201901": "16.32",
        "201902": "18.44",
        "201903": "20.04",
        "201904": "22.03",
        "201905": "20.84",
        "201906": "20.89",
        "201907": "20.72",
        "201908": "19.21",
        "201909": "19.41",
        "201910": "20.66",
        "201911": "20.84",
        "201912": "20.16",
        "202001": "20.37",
        "202002": "18.99",
        "202003": "15.99",
        "202004": "15.96",
        "202005": "18.24",
        "202006": "18.62",
        "202007": "18.46",
        "202008": "18.20",
        "202009": "17.84",
        "202010": "17.41",
        "202011": "17.51",
        "202012": "18.85",
        "202101": "19.15",
        "202102": "18.30",
        "202103": "19.52",
        "202104": "23.07",
        "202105": "21.39",
        "202106": "23.35",
        "202107": "27.49",
        "202108": "25.55",
        "202109": "24.68",
        "202110": "25.24",
        "202111": "29.27",
        "202112": "29.26",
        "202201": "29.57",
        "202202": "34.07",
        "202203": "35.31",
        "202204": "34.16",
        "202205": "31.72",
        "202206": "30.20",
        "202207": "23.84",
        "202208": "26.94",
        "202209": "26.30",
        "202210": "23.95",
        "202211": "25.39",
        "202212": "25.31",
        "202301": "25.49",
        "202302": "26.50",
        "202303": "29.89",
        "202304": "33.70",
        "202305": "32.96"
    },
    "quarters": {
        "20011": {
            "year_quarter": 20011,
            "year": 2001,
            "quarter": 1,
            "eps": 2.16,
            "eps_growth_year": null,
            "eps_4q": null,
            "eps_4q_growth_year": null,
            "roe": 9.03,
            "roe_4q": 9.03,
            "gross_profit": 115358,
            "gross_margin": 12.76,
            "gross_margin_4q_avg": 12.76,
            "net_income": 46770,
            "revenue": 904248,
            "common_shares": 216818,
            "book_valuer_per_share": 24.96,
            "book_valuer_per_share_4q_avg": 24.96,
            "equity": 541116,
            "current_ratio": 138.1,
            "debt_ratio": 65.01,
            "inventory_turnover_ratio": 2.4,
            "account_receivable_turnover_ratio": null,
            "reinvestment_rate": null,
            "research_to_sale_ratio": null,
            "price_fair": 0,
            "eps_avg_yearly": 0,
            "eps_latest_yearly": 0,
            "eps_growth_yearly": 0
        },
        "20012": {
            "year_quarter": 20012,
            "year": 2001,
            "quarter": 2,
            "eps": 1.83,
            "eps_growth_year": null,
            "eps_4q": null,
            "eps_4q_growth_year": null,
            "roe": 7.08,
            "roe_4q": 16.11,
            "gross_profit": 78785,
            "gross_margin": 12.02,
            "gross_margin_4q_avg": 12.39,
            "net_income": 39683,
            "revenue": 655601,
            "common_shares": 216818,
            "book_valuer_per_share": 26.72,
            "book_valuer_per_share_4q_avg": 25.84,
            "equity": 579231,
            "current_ratio": 155.87,
            "debt_ratio": 57.49,
            "inventory_turnover_ratio": 1.9,
            "account_receivable_turnover_ratio": null,
            "reinvestment_rate": null,
            "research_to_sale_ratio": null,
            "price_fair": 0,
            "eps_avg_yearly": 0,
            "eps_latest_yearly": 0,
            "eps_growth_yearly": 0
        },
        "20013": {
            "year_quarter": 20013,
            "year": 2001,
            "quarter": 3,
            "eps": 0.96,
            "eps_growth_year": null,
            "eps_4q": null,
            "eps_4q_growth_year": null,
            "roe": 5.53,
            "roe_4q": 21.64,
            "gross_profit": 96556,
            "gross_margin": 13.27,
            "gross_margin_4q_avg": 12.68,
            "net_income": 35100,
            "revenue": 727432,
            "common_shares": 367000,
            "book_valuer_per_share": 18.79,
            "book_valuer_per_share_4q_avg": 23.49,
            "equity": 689535,
            "current_ratio": 173.16,
            "debt_ratio": 52.58,
            "inventory_turnover_ratio": 2.35,
            "account_receivable_turnover_ratio": null,
            "reinvestment_rate": null,
            "research_to_sale_ratio": null,
            "price_fair": 0,
            "eps_avg_yearly": 0,
            "eps_latest_yearly": 0,
            "eps_growth_yearly": 0
        },
        "20014": {
            "year_quarter": 20014,
            "year": 2001,
            "quarter": 4,
            "eps": 1.12,
            "eps_growth_year": null,
            "eps_4q": 4.61,
            "eps_4q_growth_year": null,
            "roe": 5.5,
            "roe_4q": 27.14,
            "gross_profit": 107907,
            "gross_margin": 13.25,
            "gross_margin_4q_avg": 12.83,
            "net_income": 38988,
            "revenue": 814262,
            "common_shares": 367000,
            "book_valuer_per_share": 19.84,
            "book_valuer_per_share_4q_avg": 22.58,
            "equity": 728113,
            "current_ratio": 183.54,
            "debt_ratio": 50.88,
            "inventory_turnover_ratio": 2.21,
            "account_receivable_turnover_ratio": null,
            "reinvestment_rate": null,
            "research_to_sale_ratio": null,
            "price_fair": 0,
            "eps_avg_yearly": 0,
            "eps_latest_yearly": 0,
            "eps_growth_yearly": 0
        },
        "20021": {
            "year_quarter": 20021,
            "year": 2002,
            "quarter": 1,
            "eps": 1.62,
            "eps_growth_year": -25,
            "eps_4q": 4.71,
            "eps_4q_growth_year": null,
            "roe": 7.86,
            "roe_4q": 25.97,
            "gross_profit": 127877,
            "gross_margin": 14.68,
            "gross_margin_4q_avg": 13.31,
            "net_income": 59560,
            "revenue": 871037,
            "common_shares": 367000,
            "book_valuer_per_share": 21.47,
            "book_valuer_per_share_4q_avg": 21.71,
            "equity": 787794,
            "current_ratio": 164.29,
            "debt_ratio": 57.38,
            "inventory_turnover_ratio": 1.73,
            "account_receivable_turnover_ratio": null,
            "reinvestment_rate": null,
            "research_to_sale_ratio": null,
            "price_fair": 226.8,
            "eps_avg_yearly": 6.48,
            "eps_latest_yearly": 6.48,
            "eps_growth_yearly": 178.57
        },
        "20022": {
            "year_quarter": 20022,
            "year": 2002,
            "quarter": 2,
            "eps": 0.2,
            "eps_growth_year": -89.07,
            "eps_4q": 3.79,
            "eps_4q_growth_year": null,
            "roe": 0.96,
            "roe_4q": 19.85,
            "gross_profit": 75237,
            "gross_margin": 10.86,
            "gross_margin_4q_avg": 13.02,
            "net_income": 7447,
            "revenue": 692591,
            "common_shares": 367000,
            "book_valuer_per_share": 20.6,
            "book_valuer_per_share_4q_avg": 20.18,
            "equity": 756134,
            "current_ratio": 196.33,
            "debt_ratio": 49.62,
            "inventory_turnover_ratio": 1.39,
            "account_receivable_turnover_ratio": null,
            "reinvestment_rate": null,
            "research_to_sale_ratio": null,
            "price_fair": 10.92,
            "eps_avg_yearly": 3.64,
            "eps_latest_yearly": 0.8,
            "eps_growth_yearly": -86.02
        },
        "20023": {
            "year_quarter": 20023,
            "year": 2002,
            "quarter": 3,
            "eps": 0.84,
            "eps_growth_year": -12.5,
            "eps_4q": 3.09,
            "eps_4q_growth_year": null,
            "roe": 5.1,
            "roe_4q": 19.42,
            "gross_profit": 106362,
            "gross_margin": 12.64,
            "gross_margin_4q_avg": 12.86,
            "net_income": 39541,
            "revenue": 841526,
            "common_shares": 469350,
            "book_valuer_per_share": 16.94,
            "book_valuer_per_share_4q_avg": 19.71,
            "equity": 795002,
            "current_ratio": 256.48,
            "debt_ratio": 57.15,
            "inventory_turnover_ratio": 1.88,
            "account_receivable_turnover_ratio": null,
            "reinvestment_rate": null,
            "research_to_sale_ratio": null,
            "price_fair": 124.13,
            "eps_avg_yearly": 3.55,
            "eps_latest_yearly": 3.36,
            "eps_growth_yearly": 369.32
        },
        "20024": {
            "year_quarter": 20024,
            "year": 2002,
            "quarter": 4,
            "eps": 1.65,
            "eps_growth_year": 47.32,
            "eps_4q": 3.91,
            "eps_4q_growth_year": -15.12,
            "roe": 9.17,
            "roe_4q": 23.09,
            "gross_profit": 162805,
            "gross_margin": 16.6,
            "gross_margin_4q_avg": 13.7,
            "net_income": 77639,
            "revenue": 980978,
            "common_shares": 476927,
            "book_valuer_per_share": 18.82,
            "book_valuer_per_share_4q_avg": 19.46,
            "equity": 897466,
            "current_ratio": 263.57,
            "debt_ratio": 54.08,
            "inventory_turnover_ratio": 1.99,
            "account_receivable_turnover_ratio": null,
            "reinvestment_rate": null,
            "research_to_sale_ratio": null,
            "price_fair": 150.85,
            "eps_avg_yearly": 4.31,
            "eps_latest_yearly": 6.6,
            "eps_growth_yearly": 373.42
        },
        "20031": {
            "year_quarter": 20031,
            "year": 2003,
            "quarter": 1,
            "eps": 1.07,
            "eps_growth_year": -33.95,
            "eps_4q": 3.67,
            "eps_4q_growth_year": -22.19,
            "roe": 5.06,
            "roe_4q": 20.29,
            "gross_profit": 110201,
            "gross_margin": 13.13,
            "gross_margin_4q_avg": 13.31,
            "net_income": 51321,
            "revenue": 839495,
            "common_shares": 532048,
            "book_valuer_per_share": 21.23,
            "book_valuer_per_share_4q_avg": 19.4,
            "equity": 1129710,
            "current_ratio": 301.21,
            "debt_ratio": 40.85,
            "inventory_turnover_ratio": 1.68,
            "account_receivable_turnover_ratio": null,
            "reinvestment_rate": null,
            "research_to_sale_ratio": null,
            "price_fair": 150.64,
            "eps_avg_yearly": 4.3,
            "eps_latest_yearly": 4.28,
            "eps_growth_yearly": 270.61
        },
        "20032": {
            "year_quarter": 20032,
            "year": 2003,
            "quarter": 2,
            "eps": 0.09,
            "eps_growth_year": -55,
            "eps_4q": 2.9,
            "eps_4q_growth_year": -23.44,
            "roe": 0.5,
            "roe_4q": 19.83,
            "gross_profit": 53542,
            "gross_margin": 8.5,
            "gross_margin_4q_avg": 12.72,
            "net_income": 5395,
            "revenue": 629965,
            "common_shares": 601253,
            "book_valuer_per_share": 17.05,
            "book_valuer_per_share_4q_avg": 18.51,
            "equity": 1025388,
            "current_ratio": 269.38,
            "debt_ratio": 44.39,
            "inventory_turnover_ratio": 1.26,
            "account_receivable_turnover_ratio": null,
            "reinvestment_rate": null,
            "research_to_sale_ratio": null,
            "price_fair": 127.63,
            "eps_avg_yearly": 3.65,
            "eps_latest_yearly": 0.36,
            "eps_growth_yearly": 164.45
        },
        "20033": {
            "year_quarter": 20033,
            "year": 2003,
            "quarter": 3,
            "eps": 0.37,
            "eps_growth_year": -55.95,
            "eps_4q": 2.65,
            "eps_4q_growth_year": -14.18,
            "roe": 2.08,
            "roe_4q": 16.81,
            "gross_profit": 83890,
            "gross_margin": 8.38,
            "gross_margin_4q_avg": 11.65,
            "net_income": 21772,
            "revenue": 1001368,
            "common_shares": 608436,
            "book_valuer_per_share": 17.56,
            "book_valuer_per_share_4q_avg": 18.67,
            "equity": 1068606,
            "current_ratio": 236.4,
            "debt_ratio": 46.47,
            "inventory_turnover_ratio": 1.67,
            "account_receivable_turnover_ratio": null,
            "reinvestment_rate": null,
            "research_to_sale_ratio": null,
            "price_fair": 116.8,
            "eps_avg_yearly": 3.34,
            "eps_latest_yearly": 1.48,
            "eps_growth_yearly": 318.74
        },
        "20034": {
            "year_quarter": 20034,
            "year": 2003,
            "quarter": 4,
            "eps": 0.58,
            "eps_growth_year": -64.85,
            "eps_4q": 1.92,
            "eps_4q_growth_year": -51.01,
            "roe": 3.19,
            "roe_4q": 10.829999999999998,
            "gross_profit": 101017,
            "gross_margin": 8.69,
            "gross_margin_4q_avg": 9.68,
            "net_income": 34035,
            "revenue": 1162229,
            "common_shares": 608436,
            "book_valuer_per_share": 17.53,
            "book_valuer_per_share_4q_avg": 18.34,
            "equity": 1066490,
            "current_ratio": 200.41,
            "debt_ratio": 52.19,
            "inventory_turnover_ratio": 1.51,
            "account_receivable_turnover_ratio": null,
            "reinvestment_rate": null,
            "research_to_sale_ratio": null,
            "price_fair": 112.35,
            "eps_avg_yearly": 3.21,
            "eps_latest_yearly": 2.32,
            "eps_growth_yearly": 307.27
        },
        "20041": {
            "year_quarter": 20041,
            "year": 2004,
            "quarter": 1,
            "eps": 0.4,
            "eps_growth_year": -62.62,
            "eps_4q": 1.41,
            "eps_4q_growth_year": -61.67,
            "roe": 2.26,
            "roe_4q": 8.03,
            "gross_profit": 100536,
            "gross_margin": 8.85,
            "gross_margin_4q_avg": 8.61,
            "net_income": 24336,
            "revenue": 1136210,
            "common_shares": 608436,
            "book_valuer_per_share": 17.82,
            "book_valuer_per_share_4q_avg": 17.49,
            "equity": 1084280,
            "current_ratio": 258.73,
            "debt_ratio": 57.81,
            "inventory_turnover_ratio": 1.34,
            "account_receivable_turnover_ratio": null,
            "reinvestment_rate": null,
            "research_to_sale_ratio": null,
            "price_fair": 106.09,
            "eps_avg_yearly": 3.03,
            "eps_latest_yearly": 1.6,
            "eps_growth_yearly": 259.34
        },
        "20042": {
            "year_quarter": 20042,
            "year": 2004,
            "quarter": 2,
            "eps": -0.25,
            "eps_growth_year": -377.78,
            "eps_4q": 1.06,
            "eps_4q_growth_year": -63.53,
            "roe": -1.52,
            "roe_4q": 6.01,
            "gross_profit": 54587,
            "gross_margin": 6.13,
            "gross_margin_4q_avg": 8.01,
            "net_income": -15768,
            "revenue": 890793,
            "common_shares": 608436,
            "book_valuer_per_share": 16.3,
            "book_valuer_per_share_4q_avg": 17.3,
            "equity": 991873,
            "current_ratio": 201.01,
            "debt_ratio": 63.34,
            "inventory_turnover_ratio": 1.09,
            "account_receivable_turnover_ratio": null,
            "reinvestment_rate": null,
            "research_to_sale_ratio": null,
            "price_fair": 106.09,
            "eps_avg_yearly": 3.03,
            "eps_latest_yearly": 1.6,
            "eps_growth_yearly": 259.34
        },
        "20043": {
            "year_quarter": 20043,
            "year": 2004,
            "quarter": 3,
            "eps": 0.36,
            "eps_growth_year": -2.7,
            "eps_4q": 1.05,
            "eps_4q_growth_year": -60.49,
            "roe": 2.25,
            "roe_4q": 6.18,
            "gross_profit": 76571,
            "gross_margin": 6.81,
            "gross_margin_4q_avg": 7.62,
            "net_income": 22283,
            "revenue": 1124526,
            "common_shares": 647978,
            "book_valuer_per_share": 15.31,
            "book_valuer_per_share_4q_avg": 16.74,
            "equity": 992335,
            "current_ratio": 181.26,
            "debt_ratio": 65.35,
            "inventory_turnover_ratio": 1.18,
            "account_receivable_turnover_ratio": null,
            "reinvestment_rate": null,
            "research_to_sale_ratio": null,
            "price_fair": 106.09,
            "eps_avg_yearly": 3.03,
            "eps_latest_yearly": 1.6,
            "eps_growth_yearly": 259.34
        },
        "20044": {
            "year_quarter": 20044,
            "year": 2004,
            "quarter": 4,
            "eps": -0.05,
            "eps_growth_year": -108.62,
            "eps_4q": 0.45,
            "eps_4q_growth_year": -76.53,
            "roe": -0.3,
            "roe_4q": 2.6899999999999995,
            "gross_profit": 102246,
            "gross_margin": 6.39,
            "gross_margin_4q_avg": 7.05,
            "net_income": -2944,
            "revenue": 1599061,
            "common_shares": 647978,
            "book_valuer_per_share": 15,
            "book_valuer_per_share_4q_avg": 16.11,
            "equity": 971913,
            "current_ratio": 192.1,
            "debt_ratio": 62.94,
            "inventory_turnover_ratio": 1.66,
            "account_receivable_turnover_ratio": null,
            "reinvestment_rate": -2.83,
            "research_to_sale_ratio": null,
            "price_fair": 106.09,
            "eps_avg_yearly": 3.03,
            "eps_latest_yearly": 1.6,
            "eps_growth_yearly": 259.34
        },
        "20051": {
            "year_quarter": 20051,
            "year": 2005,
            "quarter": 1,
            "eps": 0.37,
            "eps_growth_year": -7.5,
            "eps_4q": 0.43,
            "eps_4q_growth_year": -69.39,
            "roe": 2.23,
            "roe_4q": 2.6599999999999997,
            "gross_profit": 99556,
            "gross_margin": 8.02,
            "gross_margin_4q_avg": 6.84,
            "net_income": 21890,
            "revenue": 1241962,
            "common_shares": 647978,
            "book_valuer_per_share": 15.33,
            "book_valuer_per_share_4q_avg": 15.49,
            "equity": 993202,
            "current_ratio": 195.11,
            "debt_ratio": 62.05,
            "inventory_turnover_ratio": 1.34,
            "account_receivable_turnover_ratio": null,
            "reinvestment_rate": -3.7,
            "research_to_sale_ratio": null,
            "price_fair": 106.09,
            "eps_avg_yearly": 3.03,
            "eps_latest_yearly": 1.6,
            "eps_growth_yearly": 259.34
        },
        "20052": {
            "year_quarter": 20052,
            "year": 2005,
            "quarter": 2,
            "eps": 0,
            "eps_growth_year": null,
            "eps_4q": 0.64,
            "eps_4q_growth_year": -39.6,
            "roe": 0.02,
            "roe_4q": 4.2,
            "gross_profit": 77577,
            "gross_margin": 6.59,
            "gross_margin_4q_avg": 6.95,
            "net_income": 180,
            "revenue": 1176454,
            "common_shares": 647978,
            "book_valuer_per_share": 15.07,
            "book_valuer_per_share_4q_avg": 15.18,
            "equity": 976586,
            "current_ratio": 194.5,
            "debt_ratio": 62.68,
            "inventory_turnover_ratio": 1.18,
            "account_receivable_turnover_ratio": null,
            "reinvestment_rate": -7.69,
            "research_to_sale_ratio": null,
            "price_fair": 106.09,
            "eps_avg_yearly": 3.03,
            "eps_latest_yearly": 1.6,
            "eps_growth_yearly": 259.34
        },
        "20053": {
            "year_quarter": 20053,
            "year": 2005,
            "quarter": 3,
            "eps": 0.85,
            "eps_growth_year": 136.11,
            "eps_4q": 1.17,
            "eps_4q_growth_year": 11.97,
            "roe": 5,
            "roe_4q": 6.95,
            "gross_profit": 94349,
            "gross_margin": 7.5,
            "gross_margin_4q_avg": 7.13,
            "net_income": 50209,
            "revenue": 1258147,
            "common_shares": 647978,
            "book_valuer_per_share": 15.94,
            "book_valuer_per_share_4q_avg": 15.34,
            "equity": 1033040,
            "current_ratio": 188.3,
            "debt_ratio": 59.47,
            "inventory_turnover_ratio": 1.12,
            "account_receivable_turnover_ratio": null,
            "reinvestment_rate": -7.87,
            "research_to_sale_ratio": null,
            "price_fair": 106.09,
            "eps_avg_yearly": 3.03,
            "eps_latest_yearly": 1.6,
            "eps_growth_yearly": 259.34
        },
        "20054": {
            "year_quarter": 20054,
            "year": 2005,
            "quarter": 4,
            "eps": 0.53,
            "eps_growth_year": null,
            "eps_4q": 1.76,
            "eps_4q_growth_year": 290.93,
            "roe": 2.97,
            "roe_4q": 10.22,
            "gross_profit": 189196,
            "gross_margin": 11.4,
            "gross_margin_4q_avg": 8.38,
            "net_income": 31165,
            "revenue": 1659094,
            "common_shares": 647978,
            "book_valuer_per_share": 16.41,
            "book_valuer_per_share_4q_avg": 15.69,
            "equity": 1063048,
            "current_ratio": 176.75,
            "debt_ratio": 62.84,
            "inventory_turnover_ratio": 1.18,
            "account_receivable_turnover_ratio": null,
            "reinvestment_rate": -7.59,
            "research_to_sale_ratio": null,
            "price_fair": 102.9,
            "eps_avg_yearly": 2.94,
            "eps_latest_yearly": 2.12,
            "eps_growth_yearly": 218.35
        },
        "20061": {
            "year_quarter": 20061,
            "year": 2006,
            "quarter": 1,
            "eps": 0.51,
            "eps_growth_year": 37.84,
            "eps_4q": 1.89,
            "eps_4q_growth_year": 338.63,
            "roe": 2.8,
            "roe_4q": 10.79,
            "gross_profit": 97045,
            "gross_margin": 6.82,
            "gross_margin_4q_avg": 8.08,
            "net_income": 30190,
            "revenue": 1421942,
            "common_shares": 647978,
            "book_valuer_per_share": 16.84,
            "book_valuer_per_share_4q_avg": 16.07,
            "equity": 1091422,
            "current_ratio": 179.4,
            "debt_ratio": 61.77,
            "inventory_turnover_ratio": 1.02,
            "account_receivable_turnover_ratio": null,
            "reinvestment_rate": -6.3,
            "research_to_sale_ratio": null,
            "price_fair": 87.36,
            "eps_avg_yearly": 2.5,
            "eps_latest_yearly": 2.04,
            "eps_growth_yearly": 198.98
        },
        "20062": {
            "year_quarter": 20062,
            "year": 2006,
            "quarter": 2,
            "eps": 0.08,
            "eps_growth_year": null,
            "eps_4q": 1.82,
            "eps_4q_growth_year": 185.03,
            "roe": 0.48,
            "roe_4q": 11.25,
            "gross_profit": 81351,
            "gross_margin": 6.48,
            "gross_margin_4q_avg": 8.05,
            "net_income": 5125,
            "revenue": 1255747,
            "common_shares": 647978,
            "book_valuer_per_share": 16.41,
            "book_valuer_per_share_4q_avg": 16.4,
            "equity": 1063542,
            "current_ratio": 192.22,
            "debt_ratio": 58.55,
            "inventory_turnover_ratio": 1.05,
            "account_receivable_turnover_ratio": null,
            "reinvestment_rate": -6.1,
            "research_to_sale_ratio": null,
            "price_fair": 85.68,
            "eps_avg_yearly": 2.45,
            "eps_latest_yearly": 0.32,
            "eps_growth_yearly": 200.31
        },
        "20063": {
            "year_quarter": 20063,
            "year": 2006,
            "quarter": 3,
            "eps": 1.14,
            "eps_growth_year": 34.12,
            "eps_4q": 2.17,
            "eps_4q_growth_year": 84.68,
            "roe": 6.69,
            "roe_4q": 12.94,
            "gross_profit": 151456,
            "gross_margin": 8.42,
            "gross_margin_4q_avg": 8.28,
            "net_income": 73742,
            "revenue": 1799316,
            "common_shares": 704545,
            "book_valuer_per_share": 16.18,
            "book_valuer_per_share_4q_avg": 16.46,
            "equity": 1140082,
            "current_ratio": 161.32,
            "debt_ratio": 66,
            "inventory_turnover_ratio": 1.49,
            "account_receivable_turnover_ratio": null,
            "reinvestment_rate": -6.51,
            "research_to_sale_ratio": null,
            "price_fair": 89.88,
            "eps_avg_yearly": 2.57,
            "eps_latest_yearly": 4.56,
            "eps_growth_yearly": 602.31
        },
        "20064": {
            "year_quarter": 20064,
            "year": 2006,
            "quarter": 4,
            "eps": 0.22,
            "eps_growth_year": -58.49,
            "eps_4q": 1.85,
            "eps_4q_growth_year": 5.23,
            "roe": 1.24,
            "roe_4q": 11.21,
            "gross_profit": 92114,
            "gross_margin": 5.37,
            "gross_margin_4q_avg": 6.77,
            "net_income": 14708,
            "revenue": 1716687,
            "common_shares": 704545,
            "book_valuer_per_share": 17.58,
            "book_valuer_per_share_4q_avg": 16.75,
            "equity": 1238564,
            "current_ratio": 168.55,
            "debt_ratio": 63.01,
            "inventory_turnover_ratio": 1.3,
            "account_receivable_turnover_ratio": null,
            "reinvestment_rate": -21.98,
            "research_to_sale_ratio": null,
            "price_fair": 69.86,
            "eps_avg_yearly": 2,
            "eps_latest_yearly": 0.88,
            "eps_growth_yearly": 531.46
        },
        "20071": {
            "year_quarter": 20071,
            "year": 2007,
            "quarter": 1,
            "eps": 0.8,
            "eps_growth_year": 56.86,
            "eps_4q": 2.01,
            "eps_4q_growth_year": 6.63,
            "roe": 4.56,
            "roe_4q": 12.97,
            "gross_profit": 161646,
            "gross_margin": 7.34,
            "gross_margin_4q_avg": 6.9,
            "net_income": 61725,
            "revenue": 2202593,
            "common_shares": 847987,
            "book_valuer_per_share": 17.29,
            "book_valuer_per_share_4q_avg": 16.87,
            "equity": 1466168,
            "current_ratio": 164.71,
            "debt_ratio": 61.45,
            "inventory_turnover_ratio": 1.47,
            "account_receivable_turnover_ratio": null,
            "reinvestment_rate": -25.21,
            "research_to_sale_ratio": null,
            "price_fair": 66.08,
            "eps_avg_yearly": 1.89,
            "eps_latest_yearly": 3.2,
            "eps_growth_yearly": 650.98
        },
        "20072": {
            "year_quarter": 20072,
            "year": 2007,
            "quarter": 2,
            "eps": 0.55,
            "eps_growth_year": 587.5,
            "eps_4q": 2.4,
            "eps_4q_growth_year": 31.51,
            "roe": 2.95,
            "roe_4q": 15.440000000000001,
            "gross_profit": 128281,
            "gross_margin": 5.21,
            "gross_margin_4q_avg": 6.59,
            "net_income": 44759,
            "revenue": 2464228,
            "common_shares": 888450,
            "book_valuer_per_share": 17.68,
            "book_valuer_per_share_4q_avg": 17.18,
            "equity": 1570946,
            "current_ratio": 159.5,
            "debt_ratio": 60.03,
            "inventory_turnover_ratio": 1.48,
            "account_receivable_turnover_ratio": null,
            "reinvestment_rate": -24.14,
            "research_to_sale_ratio": null,
            "price_fair": 72.52,
            "eps_avg_yearly": 2.07,
            "eps_latest_yearly": 2.2,
            "eps_growth_yearly": 675.11
        },
        "20073": {
            "year_quarter": 20073,
            "year": 2007,
            "quarter": 3,
            "eps": 0.16,
            "eps_growth_year": -85.96,
            "eps_4q": 1.54,
            "eps_4q_growth_year": -28.8,
            "roe": 0.88,
            "roe_4q": 9.63,
            "gross_profit": 98087,
            "gross_margin": 4.09,
            "gross_margin_4q_avg": 5.5,
            "net_income": 14016,
            "revenue": 2398967,
            "common_shares": 960060,
            "book_valuer_per_share": 16.76,
            "book_valuer_per_share_4q_avg": 17.33,
            "equity": 1608946,
            "current_ratio": 153.65,
            "debt_ratio": 61.24,
            "inventory_turnover_ratio": 1.28,
            "account_receivable_turnover_ratio": null,
            "reinvestment_rate": -24.03,
            "research_to_sale_ratio": null,
            "price_fair": 69.58,
            "eps_avg_yearly": 1.99,
            "eps_latest_yearly": 0.64,
            "eps_growth_yearly": 522.31
        },
        "20074": {
            "year_quarter": 20074,
            "year": 2007,
            "quarter": 4,
            "eps": -0.13,
            "eps_growth_year": -159.09,
            "eps_4q": 1.19,
            "eps_4q_growth_year": -35.72,
            "roe": -0.73,
            "roe_4q": 7.66,
            "gross_profit": 49178,
            "gross_margin": 2.24,
            "gross_margin_4q_avg": 4.72,
            "net_income": -11597,
            "revenue": 2196513,
            "common_shares": 960059,
            "book_valuer_per_share": 16.39,
            "book_valuer_per_share_4q_avg": 17.03,
            "equity": 1573076,
            "current_ratio": 181.93,
            "debt_ratio": 51.57,
            "inventory_turnover_ratio": 1.26,
            "account_receivable_turnover_ratio": null,
            "reinvestment_rate": -30.48,
            "research_to_sale_ratio": null,
            "price_fair": 68.29,
            "eps_avg_yearly": 1.95,
            "eps_latest_yearly": 0.64,
            "eps_growth_yearly": 555.11
        },
        "20081": {
            "year_quarter": 20081,
            "year": 2008,
            "quarter": 1,
            "eps": 0.34,
            "eps_growth_year": -57.5,
            "eps_4q": 0.84,
            "eps_4q_growth_year": -58.06,
            "roe": 2.03,
            "roe_4q": 5.13,
            "gross_profit": 123441,
            "gross_margin": 5.12,
            "gross_margin_4q_avg": 4.17,
            "net_income": 31819,
            "revenue": 2413164,
            "common_shares": 960060,
            "book_valuer_per_share": 16.27,
            "book_valuer_per_share_4q_avg": 16.78,
            "equity": 1561540,
            "current_ratio": 165.98,
            "debt_ratio": 59.09,
            "inventory_turnover_ratio": 1.32,
            "account_receivable_turnover_ratio": null,
            "reinvestment_rate": -32.42,
            "research_to_sale_ratio": null,
            "price_fair": 69.83,
            "eps_avg_yearly": 2,
            "eps_latest_yearly": 0.64,
            "eps_growth_yearly": 640.02
        },
        "20082": {
            "year_quarter": 20082,
            "year": 2008,
            "quarter": 2,
            "eps": -0.26,
            "eps_growth_year": -147.27,
            "eps_4q": 0.11,
            "eps_4q_growth_year": -95.58,
            "roe": -1.58,
            "roe_4q": 0.5999999999999998,
            "gross_profit": 55234,
            "gross_margin": 2.93,
            "gross_margin_4q_avg": 3.6,
            "net_income": -24075,
            "revenue": 1883155,
            "common_shares": 960059,
            "book_valuer_per_share": 15.4,
            "book_valuer_per_share_4q_avg": 16.21,
            "equity": 1478199,
            "current_ratio": 165.34,
            "debt_ratio": 59.33,
            "inventory_turnover_ratio": 0.95,
            "account_receivable_turnover_ratio": null,
            "reinvestment_rate": -36.49,
            "research_to_sale_ratio": null,
            "price_fair": 69.83,
            "eps_avg_yearly": 2,
            "eps_latest_yearly": 0.64,
            "eps_growth_yearly": 640.02
        },
        "20083": {
            "year_quarter": 20083,
            "year": 2008,
            "quarter": 3,
            "eps": -0.29,
            "eps_growth_year": -281.25,
            "eps_4q": -0.31,
            "eps_4q_growth_year": -120.37,
            "roe": -1.9,
            "roe_4q": -2.18,
            "gross_profit": 58765,
            "gross_margin": 2.94,
            "gross_margin_4q_avg": 3.31,
            "net_income": -27928,
            "revenue": 1997086,
            "common_shares": 1011041,
            "book_valuer_per_share": 14.43,
            "book_valuer_per_share_4q_avg": 15.62,
            "equity": 1458994,
            "current_ratio": 157.88,
            "debt_ratio": 60.43,
            "inventory_turnover_ratio": 1.11,
            "account_receivable_turnover_ratio": null,
            "reinvestment_rate": -38.43,
            "research_to_sale_ratio": null,
            "price_fair": 69.83,
            "eps_avg_yearly": 2,
            "eps_latest_yearly": 0.64,
            "eps_growth_yearly": 640.02
        },
        "20084": {
            "year_quarter": 20084,
            "year": 2008,
            "quarter": 4,
            "eps": -1.35,
            "eps_growth_year": null,
            "eps_4q": -1.55,
            "eps_4q_growth_year": -230.25,
            "roe": -9.36,
            "roe_4q": -10.81,
            "gross_profit": -46391,
            "gross_margin": -2.94,
            "gross_margin_4q_avg": 2.01,
            "net_income": -129835,
            "revenue": 1575552,
            "common_shares": 1011041,
            "book_valuer_per_share": 13,
            "book_valuer_per_share_4q_avg": 14.78,
            "equity": 1314429,
            "current_ratio": 164.97,
            "debt_ratio": 56.45,
            "inventory_turnover_ratio": 1.17,
            "account_receivable_turnover_ratio": 2.84,
            "reinvestment_rate": -61.41,
            "research_to_sale_ratio": null,
            "price_fair": 69.83,
            "eps_avg_yearly": 2,
            "eps_latest_yearly": 0.64,
            "eps_growth_yearly": 640.02
        },
        "20091": {
            "year_quarter": 20091,
            "year": 2009,
            "quarter": 1,
            "eps": 0.71,
            "eps_growth_year": 108.82,
            "eps_4q": -1.24,
            "eps_4q_growth_year": -246.74,
            "roe": 4.91,
            "roe_4q": -7.93,
            "gross_profit": 144577,
            "gross_margin": 8.09,
            "gross_margin_4q_avg": 2.76,
            "net_income": 66252,
            "revenue": 1787066,
            "common_shares": 1011041,
            "book_valuer_per_share": 13.71,
            "book_valuer_per_share_4q_avg": 14.14,
            "equity": 1386311,
            "current_ratio": 160.48,
            "debt_ratio": 57.57,
            "inventory_turnover_ratio": 1.45,
            "account_receivable_turnover_ratio": 1.51,
            "reinvestment_rate": -47.32,
            "research_to_sale_ratio": null,
            "price_fair": 69.83,
            "eps_avg_yearly": 2,
            "eps_latest_yearly": 0.64,
            "eps_growth_yearly": 640.02
        },
        "20092": {
            "year_quarter": 20092,
            "year": 2009,
            "quarter": 2,
            "eps": 0.1,
            "eps_growth_year": null,
            "eps_4q": -0.93,
            "eps_4q_growth_year": -980.13,
            "roe": 0.64,
            "roe_4q": -5.709999999999999,
            "gross_profit": 105311,
            "gross_margin": 5.95,
            "gross_margin_4q_avg": 3.51,
            "net_income": 8870,
            "revenue": 1770275,
            "common_shares": 1011041,
            "book_valuer_per_share": 13.74,
            "book_valuer_per_share_4q_avg": 13.72,
            "equity": 1389578,
            "current_ratio": 167.54,
            "debt_ratio": 55.08,
            "inventory_turnover_ratio": 1.57,
            "account_receivable_turnover_ratio": 1.49,
            "reinvestment_rate": -42.98,
            "research_to_sale_ratio": null,
            "price_fair": 63.62,
            "eps_avg_yearly": 1.82,
            "eps_latest_yearly": 0.4,
            "eps_growth_yearly": 530.72
        },
        "20093": {
            "year_quarter": 20093,
            "year": 2009,
            "quarter": 3,
            "eps": 0.37,
            "eps_growth_year": null,
            "eps_4q": -0.22,
            "eps_4q_growth_year": null,
            "roe": 2.45,
            "roe_4q": -1.3599999999999994,
            "gross_profit": 107818,
            "gross_margin": 5.93,
            "gross_margin_4q_avg": 4.26,
            "net_income": 34384,
            "revenue": 1818409,
            "common_shares": 1011041,
            "book_valuer_per_share": 14.05,
            "book_valuer_per_share_4q_avg": 13.63,
            "equity": 1420391,
            "current_ratio": 173.63,
            "debt_ratio": 52.98,
            "inventory_turnover_ratio": 1.73,
            "account_receivable_turnover_ratio": 1.6,
            "reinvestment_rate": -37.33,
            "research_to_sale_ratio": null,
            "price_fair": 62.44,
            "eps_avg_yearly": 1.78,
            "eps_latest_yearly": 1.48,
            "eps_growth_yearly": 585.65
        },
        "20094": {
            "year_quarter": 20094,
            "year": 2009,
            "quarter": 4,
            "eps": 0.44,
            "eps_growth_year": null,
            "eps_4q": 1.61,
            "eps_4q_growth_year": null,
            "roe": 2.82,
            "roe_4q": 10.82,
            "gross_profit": 131544,
            "gross_margin": 6.82,
            "gross_margin_4q_avg": 6.7,
            "net_income": 40682,
            "revenue": 1927417,
            "common_shares": 1011041,
            "book_valuer_per_share": 15.69,
            "book_valuer_per_share_4q_avg": 14.3,
            "equity": 1460249,
            "current_ratio": 169.88,
            "debt_ratio": 51.82,
            "inventory_turnover_ratio": 1.87,
            "account_receivable_turnover_ratio": 3.1,
            "reinvestment_rate": 60.78,
            "research_to_sale_ratio": null,
            "price_fair": 61.18,
            "eps_avg_yearly": 1.75,
            "eps_latest_yearly": 1.76,
            "eps_growth_yearly": 608.28
        },
        "20101": {
            "year_quarter": 20101,
            "year": 2010,
            "quarter": 1,
            "eps": 0.44,
            "eps_growth_year": -38.03,
            "eps_4q": 1.34,
            "eps_4q_growth_year": null,
            "roe": 2.78,
            "roe_4q": 8.690000000000001,
            "gross_profit": 131307,
            "gross_margin": 5.5,
            "gross_margin_4q_avg": 6.05,
            "net_income": 41091,
            "revenue": 2389376,
            "common_shares": 1011041,
            "book_valuer_per_share": 16.11,
            "book_valuer_per_share_4q_avg": 14.9,
            "equity": 1499806,
            "current_ratio": 164.85,
            "debt_ratio": 53.89,
            "inventory_turnover_ratio": 2.25,
            "account_receivable_turnover_ratio": 1.79,
            "reinvestment_rate": 112.76,
            "research_to_sale_ratio": 0.57,
            "price_fair": 60.2,
            "eps_avg_yearly": 1.72,
            "eps_latest_yearly": 1.76,
            "eps_growth_yearly": 609.79
        },
        "20102": {
            "year_quarter": 20102,
            "year": 2010,
            "quarter": 2,
            "eps": 0.26,
            "eps_growth_year": 156.31,
            "eps_4q": 1.37,
            "eps_4q_growth_year": null,
            "roe": 1.77,
            "roe_4q": 9.82,
            "gross_profit": 104958,
            "gross_margin": 6.61,
            "gross_margin_4q_avg": 6.22,
            "net_income": 26628,
            "revenue": 1587114,
            "common_shares": 1011041,
            "book_valuer_per_share": 16.22,
            "book_valuer_per_share_4q_avg": 15.52,
            "equity": 1509740,
            "current_ratio": 177.57,
            "debt_ratio": 48.36,
            "inventory_turnover_ratio": 1.48,
            "account_receivable_turnover_ratio": 1.21,
            "reinvestment_rate": 108.64,
            "research_to_sale_ratio": 0.77,
            "price_fair": 62.72,
            "eps_avg_yearly": 1.79,
            "eps_latest_yearly": 1.04,
            "eps_growth_yearly": 627.15
        },
        "20103": {
            "year_quarter": 20103,
            "year": 2010,
            "quarter": 3,
            "eps": 0.14,
            "eps_growth_year": -63.24,
            "eps_4q": 1.18,
            "eps_4q_growth_year": null,
            "roe": 0.93,
            "roe_4q": 8.3,
            "gross_profit": 98371,
            "gross_margin": 4.78,
            "gross_margin_4q_avg": 5.93,
            "net_income": 14130,
            "revenue": 2056457,
            "common_shares": 1119206,
            "book_valuer_per_share": 14.61,
            "book_valuer_per_share_4q_avg": 15.66,
            "equity": 1517596,
            "current_ratio": 168.53,
            "debt_ratio": 52.68,
            "inventory_turnover_ratio": 2.07,
            "account_receivable_turnover_ratio": 1.55,
            "reinvestment_rate": 180.59,
            "research_to_sale_ratio": 0.6,
            "price_fair": 48.72,
            "eps_avg_yearly": 1.39,
            "eps_latest_yearly": 0.56,
            "eps_growth_yearly": 78.69
        },
        "20104": {
            "year_quarter": 20104,
            "year": 2010,
            "quarter": 4,
            "eps": -0.09,
            "eps_growth_year": -120.46,
            "eps_4q": 0.7,
            "eps_4q_growth_year": -56.75,
            "roe": -0.62,
            "roe_4q": 4.859999999999999,
            "gross_profit": 113540,
            "gross_margin": 6.07,
            "gross_margin_4q_avg": 5.74,
            "net_income": -9351,
            "revenue": 1869375,
            "common_shares": 1119205,
            "book_valuer_per_share": 14.36,
            "book_valuer_per_share_4q_avg": 15.33,
            "equity": 1492209,
            "current_ratio": 171.84,
            "debt_ratio": 51.58,
            "inventory_turnover_ratio": 1.96,
            "account_receivable_turnover_ratio": 1.3,
            "reinvestment_rate": 213.51,
            "research_to_sale_ratio": 0.55,
            "price_fair": 50.71,
            "eps_avg_yearly": 1.45,
            "eps_latest_yearly": 0.56,
            "eps_growth_yearly": 123.3
        },
        "20111": {
            "year_quarter": 20111,
            "year": 2011,
            "quarter": 1,
            "eps": 0.72,
            "eps_growth_year": 63.64,
            "eps_4q": 1.02,
            "eps_4q_growth_year": -23.85,
            "roe": 4.89,
            "roe_4q": 6.969999999999999,
            "gross_profit": 144991,
            "gross_margin": 6.43,
            "gross_margin_4q_avg": 5.97,
            "net_income": 74861,
            "revenue": 2254724,
            "common_shares": 1119205,
            "book_valuer_per_share": 15.12,
            "book_valuer_per_share_4q_avg": 15.08,
            "equity": 1570405,
            "current_ratio": 174.81,
            "debt_ratio": 55.22,
            "inventory_turnover_ratio": 2.16,
            "account_receivable_turnover_ratio": 1.42,
            "reinvestment_rate": 207.02,
            "research_to_sale_ratio": 0.57,
            "price_fair": 20.78,
            "eps_avg_yearly": 1.23,
            "eps_latest_yearly": 0.56,
            "eps_growth_yearly": 6.89
        },
        "20112": {
            "year_quarter": 20112,
            "year": 2011,
            "quarter": 2,
            "eps": 0.23,
            "eps_growth_year": -9.8,
            "eps_4q": 1,
            "eps_4q_growth_year": -27.4,
            "roe": 1.54,
            "roe_4q": 6.739999999999999,
            "gross_profit": 133226,
            "gross_margin": 7.49,
            "gross_margin_4q_avg": 6.19,
            "net_income": 24019,
            "revenue": 1777851,
            "common_shares": 1071206,
            "book_valuer_per_share": 15,
            "book_valuer_per_share_4q_avg": 14.77,
            "equity": 1558353,
            "current_ratio": 174.36,
            "debt_ratio": 53.91,
            "inventory_turnover_ratio": 1.46,
            "account_receivable_turnover_ratio": 1.1,
            "reinvestment_rate": 281.55,
            "research_to_sale_ratio": 0.84,
            "price_fair": 3.21,
            "eps_avg_yearly": 1.07,
            "eps_latest_yearly": 0.92,
            "eps_growth_yearly": -11.51
        },
        "20113": {
            "year_quarter": 20113,
            "year": 2011,
            "quarter": 3,
            "eps": 0.58,
            "eps_growth_year": 328.71,
            "eps_4q": 1.44,
            "eps_4q_growth_year": 22.5,
            "roe": 3.78,
            "roe_4q": 9.590000000000002,
            "gross_profit": 123411,
            "gross_margin": 6.87,
            "gross_margin_4q_avg": 6.72,
            "net_income": 60577,
            "revenue": 1796844,
            "common_shares": 1071206,
            "book_valuer_per_share": 15.81,
            "book_valuer_per_share_4q_avg": 15.07,
            "equity": 1642840,
            "current_ratio": 185.28,
            "debt_ratio": 52.57,
            "inventory_turnover_ratio": 1.55,
            "account_receivable_turnover_ratio": 1.17,
            "reinvestment_rate": 278.41,
            "research_to_sale_ratio": 0.69,
            "price_fair": 44.8,
            "eps_avg_yearly": 1.28,
            "eps_latest_yearly": 2.32,
            "eps_growth_yearly": 100.03
        },
        "20114": {
            "year_quarter": 20114,
            "year": 2011,
            "quarter": 4,
            "eps": 0.41,
            "eps_growth_year": null,
            "eps_4q": 1.95,
            "eps_4q_growth_year": 178.78,
            "roe": 2.57,
            "roe_4q": 12.78,
            "gross_profit": 140293,
            "gross_margin": 6.11,
            "gross_margin_4q_avg": 6.73,
            "net_income": 42650,
            "revenue": 2297326,
            "common_shares": 1038896,
            "book_valuer_per_share": 16.19,
            "book_valuer_per_share_4q_avg": 15.53,
            "equity": 1681783,
            "current_ratio": 175.92,
            "debt_ratio": 54.73,
            "inventory_turnover_ratio": 2.1,
            "account_receivable_turnover_ratio": 1.41,
            "reinvestment_rate": 252.19,
            "research_to_sale_ratio": 0.5,
            "price_fair": 46.2,
            "eps_avg_yearly": 1.32,
            "eps_latest_yearly": 1.64,
            "eps_growth_yearly": 75.89
        },
        "20121": {
            "year_quarter": 20121,
            "year": 2012,
            "quarter": 1,
            "eps": 0.36,
            "eps_growth_year": -50,
            "eps_4q": 1.56,
            "eps_4q_growth_year": 52.55,
            "roe": 2.16,
            "roe_4q": 10.05,
            "gross_profit": 125355,
            "gross_margin": 6.53,
            "gross_margin_4q_avg": 6.75,
            "net_income": 36992,
            "revenue": 1918522,
            "common_shares": 1038896,
            "book_valuer_per_share": 16.75,
            "book_valuer_per_share_4q_avg": 15.94,
            "equity": 1740320,
            "current_ratio": 198.78,
            "debt_ratio": 52.9,
            "inventory_turnover_ratio": 1.68,
            "account_receivable_turnover_ratio": 1.21,
            "reinvestment_rate": 252.18,
            "research_to_sale_ratio": 0.66,
            "price_fair": 46.62,
            "eps_avg_yearly": 1.33,
            "eps_latest_yearly": 1.44,
            "eps_growth_yearly": 63.42
        },
        "20122": {
            "year_quarter": 20122,
            "year": 2012,
            "quarter": 2,
            "eps": 0.18,
            "eps_growth_year": -21.6,
            "eps_4q": 1.34,
            "eps_4q_growth_year": 34.47,
            "roe": 1.26,
            "roe_4q": 9.77,
            "gross_profit": 125971,
            "gross_margin": 6.71,
            "gross_margin_4q_avg": 6.56,
            "net_income": 21902,
            "revenue": 1876936,
            "common_shares": 1052752,
            "book_valuer_per_share": 16.6,
            "book_valuer_per_share_4q_avg": 16.34,
            "equity": 1747787,
            "current_ratio": 183.87,
            "debt_ratio": 55.47,
            "inventory_turnover_ratio": 1.52,
            "account_receivable_turnover_ratio": 1.2,
            "reinvestment_rate": 274.51,
            "research_to_sale_ratio": 0.74,
            "price_fair": 44.67,
            "eps_avg_yearly": 1.28,
            "eps_latest_yearly": 0.72,
            "eps_growth_yearly": 39.47
        },
        "20123": {
            "year_quarter": 20123,
            "year": 2012,
            "quarter": 3,
            "eps": 0.39,
            "eps_growth_year": -33.71,
            "eps_4q": 1.23,
            "eps_4q_growth_year": -15.08,
            "roe": 2.64,
            "roe_4q": 8.63,
            "gross_profit": 140705,
            "gross_margin": 5.81,
            "gross_margin_4q_avg": 6.29,
            "net_income": 46709,
            "revenue": 2422488,
            "common_shares": 1208333,
            "book_valuer_per_share": 14.79,
            "book_valuer_per_share_4q_avg": 16.08,
            "equity": 1787643,
            "current_ratio": 166.36,
            "debt_ratio": 58.78,
            "inventory_turnover_ratio": 1.61,
            "account_receivable_turnover_ratio": 1.56,
            "reinvestment_rate": 240.2,
            "research_to_sale_ratio": 0.72,
            "price_fair": 45.5,
            "eps_avg_yearly": 1.3,
            "eps_latest_yearly": 1.56,
            "eps_growth_yearly": 75.07
        },
        "20124": {
            "year_quarter": 20124,
            "year": 2012,
            "quarter": 4,
            "eps": -3.76,
            "eps_growth_year": -1014.86,
            "eps_4q": -2.88,
            "eps_4q_growth_year": -248.14,
            "roe": -29.15,
            "roe_4q": -23.089999999999996,
            "gross_profit": -27387,
            "gross_margin": -1.48,
            "gross_margin_4q_avg": 4.39,
            "net_income": -453824,
            "revenue": 1849110,
            "common_shares": 1208333,
            "book_valuer_per_share": 10.98,
            "book_valuer_per_share_4q_avg": 14.78,
            "equity": 1326230,
            "current_ratio": 162.57,
            "debt_ratio": 60.1,
            "inventory_turnover_ratio": 1.41,
            "account_receivable_turnover_ratio": 1.44,
            "reinvestment_rate": 1354.64,
            "research_to_sale_ratio": 0.51,
            "price_fair": 45.5,
            "eps_avg_yearly": 1.3,
            "eps_latest_yearly": 1.56,
            "eps_growth_yearly": 75.07
        },
        "20131": {
            "year_quarter": 20131,
            "year": 2013,
            "quarter": 1,
            "eps": 0.28,
            "eps_growth_year": -22.22,
            "eps_4q": -2.91,
            "eps_4q_growth_year": -286.31,
            "roe": 2.53,
            "roe_4q": -22.719999999999995,
            "gross_profit": 86395,
            "gross_margin": 4.92,
            "gross_margin_4q_avg": 3.99,
            "net_income": 33936,
            "revenue": 1754526,
            "common_shares": 1208333,
            "book_valuer_per_share": 11.22,
            "book_valuer_per_share_4q_avg": 13.4,
            "equity": 1355749,
            "current_ratio": 137.39,
            "debt_ratio": 63.78,
            "inventory_turnover_ratio": 1.44,
            "account_receivable_turnover_ratio": 1.91,
            "reinvestment_rate": 1233.82,
            "research_to_sale_ratio": 0.58,
            "price_fair": 45.5,
            "eps_avg_yearly": 1.3,
            "eps_latest_yearly": 1.56,
            "eps_growth_yearly": 75.07
        },
        "20132": {
            "year_quarter": 20132,
            "year": 2013,
            "quarter": 2,
            "eps": 0.2,
            "eps_growth_year": 10.34,
            "eps_4q": -2.89,
            "eps_4q_growth_year": -315.25,
            "roe": 1.76,
            "roe_4q": -22.22,
            "gross_profit": 96786,
            "gross_margin": 5.18,
            "gross_margin_4q_avg": 3.61,
            "net_income": 24218,
            "revenue": 1867427,
            "common_shares": 1208333,
            "book_valuer_per_share": 11.53,
            "book_valuer_per_share_4q_avg": 12.13,
            "equity": 1392649,
            "current_ratio": 149.06,
            "debt_ratio": 56.55,
            "inventory_turnover_ratio": 1.47,
            "account_receivable_turnover_ratio": 2.53,
            "reinvestment_rate": 922.49,
            "research_to_sale_ratio": 0.83,
            "price_fair": 46.67,
            "eps_avg_yearly": 1.33,
            "eps_latest_yearly": 0.8,
            "eps_growth_yearly": 94.19
        },
        "20133": {
            "year_quarter": 20133,
            "year": 2013,
            "quarter": 3,
            "eps": 0.22,
            "eps_growth_year": -43.09,
            "eps_4q": -3.05,
            "eps_4q_growth_year": -348.83,
            "roe": 1.91,
            "roe_4q": -22.95,
            "gross_profit": 100920,
            "gross_margin": 6.59,
            "gross_margin_4q_avg": 3.8,
            "net_income": 26775,
            "revenue": 1530924,
            "common_shares": 1208333,
            "book_valuer_per_share": 11.72,
            "book_valuer_per_share_4q_avg": 11.36,
            "equity": 1416183,
            "current_ratio": 148.24,
            "debt_ratio": 57.16,
            "inventory_turnover_ratio": 1.23,
            "account_receivable_turnover_ratio": 1.98,
            "reinvestment_rate": 1017.91,
            "research_to_sale_ratio": 0.72,
            "price_fair": 22.49,
            "eps_avg_yearly": 1.28,
            "eps_latest_yearly": 0.88,
            "eps_growth_yearly": 7.52
        },
        "20134": {
            "year_quarter": 20134,
            "year": 2013,
            "quarter": 4,
            "eps": -0.29,
            "eps_growth_year": null,
            "eps_4q": 0.42,
            "eps_4q_growth_year": null,
            "roe": -2.47,
            "roe_4q": 3.7299999999999995,
            "gross_profit": 7803,
            "gross_margin": 0.77,
            "gross_margin_4q_avg": 4.37,
            "net_income": -34739,
            "revenue": 1018825,
            "common_shares": 1208333,
            "book_valuer_per_share": 11.59,
            "book_valuer_per_share_4q_avg": 11.52,
            "equity": 1400712,
            "current_ratio": 166.59,
            "debt_ratio": 49.08,
            "inventory_turnover_ratio": 1.02,
            "account_receivable_turnover_ratio": 1.4,
            "reinvestment_rate": null,
            "research_to_sale_ratio": 0.91,
            "price_fair": 14.04,
            "eps_avg_yearly": 1.24,
            "eps_latest_yearly": 0.88,
            "eps_growth_yearly": 1.33
        },
        "20141": {
            "year_quarter": 20141,
            "year": 2014,
            "quarter": 1,
            "eps": 0.08,
            "eps_growth_year": -71.43,
            "eps_4q": 0.22,
            "eps_4q_growth_year": null,
            "roe": 0.73,
            "roe_4q": 1.9299999999999997,
            "gross_profit": 59750,
            "gross_margin": 5.42,
            "gross_margin_4q_avg": 4.49,
            "net_income": 10268,
            "revenue": 1102288,
            "common_shares": 1208333,
            "book_valuer_per_share": 11.68,
            "book_valuer_per_share_4q_avg": 11.63,
            "equity": 1411143,
            "current_ratio": 143.63,
            "debt_ratio": 56.95,
            "inventory_turnover_ratio": 1.04,
            "account_receivable_turnover_ratio": 1.95,
            "reinvestment_rate": null,
            "research_to_sale_ratio": 0.89,
            "price_fair": 13.61,
            "eps_avg_yearly": 1.19,
            "eps_latest_yearly": 0.88,
            "eps_growth_yearly": 1.46
        },
        "20142": {
            "year_quarter": 20142,
            "year": 2014,
            "quarter": 2,
            "eps": 0.09,
            "eps_growth_year": -55,
            "eps_4q": 0.11,
            "eps_4q_growth_year": null,
            "roe": 0.76,
            "roe_4q": 0.9299999999999997,
            "gross_profit": 71582,
            "gross_margin": 5.78,
            "gross_margin_4q_avg": 4.64,
            "net_income": 10638,
            "revenue": 1239023,
            "common_shares": 1208333,
            "book_valuer_per_share": 11.47,
            "book_valuer_per_share_4q_avg": 11.62,
            "equity": 1386189,
            "current_ratio": 142.24,
            "debt_ratio": 57.05,
            "inventory_turnover_ratio": 1.05,
            "account_receivable_turnover_ratio": 1.9,
            "reinvestment_rate": null,
            "research_to_sale_ratio": 0.75,
            "price_fair": 36.76,
            "eps_avg_yearly": 1.12,
            "eps_latest_yearly": 0.36,
            "eps_growth_yearly": 22.82
        },
        "20143": {
            "year_quarter": 20143,
            "year": 2014,
            "quarter": 3,
            "eps": 0.47,
            "eps_growth_year": 113.64,
            "eps_4q": 0.36,
            "eps_4q_growth_year": null,
            "roe": 4.01,
            "roe_4q": 3.03,
            "gross_profit": 72194,
            "gross_margin": 7.41,
            "gross_margin_4q_avg": 4.85,
            "net_income": 57053,
            "revenue": 973863,
            "common_shares": 1208333,
            "book_valuer_per_share": 12.06,
            "book_valuer_per_share_4q_avg": 11.7,
            "equity": 1456765,
            "current_ratio": 152.99,
            "debt_ratio": 50.85,
            "inventory_turnover_ratio": 0.98,
            "account_receivable_turnover_ratio": 1.37,
            "reinvestment_rate": null,
            "research_to_sale_ratio": 1.47,
            "price_fair": 43.82,
            "eps_avg_yearly": 1.25,
            "eps_latest_yearly": 1.88,
            "eps_growth_yearly": 210.17
        },
        "20144": {
            "year_quarter": 20144,
            "year": 2014,
            "quarter": 4,
            "eps": 0.1,
            "eps_growth_year": null,
            "eps_4q": 0.75,
            "eps_4q_growth_year": 81.32,
            "roe": 0.85,
            "roe_4q": 6.35,
            "gross_profit": 61731,
            "gross_margin": 5.24,
            "gross_margin_4q_avg": 5.96,
            "net_income": 12497,
            "revenue": 1178547,
            "common_shares": 1208333,
            "book_valuer_per_share": 12.49,
            "book_valuer_per_share_4q_avg": 11.93,
            "equity": 1500625,
            "current_ratio": 148.56,
            "debt_ratio": 51.83,
            "inventory_turnover_ratio": 1.34,
            "account_receivable_turnover_ratio": 1.89,
            "reinvestment_rate": null,
            "research_to_sale_ratio": 0.78,
            "price_fair": 41.11,
            "eps_avg_yearly": 1.17,
            "eps_latest_yearly": 0.4,
            "eps_growth_yearly": 162.44
        },
        "20151": {
            "year_quarter": 20151,
            "year": 2015,
            "quarter": 1,
            "eps": 0.24,
            "eps_growth_year": 200,
            "eps_4q": 0.9,
            "eps_4q_growth_year": 310.83,
            "roe": 1.91,
            "roe_4q": 7.529999999999999,
            "gross_profit": 94423,
            "gross_margin": 11.17,
            "gross_margin_4q_avg": 7.4,
            "net_income": 28770,
            "revenue": 845277,
            "common_shares": 1208333,
            "book_valuer_per_share": 12.5,
            "book_valuer_per_share_4q_avg": 12.13,
            "equity": 1509850,
            "current_ratio": 157.53,
            "debt_ratio": 52.32,
            "inventory_turnover_ratio": 0.85,
            "account_receivable_turnover_ratio": 1.23,
            "reinvestment_rate": null,
            "research_to_sale_ratio": 1.23,
            "price_fair": 40.48,
            "eps_avg_yearly": 1.16,
            "eps_latest_yearly": 0.96,
            "eps_growth_yearly": 195.57
        },
        "20152": {
            "year_quarter": 20152,
            "year": 2015,
            "quarter": 2,
            "eps": 0.07,
            "eps_growth_year": -22.22,
            "eps_4q": 0.88,
            "eps_4q_growth_year": 725.12,
            "roe": 0.57,
            "roe_4q": 7.34,
            "gross_profit": 70003,
            "gross_margin": 9.5,
            "gross_margin_4q_avg": 8.33,
            "net_income": 8465,
            "revenue": 736767,
            "common_shares": 1208333,
            "book_valuer_per_share": 12.12,
            "book_valuer_per_share_4q_avg": 12.29,
            "equity": 1464199,
            "current_ratio": 181.23,
            "debt_ratio": 45.88,
            "inventory_turnover_ratio": 0.9,
            "account_receivable_turnover_ratio": 1.05,
            "reinvestment_rate": null,
            "research_to_sale_ratio": 1.35,
            "price_fair": 38.62,
            "eps_avg_yearly": 1.1,
            "eps_latest_yearly": 0.28,
            "eps_growth_yearly": 194.64
        },
        "20153": {
            "year_quarter": 20153,
            "year": 2015,
            "quarter": 3,
            "eps": 0.35,
            "eps_growth_year": -25.53,
            "eps_4q": 0.77,
            "eps_4q_growth_year": 115.97,
            "roe": 2.81,
            "roe_4q": 6.14,
            "gross_profit": 76283,
            "gross_margin": 11.5,
            "gross_margin_4q_avg": 9.35,
            "net_income": 42067,
            "revenue": 663415,
            "common_shares": 1208333,
            "book_valuer_per_share": 12.87,
            "book_valuer_per_share_4q_avg": 12.5,
            "equity": 1529310,
            "current_ratio": 203.52,
            "debt_ratio": 40.75,
            "inventory_turnover_ratio": 1.11,
            "account_receivable_turnover_ratio": 1.04,
            "reinvestment_rate": null,
            "research_to_sale_ratio": 1.71,
            "price_fair": 35.93,
            "eps_avg_yearly": 1.03,
            "eps_latest_yearly": 1.4,
            "eps_growth_yearly": 277.25
        },
        "20154": {
            "year_quarter": 20154,
            "year": 2015,
            "quarter": 4,
            "eps": -0.33,
            "eps_growth_year": -416.62,
            "eps_4q": 0.34,
            "eps_4q_growth_year": -55.13,
            "roe": -2.61,
            "roe_4q": 2.68,
            "gross_profit": 55898,
            "gross_margin": 11.21,
            "gross_margin_4q_avg": 10.85,
            "net_income": -39148,
            "revenue": 498693,
            "common_shares": 1208333,
            "book_valuer_per_share": 12.41,
            "book_valuer_per_share_4q_avg": 12.48,
            "equity": 1474689,
            "current_ratio": 242.3,
            "debt_ratio": 33.67,
            "inventory_turnover_ratio": 1.2,
            "account_receivable_turnover_ratio": 0.89,
            "reinvestment_rate": null,
            "research_to_sale_ratio": 3.01,
            "price_fair": 33.98,
            "eps_avg_yearly": 0.97,
            "eps_latest_yearly": 1.4,
            "eps_growth_yearly": 313.11
        },
        "20161": {
            "year_quarter": 20161,
            "year": 2016,
            "quarter": 1,
            "eps": 0.24,
            "eps_growth_year": 0,
            "eps_4q": 0.34,
            "eps_4q_growth_year": -62.46,
            "roe": 1.94,
            "roe_4q": 2.71,
            "gross_profit": 97425,
            "gross_margin": 34.5,
            "gross_margin_4q_avg": 16.68,
            "net_income": 28847,
            "revenue": 282425,
            "common_shares": 1208333,
            "book_valuer_per_share": 12.62,
            "book_valuer_per_share_4q_avg": 12.51,
            "equity": 1499690,
            "current_ratio": 348.81,
            "debt_ratio": 20.68,
            "inventory_turnover_ratio": 0.73,
            "account_receivable_turnover_ratio": 1.03,
            "reinvestment_rate": null,
            "research_to_sale_ratio": 4.17,
            "price_fair": 32.34,
            "eps_avg_yearly": 0.92,
            "eps_latest_yearly": 1.4,
            "eps_growth_yearly": 349.3
        },
        "20162": {
            "year_quarter": 20162,
            "year": 2016,
            "quarter": 2,
            "eps": 0.07,
            "eps_growth_year": 0,
            "eps_4q": 0.34,
            "eps_4q_growth_year": -61.94,
            "roe": 0.55,
            "roe_4q": 2.6900000000000004,
            "gross_profit": 93707,
            "gross_margin": 35.49,
            "gross_margin_4q_avg": 23.18,
            "net_income": 8200,
            "revenue": 264023,
            "common_shares": 1208333,
            "book_valuer_per_share": 12.41,
            "book_valuer_per_share_4q_avg": 12.58,
            "equity": 1474491,
            "current_ratio": 323.21,
            "debt_ratio": 21.65,
            "inventory_turnover_ratio": 0.66,
            "account_receivable_turnover_ratio": 4.16,
            "reinvestment_rate": null,
            "research_to_sale_ratio": 4.53,
            "price_fair": 30.8,
            "eps_avg_yearly": 0.88,
            "eps_latest_yearly": 0.28,
            "eps_growth_yearly": 340.97
        },
        "20163": {
            "year_quarter": 20163,
            "year": 2016,
            "quarter": 3,
            "eps": 0.24,
            "eps_growth_year": -31.43,
            "eps_4q": 0.22,
            "eps_4q_growth_year": -71.03,
            "roe": 1.91,
            "roe_4q": 1.7900000000000005,
            "gross_profit": 114316,
            "gross_margin": 32.06,
            "gross_margin_4q_avg": 28.32,
            "net_income": 28049,
            "revenue": 356594,
            "common_shares": 1208333,
            "book_valuer_per_share": 12.63,
            "book_valuer_per_share_4q_avg": 12.52,
            "equity": 1463940,
            "current_ratio": 325.14,
            "debt_ratio": 21.32,
            "inventory_turnover_ratio": 0.88,
            "account_receivable_turnover_ratio": 5.81,
            "reinvestment_rate": null,
            "research_to_sale_ratio": 2.84,
            "price_fair": 28.7,
            "eps_avg_yearly": 0.82,
            "eps_latest_yearly": 0.96,
            "eps_growth_yearly": 391.45
        },
        "20164": {
            "year_quarter": 20164,
            "year": 2016,
            "quarter": 4,
            "eps": 0.35,
            "eps_growth_year": null,
            "eps_4q": 0.92,
            "eps_4q_growth_year": 172.89,
            "roe": 2.65,
            "roe_4q": 7.049999999999999,
            "gross_profit": 106137,
            "gross_margin": 32.6,
            "gross_margin_4q_avg": 33.66,
            "net_income": 38949,
            "revenue": 325559,
            "common_shares": 1208333,
            "book_valuer_per_share": 13.07,
            "book_valuer_per_share_4q_avg": 12.68,
            "equity": 1474376,
            "current_ratio": 315.92,
            "debt_ratio": 21.4,
            "inventory_turnover_ratio": 0.72,
            "account_receivable_turnover_ratio": 5.27,
            "reinvestment_rate": -182.45,
            "research_to_sale_ratio": 3.88,
            "price_fair": 30.55,
            "eps_avg_yearly": 0.87,
            "eps_latest_yearly": 1.4,
            "eps_growth_yearly": 372.53
        },
        "20171": {
            "year_quarter": 20171,
            "year": 2017,
            "quarter": 1,
            "eps": 0.29,
            "eps_growth_year": 20.83,
            "eps_4q": 0.95,
            "eps_4q_growth_year": 181.57,
            "roe": 2.19,
            "roe_4q": 7.3,
            "gross_profit": 105665,
            "gross_margin": 30.25,
            "gross_margin_4q_avg": 32.6,
            "net_income": 32361,
            "revenue": 349304,
            "common_shares": 1208333,
            "book_valuer_per_share": 13.14,
            "book_valuer_per_share_4q_avg": 12.81,
            "equity": 1482814,
            "current_ratio": 362.76,
            "debt_ratio": 18.85,
            "inventory_turnover_ratio": 0.77,
            "account_receivable_turnover_ratio": 5.46,
            "reinvestment_rate": -17.8,
            "research_to_sale_ratio": 2.82,
            "price_fair": 31.38,
            "eps_avg_yearly": 0.9,
            "eps_latest_yearly": 1.16,
            "eps_growth_yearly": 335.77
        },
        "20172": {
            "year_quarter": 20172,
            "year": 2017,
            "quarter": 2,
            "eps": 0.35,
            "eps_growth_year": 400,
            "eps_4q": 1.23,
            "eps_4q_growth_year": 266.76,
            "roe": 2.74,
            "roe_4q": 9.49,
            "gross_profit": 103297,
            "gross_margin": 31.7,
            "gross_margin_4q_avg": 31.65,
            "net_income": 39819,
            "revenue": 325820,
            "common_shares": 1208333,
            "book_valuer_per_share": 12.66,
            "book_valuer_per_share_4q_avg": 12.88,
            "equity": 1428481,
            "current_ratio": 291.91,
            "debt_ratio": 22.88,
            "inventory_turnover_ratio": 0.72,
            "account_receivable_turnover_ratio": 4.36,
            "reinvestment_rate": -18.5,
            "research_to_sale_ratio": 3.53,
            "price_fair": 33.13,
            "eps_avg_yearly": 0.95,
            "eps_latest_yearly": 1.4,
            "eps_growth_yearly": 352.19
        },
        "20173": {
            "year_quarter": 20173,
            "year": 2017,
            "quarter": 3,
            "eps": 0.43,
            "eps_growth_year": 79.17,
            "eps_4q": 1.41,
            "eps_4q_growth_year": 530.37,
            "roe": 3.3,
            "roe_4q": 10.88,
            "gross_profit": 100972,
            "gross_margin": 28.91,
            "gross_margin_4q_avg": 30.87,
            "net_income": 48051,
            "revenue": 349207,
            "common_shares": 1208333,
            "book_valuer_per_share": 13.13,
            "book_valuer_per_share_4q_avg": 13,
            "equity": 1481296,
            "current_ratio": 381.05,
            "debt_ratio": 18.46,
            "inventory_turnover_ratio": 0.77,
            "account_receivable_turnover_ratio": 4.97,
            "reinvestment_rate": -15.95,
            "research_to_sale_ratio": 4.26,
            "price_fair": 35.58,
            "eps_avg_yearly": 1.02,
            "eps_latest_yearly": 1.72,
            "eps_growth_yearly": 356.48
        },
        "20174": {
            "year_quarter": 20174,
            "year": 2017,
            "quarter": 4,
            "eps": 0.75,
            "eps_growth_year": 115.92,
            "eps_4q": 1.81,
            "eps_4q_growth_year": 96.39,
            "roe": 5.55,
            "roe_4q": 13.78,
            "gross_profit": 82130,
            "gross_margin": 27.25,
            "gross_margin_4q_avg": 29.53,
            "net_income": 84099,
            "revenue": 301366,
            "common_shares": 1208333,
            "book_valuer_per_share": 13.71,
            "book_valuer_per_share_4q_avg": 13.16,
            "equity": 1546649,
            "current_ratio": 471.32,
            "debt_ratio": 16.09,
            "inventory_turnover_ratio": 0.67,
            "account_receivable_turnover_ratio": 4.76,
            "reinvestment_rate": -25.85,
            "research_to_sale_ratio": 5.2,
            "price_fair": 40.92,
            "eps_avg_yearly": 1.17,
            "eps_latest_yearly": 3,
            "eps_growth_yearly": 351.95
        },
        "20181": {
            "year_quarter": 20181,
            "year": 2018,
            "quarter": 1,
            "eps": 0.67,
            "eps_growth_year": 131.03,
            "eps_4q": 2.19,
            "eps_4q_growth_year": 130.06,
            "roe": 4.78,
            "roe_4q": 16.369999999999997,
            "gross_profit": 75356,
            "gross_margin": 24.4,
            "gross_margin_4q_avg": 28.07,
            "net_income": 75478,
            "revenue": 308865,
            "common_shares": 1188333,
            "book_valuer_per_share": 14.28,
            "book_valuer_per_share_4q_avg": 13.45,
            "equity": 1611571,
            "current_ratio": 470.9,
            "debt_ratio": 15.35,
            "inventory_turnover_ratio": 0.73,
            "account_receivable_turnover_ratio": 4.72,
            "reinvestment_rate": -44.27,
            "research_to_sale_ratio": 5.18,
            "price_fair": 44.7,
            "eps_avg_yearly": 1.28,
            "eps_latest_yearly": 2.68,
            "eps_growth_yearly": 323.77
        },
        "20182": {
            "year_quarter": 20182,
            "year": 2018,
            "quarter": 2,
            "eps": 0.25,
            "eps_growth_year": -28.57,
            "eps_4q": 2.09,
            "eps_4q_growth_year": 69.21,
            "roe": 1.78,
            "roe_4q": 15.41,
            "gross_profit": 105831,
            "gross_margin": 29.32,
            "gross_margin_4q_avg": 27.47,
            "net_income": 27870,
            "revenue": 361012,
            "common_shares": 1188333,
            "book_valuer_per_share": 13.4,
            "book_valuer_per_share_4q_avg": 13.63,
            "equity": 1512046,
            "current_ratio": 308.28,
            "debt_ratio": 23.55,
            "inventory_turnover_ratio": 0.83,
            "account_receivable_turnover_ratio": 4.74,
            "reinvestment_rate": -41.73,
            "research_to_sale_ratio": 5.75,
            "price_fair": 46.3,
            "eps_avg_yearly": 1.32,
            "eps_latest_yearly": 1,
            "eps_growth_yearly": 302.28
        },
        "20183": {
            "year_quarter": 20183,
            "year": 2018,
            "quarter": 3,
            "eps": 0.37,
            "eps_growth_year": -13.95,
            "eps_4q": 2.87,
            "eps_4q_growth_year": 103.43,
            "roe": 2.88,
            "roe_4q": 14.990000000000002,
            "gross_profit": 119532,
            "gross_margin": 30.25,
            "gross_margin_4q_avg": 27.81,
            "net_income": 39232,
            "revenue": 395198,
            "common_shares": 831833,
            "book_valuer_per_share": 15.36,
            "book_valuer_per_share_4q_avg": 14.19,
            "equity": 1213086,
            "current_ratio": 183.67,
            "debt_ratio": 38.61,
            "inventory_turnover_ratio": 0.85,
            "account_receivable_turnover_ratio": 4.22,
            "reinvestment_rate": -48.25,
            "research_to_sale_ratio": 4.24,
            "price_fair": 45.3,
            "eps_avg_yearly": 1.29,
            "eps_latest_yearly": 1.48,
            "eps_growth_yearly": 195.36
        },
        "20184": {
            "year_quarter": 20184,
            "year": 2018,
            "quarter": 4,
            "eps": 0.53,
            "eps_growth_year": -28.99,
            "eps_4q": 2.33,
            "eps_4q_growth_year": 28.91,
            "roe": 3.38,
            "roe_4q": 12.82,
            "gross_profit": 105368,
            "gross_margin": 25.25,
            "gross_margin_4q_avg": 27.31,
            "net_income": 41801,
            "revenue": 417357,
            "common_shares": 831833,
            "book_valuer_per_share": 15.92,
            "book_valuer_per_share_4q_avg": 14.74,
            "equity": 1257658,
            "current_ratio": 280.23,
            "debt_ratio": 24.37,
            "inventory_turnover_ratio": 0.8,
            "account_receivable_turnover_ratio": 4.31,
            "reinvestment_rate": -50.11,
            "research_to_sale_ratio": 3.76,
            "price_fair": 49.6,
            "eps_avg_yearly": 1.42,
            "eps_latest_yearly": 2.12,
            "eps_growth_yearly": 230.21
        },
        "20191": {
            "year_quarter": 20191,
            "year": 2019,
            "quarter": 1,
            "eps": 0.42,
            "eps_growth_year": -37.31,
            "eps_4q": 1.79,
            "eps_4q_growth_year": -18.2,
            "roe": 2.57,
            "roe_4q": 10.609999999999998,
            "gross_profit": 96807,
            "gross_margin": 23.01,
            "gross_margin_4q_avg": 26.96,
            "net_income": 32782,
            "revenue": 420705,
            "common_shares": 831833,
            "book_valuer_per_share": 16.37,
            "book_valuer_per_share_4q_avg": 15.26,
            "equity": 1292641,
            "current_ratio": 344.87,
            "debt_ratio": 20.41,
            "inventory_turnover_ratio": 0.8,
            "account_receivable_turnover_ratio": 4.54,
            "reinvestment_rate": -46.81,
            "research_to_sale_ratio": 3.59,
            "price_fair": 51.4,
            "eps_avg_yearly": 1.47,
            "eps_latest_yearly": 1.68,
            "eps_growth_yearly": 184.28
        },
        "20192": {
            "year_quarter": 20192,
            "year": 2019,
            "quarter": 2,
            "eps": 0.5,
            "eps_growth_year": 100,
            "eps_4q": 1.94,
            "eps_4q_growth_year": -6.88,
            "roe": 3.19,
            "roe_4q": 12.02,
            "gross_profit": 122348,
            "gross_margin": 27.76,
            "gross_margin_4q_avg": 26.57,
            "net_income": 39694,
            "revenue": 440781,
            "common_shares": 831833,
            "book_valuer_per_share": 15.18,
            "book_valuer_per_share_4q_avg": 15.71,
            "equity": 1198613,
            "current_ratio": 241.67,
            "debt_ratio": 28.84,
            "inventory_turnover_ratio": 0.86,
            "account_receivable_turnover_ratio": 4.25,
            "reinvestment_rate": -43.96,
            "research_to_sale_ratio": 3.62,
            "price_fair": 55.7,
            "eps_avg_yearly": 1.59,
            "eps_latest_yearly": 2,
            "eps_growth_yearly": 209.96
        },
        "20193": {
            "year_quarter": 20193,
            "year": 2019,
            "quarter": 3,
            "eps": 0.6,
            "eps_growth_year": 62.16,
            "eps_4q": 2.05,
            "eps_4q_growth_year": -28.65,
            "roe": 3.9,
            "roe_4q": 13.04,
            "gross_profit": 135106,
            "gross_margin": 29.74,
            "gross_margin_4q_avg": 26.44,
            "net_income": 47455,
            "revenue": 454353,
            "common_shares": 831833,
            "book_valuer_per_share": 15.62,
            "book_valuer_per_share_4q_avg": 15.77,
            "equity": 1233629,
            "current_ratio": 309.98,
            "debt_ratio": 22.84,
            "inventory_turnover_ratio": 0.93,
            "account_receivable_turnover_ratio": 3.57,
            "reinvestment_rate": -48.47,
            "research_to_sale_ratio": 3.54,
            "price_fair": 58.2,
            "eps_avg_yearly": 1.66,
            "eps_latest_yearly": 2.4,
            "eps_growth_yearly": 101.39
        },
        "20194": {
            "year_quarter": 20194,
            "year": 2019,
            "quarter": 4,
            "eps": 0.56,
            "eps_growth_year": 5.47,
            "eps_4q": 2.08,
            "eps_4q_growth_year": -11.04,
            "roe": 3.52,
            "roe_4q": 13.18,
            "gross_profit": 127110,
            "gross_margin": 34.17,
            "gross_margin_4q_avg": 28.67,
            "net_income": 44087,
            "revenue": 371974,
            "common_shares": 789833,
            "book_valuer_per_share": 16.11,
            "book_valuer_per_share_4q_avg": 15.82,
            "equity": 1272191,
            "current_ratio": 322.63,
            "debt_ratio": 22.58,
            "inventory_turnover_ratio": 0.71,
            "account_receivable_turnover_ratio": 2.93,
            "reinvestment_rate": -40.37,
            "research_to_sale_ratio": 4.25,
            "price_fair": 59.55,
            "eps_avg_yearly": 1.7,
            "eps_latest_yearly": 2.24,
            "eps_growth_yearly": 92.85
        },
        "20201": {
            "year_quarter": 20201,
            "year": 2020,
            "quarter": 1,
            "eps": 0.67,
            "eps_growth_year": 59.52,
            "eps_4q": 2.33,
            "eps_4q_growth_year": 29.86,
            "roe": 4.07,
            "roe_4q": 14.68,
            "gross_profit": 113846,
            "gross_margin": 30.86,
            "gross_margin_4q_avg": 30.63,
            "net_income": 52757,
            "revenue": 368968,
            "common_shares": 789833,
            "book_valuer_per_share": 16.75,
            "book_valuer_per_share_4q_avg": 15.92,
            "equity": 1322605,
            "current_ratio": 353.75,
            "debt_ratio": 21,
            "inventory_turnover_ratio": 0.74,
            "account_receivable_turnover_ratio": 3.48,
            "reinvestment_rate": -39.19,
            "research_to_sale_ratio": 3.94,
            "price_fair": 61.69,
            "eps_avg_yearly": 1.76,
            "eps_latest_yearly": 2.68,
            "eps_growth_yearly": 91.96
        },
        "20202": {
            "year_quarter": 20202,
            "year": 2020,
            "quarter": 2,
            "eps": 0.29,
            "eps_growth_year": -42,
            "eps_4q": 2.12,
            "eps_4q_growth_year": 8.92,
            "roe": 1.77,
            "roe_4q": 13.26,
            "gross_profit": 90136,
            "gross_margin": 29.7,
            "gross_margin_4q_avg": 31.12,
            "net_income": 22908,
            "revenue": 303460,
            "common_shares": 789833,
            "book_valuer_per_share": 16.09,
            "book_valuer_per_share_4q_avg": 16.14,
            "equity": 1270604,
            "current_ratio": 285.32,
            "debt_ratio": 25.96,
            "inventory_turnover_ratio": 0.6,
            "account_receivable_turnover_ratio": 3.37,
            "reinvestment_rate": -37.67,
            "research_to_sale_ratio": 4.99,
            "price_fair": 63.61,
            "eps_avg_yearly": 1.82,
            "eps_latest_yearly": 1.16,
            "eps_growth_yearly": 95.49
        },
        "20203": {
            "year_quarter": 20203,
            "year": 2020,
            "quarter": 3,
            "eps": 0.21,
            "eps_growth_year": -65,
            "eps_4q": 1.73,
            "eps_4q_growth_year": -15.56,
            "roe": 1.31,
            "roe_4q": 10.67,
            "gross_profit": 78829,
            "gross_margin": 21.81,
            "gross_margin_4q_avg": 29.14,
            "net_income": 16813,
            "revenue": 361513,
            "common_shares": 789833,
            "book_valuer_per_share": 16.34,
            "book_valuer_per_share_4q_avg": 16.32,
            "equity": 1290411,
            "current_ratio": 380.65,
            "debt_ratio": 19.77,
            "inventory_turnover_ratio": 0.84,
            "account_receivable_turnover_ratio": 4.24,
            "reinvestment_rate": -35.44,
            "research_to_sale_ratio": 4.01,
            "price_fair": 63.35,
            "eps_avg_yearly": 1.81,
            "eps_latest_yearly": 0.84,
            "eps_growth_yearly": 27.88
        },
        "20204": {
            "year_quarter": 20204,
            "year": 2020,
            "quarter": 4,
            "eps": 0.4,
            "eps_growth_year": -28.22,
            "eps_4q": 1.6,
            "eps_4q_growth_year": -22.86,
            "roe": 2.39,
            "roe_4q": 9.540000000000001,
            "gross_profit": 85973,
            "gross_margin": 23.83,
            "gross_margin_4q_avg": 26.55,
            "net_income": 30845,
            "revenue": 360801,
            "common_shares": 789833,
            "book_valuer_per_share": 16.75,
            "book_valuer_per_share_4q_avg": 16.48,
            "equity": 1289264,
            "current_ratio": 305.39,
            "debt_ratio": 22.98,
            "inventory_turnover_ratio": 0.93,
            "account_receivable_turnover_ratio": 4.35,
            "reinvestment_rate": -21.31,
            "research_to_sale_ratio": 3.98,
            "price_fair": 63.79,
            "eps_avg_yearly": 1.82,
            "eps_latest_yearly": 1.6,
            "eps_growth_yearly": 39.04
        },
        "20211": {
            "year_quarter": 20211,
            "year": 2021,
            "quarter": 1,
            "eps": 0.5,
            "eps_growth_year": -25.37,
            "eps_4q": 1.44,
            "eps_4q_growth_year": -38.14,
            "roe": 2.9,
            "roe_4q": 8.37,
            "gross_profit": 102343,
            "gross_margin": 28.47,
            "gross_margin_4q_avg": 25.95,
            "net_income": 37480,
            "revenue": 359521,
            "common_shares": 749833,
            "book_valuer_per_share": 17.27,
            "book_valuer_per_share_4q_avg": 16.61,
            "equity": 1294985,
            "current_ratio": 281.49,
            "debt_ratio": 25.23,
            "inventory_turnover_ratio": 0.77,
            "account_receivable_turnover_ratio": 4.82,
            "reinvestment_rate": -18.56,
            "research_to_sale_ratio": 4.34,
            "price_fair": 65.63,
            "eps_avg_yearly": 1.88,
            "eps_latest_yearly": 2,
            "eps_growth_yearly": 49.57
        },
        "20212": {
            "year_quarter": 20212,
            "year": 2021,
            "quarter": 2,
            "eps": 0.9,
            "eps_growth_year": 210.34,
            "eps_4q": 2.03,
            "eps_4q_growth_year": -3.9,
            "roe": 5.09,
            "roe_4q": 11.690000000000001,
            "gross_profit": 153836,
            "gross_margin": 32.11,
            "gross_margin_4q_avg": 26.56,
            "net_income": 67405,
            "revenue": 479055,
            "common_shares": 749833,
            "book_valuer_per_share": 18.08,
            "book_valuer_per_share_4q_avg": 17.11,
            "equity": 1355680,
            "current_ratio": 261.87,
            "debt_ratio": 28.17,
            "inventory_turnover_ratio": 0.76,
            "account_receivable_turnover_ratio": 4.67,
            "reinvestment_rate": -18.37,
            "research_to_sale_ratio": 3.47,
            "price_fair": 70.44,
            "eps_avg_yearly": 2.01,
            "eps_latest_yearly": 3.6,
            "eps_growth_yearly": 64.4
        },
        "20213": {
            "year_quarter": 20213,
            "year": 2021,
            "quarter": 3,
            "eps": 1.02,
            "eps_growth_year": 385.71,
            "eps_4q": 2.83,
            "eps_4q_growth_year": 63.42,
            "roe": 5.71,
            "roe_4q": 16.09,
            "gross_profit": 171057,
            "gross_margin": 34.78,
            "gross_margin_4q_avg": 29.8,
            "net_income": 76141,
            "revenue": 491875,
            "common_shares": 749833,
            "book_valuer_per_share": 17.48,
            "book_valuer_per_share_4q_avg": 17.4,
            "equity": 1310720,
            "current_ratio": 269.42,
            "debt_ratio": 26.39,
            "inventory_turnover_ratio": 0.63,
            "account_receivable_turnover_ratio": 3.87,
            "reinvestment_rate": -18.36,
            "research_to_sale_ratio": 3.6,
            "price_fair": 75.6,
            "eps_avg_yearly": 2.16,
            "eps_latest_yearly": 4.08,
            "eps_growth_yearly": 62.02
        },
        "20214": {
            "year_quarter": 20214,
            "year": 2021,
            "quarter": 4,
            "eps": 0.87,
            "eps_growth_year": 116.61,
            "eps_4q": 3.28,
            "eps_4q_growth_year": 104.88,
            "roe": 4.84,
            "roe_4q": 18.54,
            "gross_profit": 157196,
            "gross_margin": 31.87,
            "gross_margin_4q_avg": 31.81,
            "net_income": 65077,
            "revenue": 493201,
            "common_shares": 749833,
            "book_valuer_per_share": 18.38,
            "book_valuer_per_share_4q_avg": 17.8,
            "equity": 1377976,
            "current_ratio": 255.03,
            "debt_ratio": 29.48,
            "inventory_turnover_ratio": 0.59,
            "account_receivable_turnover_ratio": 3.67,
            "reinvestment_rate": -15.46,
            "research_to_sale_ratio": 4.11,
            "price_fair": 76.65,
            "eps_avg_yearly": 2.19,
            "eps_latest_yearly": 3.48,
            "eps_growth_yearly": 39.74
        },
        "20221": {
            "year_quarter": 20221,
            "year": 2022,
            "quarter": 1,
            "eps": 0.89,
            "eps_growth_year": 78,
            "eps_4q": 3.68,
            "eps_4q_growth_year": 155.11,
            "roe": 4.72,
            "roe_4q": 20.36,
            "gross_profit": 149195,
            "gross_margin": 27.95,
            "gross_margin_4q_avg": 31.68,
            "net_income": 67015,
            "revenue": 533779,
            "common_shares": 749833,
            "book_valuer_per_share": 19.5,
            "book_valuer_per_share_4q_avg": 18.36,
            "equity": 1461843,
            "current_ratio": 290.79,
            "debt_ratio": 26.57,
            "inventory_turnover_ratio": 0.64,
            "account_receivable_turnover_ratio": 3.13,
            "reinvestment_rate": -3.49,
            "research_to_sale_ratio": 3.38,
            "price_fair": 78.58,
            "eps_avg_yearly": 2.25,
            "eps_latest_yearly": 3.56,
            "eps_growth_yearly": 42.98
        },
        "20222": {
            "year_quarter": 20222,
            "year": 2022,
            "quarter": 2,
            "eps": 0.84,
            "eps_growth_year": -6.67,
            "eps_4q": 3.61,
            "eps_4q_growth_year": 77.56,
            "roe": 4.48,
            "roe_4q": 19.75,
            "gross_profit": 145690,
            "gross_margin": 34.01,
            "gross_margin_4q_avg": 32.15,
            "net_income": 62628,
            "revenue": 428363,
            "common_shares": 749833,
            "book_valuer_per_share": 17.77,
            "book_valuer_per_share_4q_avg": 18.28,
            "equity": 1332319,
            "current_ratio": 242.58,
            "debt_ratio": 32.96,
            "inventory_turnover_ratio": 0.5,
            "account_receivable_turnover_ratio": 2.48,
            "reinvestment_rate": -3.61,
            "research_to_sale_ratio": 4.71,
            "price_fair": 83.74,
            "eps_avg_yearly": 2.39,
            "eps_latest_yearly": 3.36,
            "eps_growth_yearly": 57.25
        },
        "20223": {
            "year_quarter": 20223,
            "year": 2022,
            "quarter": 3,
            "eps": 0.88,
            "eps_growth_year": -13.73,
            "eps_4q": 3.48,
            "eps_4q_growth_year": 23.1,
            "roe": 4.81,
            "roe_4q": 18.849999999999998,
            "gross_profit": 159474,
            "gross_margin": 36.05,
            "gross_margin_4q_avg": 32.47,
            "net_income": 66083,
            "revenue": 442314,
            "common_shares": 749833,
            "book_valuer_per_share": 18.89,
            "book_valuer_per_share_4q_avg": 18.64,
            "equity": 1416580,
            "current_ratio": 351.29,
            "debt_ratio": 23.3,
            "inventory_turnover_ratio": 0.54,
            "account_receivable_turnover_ratio": 2.92,
            "reinvestment_rate": -1.68,
            "research_to_sale_ratio": 4.73,
            "price_fair": 88.2,
            "eps_avg_yearly": 2.52,
            "eps_latest_yearly": 3.52,
            "eps_growth_yearly": 46.44
        },
        "20224": {
            "year_quarter": 20224,
            "year": 2022,
            "quarter": 4,
            "eps": 0.89,
            "eps_growth_year": 2.18,
            "eps_4q": 3.5,
            "eps_4q_growth_year": 6.55,
            "roe": 4.6,
            "roe_4q": 18.61,
            "gross_profit": 156903,
            "gross_margin": 41.93,
            "gross_margin_4q_avg": 34.99,
            "net_income": 66498,
            "revenue": 374165,
            "common_shares": 749833,
            "book_valuer_per_share": 19.64,
            "book_valuer_per_share_4q_avg": 18.95,
            "equity": 1472589,
            "current_ratio": 435.74,
            "debt_ratio": 19.28,
            "inventory_turnover_ratio": 0.49,
            "account_receivable_turnover_ratio": 3.24,
            "reinvestment_rate": -1.99,
            "research_to_sale_ratio": 5.35,
            "price_fair": 91.35,
            "eps_avg_yearly": 2.61,
            "eps_latest_yearly": 3.56,
            "eps_growth_yearly": 35.91
        },
        "20231": {
            "year_quarter": 20231,
            "year": 2023,
            "quarter": 1,
            "eps": 0.24,
            "eps_growth_year": -73.03,
            "eps_4q": 2.85,
            "eps_4q_growth_year": -22.58,
            "roe": 1.23,
            "roe_4q": 15.120000000000001,
            "gross_profit": 100597,
            "gross_margin": 33.4,
            "gross_margin_4q_avg": 36.35,
            "net_income": 18178,
            "revenue": 301186,
            "common_shares": 749833,
            "book_valuer_per_share": 19.86,
            "book_valuer_per_share_4q_avg": 19.04,
            "equity": 1489106,
            "current_ratio": 416.03,
            "debt_ratio": 20.07,
            "inventory_turnover_ratio": 0.52,
            "account_receivable_turnover_ratio": 3.6,
            "reinvestment_rate": -2.99,
            "research_to_sale_ratio": 5.69,
            "price_fair": 84.24,
            "eps_avg_yearly": 2.57,
            "eps_latest_yearly": 0.96,
            "eps_growth_yearly": 22.84
        }
    },
    "months": {
        "2002-03": {
            "month": "2002-03",
            "price": "75.40",
            "revenue": 300238
        },
        "2002-04": {
            "month": "2002-04",
            "price": "68.69",
            "revenue": 234893
        },
        "2002-05": {
            "month": "2002-05",
            "price": "56.16",
            "revenue": 246163
        },
        "2002-06": {
            "month": "2002-06",
            "price": "54.24",
            "revenue": 211536
        },
        "2002-07": {
            "month": "2002-07",
            "price": "40.47",
            "revenue": 217553
        },
        "2002-08": {
            "month": "2002-08",
            "price": "38.24",
            "revenue": 303321
        },
        "2002-09": {
            "month": "2002-09",
            "price": "36.30",
            "revenue": 320651
        },
        "2002-10": {
            "month": "2002-10",
            "price": "30.63",
            "revenue": 343796
        },
        "2002-11": {
            "month": "2002-11",
            "price": "32.32",
            "revenue": 310455
        },
        "2002-12": {
            "month": "2002-12",
            "price": "32.52",
            "revenue": 326726
        },
        "2003-01": {
            "month": "2003-01",
            "price": "35.67",
            "revenue": 307727
        },
        "2003-02": {
            "month": "2003-02",
            "price": "31.38",
            "revenue": 244488
        },
        "2003-03": {
            "month": "2003-03",
            "price": "32.60",
            "revenue": 287280
        },
        "2003-04": {
            "month": "2003-04",
            "price": "31.25",
            "revenue": 190712
        },
        "2003-05": {
            "month": "2003-05",
            "price": "27.81",
            "revenue": 220443
        },
        "2003-06": {
            "month": "2003-06",
            "price": "31.59",
            "revenue": 218810
        },
        "2003-07": {
            "month": "2003-07",
            "price": "30.37",
            "revenue": 305431
        },
        "2003-08": {
            "month": "2003-08",
            "price": "28.62",
            "revenue": 371455
        },
        "2003-09": {
            "month": "2003-09",
            "price": "25.60",
            "revenue": 335368
        },
        "2003-10": {
            "month": "2003-10",
            "price": "21.60",
            "revenue": 341166
        },
        "2003-11": {
            "month": "2003-11",
            "price": "20.27",
            "revenue": 397461
        },
        "2003-12": {
            "month": "2003-12",
            "price": "21.69",
            "revenue": 412716
        },
        "2004-01": {
            "month": "2004-01",
            "price": "22.14",
            "revenue": 292526
        },
        "2004-02": {
            "month": "2004-02",
            "price": "22.64",
            "revenue": 445576
        },
        "2004-03": {
            "month": "2004-03",
            "price": "22.65",
            "revenue": 398108
        },
        "2004-04": {
            "month": "2004-04",
            "price": "21.54",
            "revenue": 264972
        },
        "2004-05": {
            "month": "2004-05",
            "price": "17.86",
            "revenue": 289493
        },
        "2004-06": {
            "month": "2004-06",
            "price": "16.50",
            "revenue": 336328
        },
        "2004-07": {
            "month": "2004-07",
            "price": "12.14",
            "revenue": 293318
        },
        "2004-08": {
            "month": "2004-08",
            "price": "11.82",
            "revenue": 394912
        },
        "2004-09": {
            "month": "2004-09",
            "price": "10.46",
            "revenue": 436295
        },
        "2004-10": {
            "month": "2004-10",
            "price": "10.72",
            "revenue": 468364
        },
        "2004-11": {
            "month": "2004-11",
            "price": "9.94",
            "revenue": 555083
        },
        "2004-12": {
            "month": "2004-12",
            "price": "8.66",
            "revenue": 575614
        },
        "2005-01": {
            "month": "2005-01",
            "price": "7.80",
            "revenue": 390348
        },
        "2005-02": {
            "month": "2005-02",
            "price": "7.81",
            "revenue": 385830
        },
        "2005-03": {
            "month": "2005-03",
            "price": "8.23",
            "revenue": 465783
        },
        "2005-04": {
            "month": "2005-04",
            "price": "7.51",
            "revenue": 475663
        },
        "2005-05": {
            "month": "2005-05",
            "price": "8.26",
            "revenue": 346724
        },
        "2005-06": {
            "month": "2005-06",
            "price": "9.38",
            "revenue": 354067
        },
        "2005-07": {
            "month": "2005-07",
            "price": "10.13",
            "revenue": 326787
        },
        "2005-08": {
            "month": "2005-08",
            "price": "9.16",
            "revenue": 516289
        },
        "2005-09": {
            "month": "2005-09",
            "price": "7.93",
            "revenue": 415072
        },
        "2005-10": {
            "month": "2005-10",
            "price": "7.34",
            "revenue": 608525
        },
        "2005-11": {
            "month": "2005-11",
            "price": "11.39",
            "revenue": 553211
        },
        "2005-12": {
            "month": "2005-12",
            "price": "13.59",
            "revenue": 497358
        },
        "2006-01": {
            "month": "2006-01",
            "price": "14.58",
            "revenue": 408702
        },
        "2006-02": {
            "month": "2006-02",
            "price": "13.59",
            "revenue": 472254
        },
        "2006-03": {
            "month": "2006-03",
            "price": "12.72",
            "revenue": 540986
        },
        "2006-04": {
            "month": "2006-04",
            "price": "14.35",
            "revenue": 431120
        },
        "2006-05": {
            "month": "2006-05",
            "price": "14.05",
            "revenue": 396014
        },
        "2006-06": {
            "month": "2006-06",
            "price": "12.56",
            "revenue": 428613
        },
        "2006-07": {
            "month": "2006-07",
            "price": "12.11",
            "revenue": 473992
        },
        "2006-08": {
            "month": "2006-08",
            "price": "11.46",
            "revenue": 601184
        },
        "2006-09": {
            "month": "2006-09",
            "price": "11.03",
            "revenue": 724141
        },
        "2006-10": {
            "month": "2006-10",
            "price": "12.73",
            "revenue": 593576
        },
        "2006-11": {
            "month": "2006-11",
            "price": "16.91",
            "revenue": 523268
        },
        "2006-12": {
            "month": "2006-12",
            "price": "16.83",
            "revenue": 600110
        },
        "2007-01": {
            "month": "2007-01",
            "price": "17.41",
            "revenue": 642014
        },
        "2007-02": {
            "month": "2007-02",
            "price": "18.18",
            "revenue": 557574
        },
        "2007-03": {
            "month": "2007-03",
            "price": "19.89",
            "revenue": 1003004
        },
        "2007-04": {
            "month": "2007-04",
            "price": "28.56",
            "revenue": 957884
        },
        "2007-05": {
            "month": "2007-05",
            "price": "26.93",
            "revenue": 771403
        },
        "2007-06": {
            "month": "2007-06",
            "price": "28.85",
            "revenue": 734940
        },
        "2007-07": {
            "month": "2007-07",
            "price": "32.79",
            "revenue": 737426
        },
        "2007-08": {
            "month": "2007-08",
            "price": "30.87",
            "revenue": 830374
        },
        "2007-09": {
            "month": "2007-09",
            "price": "28.20",
            "revenue": 831166
        },
        "2007-10": {
            "month": "2007-10",
            "price": "25.50",
            "revenue": 794011
        },
        "2007-11": {
            "month": "2007-11",
            "price": "18.85",
            "revenue": 696224
        },
        "2007-12": {
            "month": "2007-12",
            "price": "16.63",
            "revenue": 706278
        },
        "2008-01": {
            "month": "2008-01",
            "price": "15.51",
            "revenue": 847321
        },
        "2008-02": {
            "month": "2008-02",
            "price": "14.45",
            "revenue": 688526
        },
        "2008-03": {
            "month": "2008-03",
            "price": "15.40",
            "revenue": 859327
        },
        "2008-04": {
            "month": "2008-04",
            "price": "15.88",
            "revenue": 689266
        },
        "2008-05": {
            "month": "2008-05",
            "price": "15.62",
            "revenue": 684620
        },
        "2008-06": {
            "month": "2008-06",
            "price": "12.86",
            "revenue": 478618
        },
        "2008-07": {
            "month": "2008-07",
            "price": "9.18",
            "revenue": 593644
        },
        "2008-08": {
            "month": "2008-08",
            "price": "9.20",
            "revenue": 662533
        },
        "2008-09": {
            "month": "2008-09",
            "price": "6.44",
            "revenue": 743473
        },
        "2008-10": {
            "month": "2008-10",
            "price": "6.03",
            "revenue": 536489
        },
        "2008-11": {
            "month": "2008-11",
            "price": "5.04",
            "revenue": 493416
        },
        "2008-12": {
            "month": "2008-12",
            "price": "4.09",
            "revenue": 537677
        },
        "2009-01": {
            "month": "2009-01",
            "price": "3.91",
            "revenue": 351874
        },
        "2009-02": {
            "month": "2009-02",
            "price": "4.08",
            "revenue": 663460
        },
        "2009-03": {
            "month": "2009-03",
            "price": "5.98",
            "revenue": 757708
        },
        "2009-04": {
            "month": "2009-04",
            "price": "8.46",
            "revenue": 644309
        },
        "2009-05": {
            "month": "2009-05",
            "price": "13.23",
            "revenue": 573193
        },
        "2009-06": {
            "month": "2009-06",
            "price": "11.90",
            "revenue": 535716
        },
        "2009-07": {
            "month": "2009-07",
            "price": "14.43",
            "revenue": 623711
        },
        "2009-08": {
            "month": "2009-08",
            "price": "14.64",
            "revenue": 569842
        },
        "2009-09": {
            "month": "2009-09",
            "price": "14.62",
            "revenue": 608797
        },
        "2009-10": {
            "month": "2009-10",
            "price": "15.86",
            "revenue": 466169
        },
        "2009-11": {
            "month": "2009-11",
            "price": "15.47",
            "revenue": 667481
        },
        "2009-12": {
            "month": "2009-12",
            "price": "16.70",
            "revenue": 792788
        },
        "2010-01": {
            "month": "2010-01",
            "price": "22.36",
            "revenue": 809049
        },
        "2010-02": {
            "month": "2010-02",
            "price": "20.62",
            "revenue": 599875
        },
        "2010-03": {
            "month": "2010-03",
            "price": "22.80",
            "revenue": 959510
        },
        "2010-04": {
            "month": "2010-04",
            "price": "24.76",
            "revenue": 686863
        },
        "2010-05": {
            "month": "2010-05",
            "price": "20.76",
            "revenue": 453736
        },
        "2010-06": {
            "month": "2010-06",
            "price": "20.04",
            "revenue": 434149
        },
        "2010-07": {
            "month": "2010-07",
            "price": "19.64",
            "revenue": 528080
        },
        "2010-08": {
            "month": "2010-08",
            "price": "19.61",
            "revenue": 666977
        },
        "2010-09": {
            "month": "2010-09",
            "price": "16.55",
            "revenue": 847323
        },
        "2010-10": {
            "month": "2010-10",
            "price": "16.02",
            "revenue": 656433
        },
        "2010-11": {
            "month": "2010-11",
            "price": "14.75",
            "revenue": 587466
        },
        "2010-12": {
            "month": "2010-12",
            "price": "15.14",
            "revenue": 608536
        },
        "2011-01": {
            "month": "2011-01",
            "price": "14.21",
            "revenue": 608650
        },
        "2011-02": {
            "month": "2011-02",
            "price": "13.14",
            "revenue": 557612
        },
        "2011-03": {
            "month": "2011-03",
            "price": "12.78",
            "revenue": 1113911
        },
        "2011-04": {
            "month": "2011-04",
            "price": "13.77",
            "revenue": 776758
        },
        "2011-05": {
            "month": "2011-05",
            "price": "15.12",
            "revenue": 510133
        },
        "2011-06": {
            "month": "2011-06",
            "price": "14.14",
            "revenue": 465538
        },
        "2011-07": {
            "month": "2011-07",
            "price": "13.47",
            "revenue": 515475
        },
        "2011-08": {
            "month": "2011-08",
            "price": "11.50",
            "revenue": 605577
        },
        "2011-09": {
            "month": "2011-09",
            "price": "11.26",
            "revenue": 637559
        },
        "2011-10": {
            "month": "2011-10",
            "price": "10.98",
            "revenue": 645576
        },
        "2011-11": {
            "month": "2011-11",
            "price": "12.17",
            "revenue": 687589
        },
        "2011-12": {
            "month": "2011-12",
            "price": "11.70",
            "revenue": 952658
        },
        "2012-01": {
            "month": "2012-01",
            "price": "13.07",
            "revenue": 604545
        },
        "2012-02": {
            "month": "2012-02",
            "price": "14.84",
            "revenue": 625970
        },
        "2012-03": {
            "month": "2012-03",
            "price": "15.67",
            "revenue": 660146
        },
        "2012-04": {
            "month": "2012-04",
            "price": "14.28",
            "revenue": 481547
        },
        "2012-05": {
            "month": "2012-05",
            "price": "13.69",
            "revenue": 618069
        },
        "2012-06": {
            "month": "2012-06",
            "price": "13.50",
            "revenue": 756253
        },
        "2012-07": {
            "month": "2012-07",
            "price": "13.99",
            "revenue": 792232
        },
        "2012-08": {
            "month": "2012-08",
            "price": "14.37",
            "revenue": 823242
        },
        "2012-09": {
            "month": "2012-09",
            "price": "12.30",
            "revenue": 792485
        },
        "2012-10": {
            "month": "2012-10",
            "price": "11.78",
            "revenue": 819804
        },
        "2012-11": {
            "month": "2012-11",
            "price": "10.58",
            "revenue": 456951
        },
        "2012-12": {
            "month": "2012-12",
            "price": "10.60",
            "revenue": 560250
        },
        "2013-01": {
            "month": "2013-01",
            "price": "10.84",
            "revenue": 619010
        },
        "2013-02": {
            "month": "2013-02",
            "price": "11.06",
            "revenue": 412640
        },
        "2013-03": {
            "month": "2013-03",
            "price": "10.19",
            "revenue": 725636
        },
        "2013-04": {
            "month": "2013-04",
            "price": "8.46",
            "revenue": 724204
        },
        "2013-05": {
            "month": "2013-05",
            "price": "9.00",
            "revenue": 652936
        },
        "2013-06": {
            "month": "2013-06",
            "price": "8.93",
            "revenue": 490191
        },
        "2013-07": {
            "month": "2013-07",
            "price": "8.31",
            "revenue": 592035
        },
        "2013-08": {
            "month": "2013-08",
            "price": "8.88",
            "revenue": 485853
        },
        "2013-09": {
            "month": "2013-09",
            "price": "8.62",
            "revenue": 450670
        },
        "2013-10": {
            "month": "2013-10",
            "price": "8.20",
            "revenue": 380802
        },
        "2013-11": {
            "month": "2013-11",
            "price": "7.62",
            "revenue": 276325
        },
        "2013-12": {
            "month": "2013-12",
            "price": "7.93",
            "revenue": 373971
        },
        "2014-01": {
            "month": "2014-01",
            "price": "8.45",
            "revenue": 350450
        },
        "2014-02": {
            "month": "2014-02",
            "price": "9.43",
            "revenue": 262164
        },
        "2014-03": {
            "month": "2014-03",
            "price": "9.13",
            "revenue": 494375
        },
        "2014-04": {
            "month": "2014-04",
            "price": "8.49",
            "revenue": 549306
        },
        "2014-05": {
            "month": "2014-05",
            "price": "8.19",
            "revenue": 372229
        },
        "2014-06": {
            "month": "2014-06",
            "price": "8.60",
            "revenue": 307997
        },
        "2014-07": {
            "month": "2014-07",
            "price": "8.24",
            "revenue": 381924
        },
        "2014-08": {
            "month": "2014-08",
            "price": "7.99",
            "revenue": 320938
        },
        "2014-09": {
            "month": "2014-09",
            "price": "7.81",
            "revenue": 277721
        },
        "2014-10": {
            "month": "2014-10",
            "price": "7.23",
            "revenue": 265754
        },
        "2014-11": {
            "month": "2014-11",
            "price": "7.42",
            "revenue": 323485
        },
        "2014-12": {
            "month": "2014-12",
            "price": "8.40",
            "revenue": 390695
        },
        "2015-01": {
            "month": "2015-01",
            "price": "9.10",
            "revenue": 349645
        },
        "2015-02": {
            "month": "2015-02",
            "price": "9.13",
            "revenue": 217575
        },
        "2015-03": {
            "month": "2015-03",
            "price": "9.25",
            "revenue": 272625
        },
        "2015-04": {
            "month": "2015-04",
            "price": "8.84",
            "revenue": 302960
        },
        "2015-05": {
            "month": "2015-05",
            "price": "8.48",
            "revenue": 212703
        },
        "2015-06": {
            "month": "2015-06",
            "price": "7.99",
            "revenue": 204715
        },
        "2015-07": {
            "month": "2015-07",
            "price": "7.39",
            "revenue": 191791
        },
        "2015-08": {
            "month": "2015-08",
            "price": "6.31",
            "revenue": 215989
        },
        "2015-09": {
            "month": "2015-09",
            "price": "6.38",
            "revenue": 254879
        },
        "2015-10": {
            "month": "2015-10",
            "price": "6.77",
            "revenue": 195715
        },
        "2015-11": {
            "month": "2015-11",
            "price": "7.10",
            "revenue": 143911
        },
        "2015-12": {
            "month": "2015-12",
            "price": "7.05",
            "revenue": 146926
        },
        "2016-01": {
            "month": "2016-01",
            "price": "6.80",
            "revenue": 99463
        },
        "2016-02": {
            "month": "2016-02",
            "price": "6.84",
            "revenue": 68659
        },
        "2016-03": {
            "month": "2016-03",
            "price": "7.02",
            "revenue": 103474
        },
        "2016-04": {
            "month": "2016-04",
            "price": "6.60",
            "revenue": 104494
        },
        "2016-05": {
            "month": "2016-05",
            "price": "6.65",
            "revenue": 81405
        },
        "2016-06": {
            "month": "2016-06",
            "price": "6.92",
            "revenue": 80311
        },
        "2016-07": {
            "month": "2016-07",
            "price": "7.20",
            "revenue": 91320
        },
        "2016-08": {
            "month": "2016-08",
            "price": "7.35",
            "revenue": 105325
        },
        "2016-09": {
            "month": "2016-09",
            "price": "8.01",
            "revenue": 136523
        },
        "2016-10": {
            "month": "2016-10",
            "price": "8.92",
            "revenue": 111345
        },
        "2016-11": {
            "month": "2016-11",
            "price": "9.16",
            "revenue": 110256
        },
        "2016-12": {
            "month": "2016-12",
            "price": "11.39",
            "revenue": 114437
        },
        "2017-01": {
            "month": "2017-01",
            "price": "11.64",
            "revenue": 115379
        },
        "2017-02": {
            "month": "2017-02",
            "price": "13.43",
            "revenue": 112615
        },
        "2017-03": {
            "month": "2017-03",
            "price": "14.23",
            "revenue": 117200
        },
        "2017-04": {
            "month": "2017-04",
            "price": "13.40",
            "revenue": 100914
        },
        "2017-05": {
            "month": "2017-05",
            "price": "13.14",
            "revenue": 117303
        },
        "2017-06": {
            "month": "2017-06",
            "price": "14.77",
            "revenue": 110475
        },
        "2017-07": {
            "month": "2017-07",
            "price": "15.57",
            "revenue": 110654
        },
        "2017-08": {
            "month": "2017-08",
            "price": "14.95",
            "revenue": 118813
        },
        "2017-09": {
            "month": "2017-09",
            "price": "14.82",
            "revenue": 116207
        },
        "2017-10": {
            "month": "2017-10",
            "price": "14.24",
            "revenue": 121929
        },
        "2017-11": {
            "month": "2017-11",
            "price": "14.68",
            "revenue": 98099
        },
        "2017-12": {
            "month": "2017-12",
            "price": "14.11",
            "revenue": 95839
        },
        "2018-01": {
            "month": "2018-01",
            "price": "14.30",
            "revenue": 105871
        },
        "2018-02": {
            "month": "2018-02",
            "price": "14.21",
            "revenue": 100403
        },
        "2018-03": {
            "month": "2018-03",
            "price": "16.73",
            "revenue": 102764
        },
        "2018-04": {
            "month": "2018-04",
            "price": "20.08",
            "revenue": 119129
        },
        "2018-05": {
            "month": "2018-05",
            "price": "20.00",
            "revenue": 120973
        },
        "2018-06": {
            "month": "2018-06",
            "price": "21.15",
            "revenue": 120534
        },
        "2018-07": {
            "month": "2018-07",
            "price": "19.18",
            "revenue": 118508
        },
        "2018-08": {
            "month": "2018-08",
            "price": "17.52",
            "revenue": 133012
        },
        "2018-09": {
            "month": "2018-09",
            "price": "16.17",
            "revenue": 141936
        },
        "2018-10": {
            "month": "2018-10",
            "price": "16.21",
            "revenue": 141894
        },
        "2018-11": {
            "month": "2018-11",
            "price": "15.97",
            "revenue": 125761
        },
        "2018-12": {
            "month": "2018-12",
            "price": "15.75",
            "revenue": 143506
        },
        "2019-01": {
            "month": "2019-01",
            "price": "16.32",
            "revenue": 162165
        },
        "2019-02": {
            "month": "2019-02",
            "price": "18.44",
            "revenue": 116328
        },
        "2019-03": {
            "month": "2019-03",
            "price": "20.04",
            "revenue": 143977
        },
        "2019-04": {
            "month": "2019-04",
            "price": "22.03",
            "revenue": 164062
        },
        "2019-05": {
            "month": "2019-05",
            "price": "20.84",
            "revenue": 150879
        },
        "2019-06": {
            "month": "2019-06",
            "price": "20.89",
            "revenue": 122433
        },
        "2019-07": {
            "month": "2019-07",
            "price": "20.72",
            "revenue": 123825
        },
        "2019-08": {
            "month": "2019-08",
            "price": "19.21",
            "revenue": 150085
        },
        "2019-09": {
            "month": "2019-09",
            "price": "19.41",
            "revenue": 181298
        },
        "2019-10": {
            "month": "2019-10",
            "price": "20.66",
            "revenue": 111430
        },
        "2019-11": {
            "month": "2019-11",
            "price": "20.84",
            "revenue": 119811
        },
        "2019-12": {
            "month": "2019-12",
            "price": "20.16",
            "revenue": 146187
        },
        "2020-01": {
            "month": "2020-01",
            "price": "20.37",
            "revenue": 135966
        },
        "2020-02": {
            "month": "2020-02",
            "price": "18.99",
            "revenue": 105850
        },
        "2020-03": {
            "month": "2020-03",
            "price": "15.99",
            "revenue": 126849
        },
        "2020-04": {
            "month": "2020-04",
            "price": "15.96",
            "revenue": 93707
        },
        "2020-05": {
            "month": "2020-05",
            "price": "18.24",
            "revenue": 95568
        },
        "2020-06": {
            "month": "2020-06",
            "price": "18.62",
            "revenue": 115021
        },
        "2020-07": {
            "month": "2020-07",
            "price": "18.46",
            "revenue": 116449
        },
        "2020-08": {
            "month": "2020-08",
            "price": "18.20",
            "revenue": 103389
        },
        "2020-09": {
            "month": "2020-09",
            "price": "17.84",
            "revenue": 141542
        },
        "2020-10": {
            "month": "2020-10",
            "price": "17.41",
            "revenue": 96467
        },
        "2020-11": {
            "month": "2020-11",
            "price": "17.51",
            "revenue": 149945
        },
        "2020-12": {
            "month": "2020-12",
            "price": "18.85",
            "revenue": 120454
        },
        "2021-01": {
            "month": "2021-01",
            "price": "19.15",
            "revenue": 126991
        },
        "2021-02": {
            "month": "2021-02",
            "price": "18.30",
            "revenue": 108665
        },
        "2021-03": {
            "month": "2021-03",
            "price": "19.52",
            "revenue": 126292
        },
        "2021-04": {
            "month": "2021-04",
            "price": "23.07",
            "revenue": 127424
        },
        "2021-05": {
            "month": "2021-05",
            "price": "21.39",
            "revenue": 162907
        },
        "2021-06": {
            "month": "2021-06",
            "price": "23.35",
            "revenue": 187225
        },
        "2021-07": {
            "month": "2021-07",
            "price": "27.49",
            "revenue": 143298
        },
        "2021-08": {
            "month": "2021-08",
            "price": "25.55",
            "revenue": 140455
        },
        "2021-09": {
            "month": "2021-09",
            "price": "24.68",
            "revenue": 210179
        },
        "2021-10": {
            "month": "2021-10",
            "price": "25.24",
            "revenue": 180780
        },
        "2021-11": {
            "month": "2021-11",
            "price": "29.27",
            "revenue": 174842
        },
        "2021-12": {
            "month": "2021-12",
            "price": "29.26",
            "revenue": 193878
        },
        "2022-01": {
            "month": "2022-01",
            "price": "29.57",
            "revenue": 210628
        },
        "2022-02": {
            "month": "2022-02",
            "price": "34.07",
            "revenue": 152751
        },
        "2022-03": {
            "month": "2022-03",
            "price": "35.31",
            "revenue": 174977
        },
        "2022-04": {
            "month": "2022-04",
            "price": "34.16",
            "revenue": 154986
        },
        "2022-05": {
            "month": "2022-05",
            "price": "31.72",
            "revenue": 146981
        },
        "2022-06": {
            "month": "2022-06",
            "price": "30.20",
            "revenue": 129855
        },
        "2022-07": {
            "month": "2022-07",
            "price": "23.84",
            "revenue": 151213
        },
        "2022-08": {
            "month": "2022-08",
            "price": "26.94",
            "revenue": 138108
        },
        "2022-09": {
            "month": "2022-09",
            "price": "26.30",
            "revenue": 153980
        },
        "2022-10": {
            "month": "2022-10",
            "price": "23.95",
            "revenue": 130294
        },
        "2022-11": {
            "month": "2022-11",
            "price": "25.39",
            "revenue": 109119
        },
        "2022-12": {
            "month": "2022-12",
            "price": "25.31",
            "revenue": 129545
        },
        "2023-01": {
            "month": "2023-01",
            "price": "25.49",
            "revenue": 76375
        },
        "2023-02": {
            "month": "2023-02",
            "price": "26.50",
            "revenue": 79838
        },
        "2023-03": {
            "month": "2023-03",
            "price": "29.89",
            "revenue": 144350
        },
        "2023-04": {
            "month": "2023-04",
            "price": "33.70",
            "revenue": 83690
        }
    }
}
