{
    "summary": {
        "stock_name": "華電網",
        "stock_id": "6163",
        "category": "通信網路",
        "main_business": "資訊應用整合服務及電信整合系統服務<br>網際網路建設服務及媒體應用服務<br>寬頻產業服務、軟體與加值服務開發及智慧城控等",
        "website_url": "http://www.hwacom.com",
        "ceo": "陳國章",
        "pe_ratio": 19,
        "report_year_from": 2001,
        "report_year_to": 2023,
        "age": 22,
        "eps_negative_percentage": 26,
        "eps_growth_avg": {
            "last_all": -2.95,
            "last_2y": -7.1,
            "last_4y": -14.81,
            "last_8y": -10.58,
            "last_12y": 2.12,
            "last_16y": 10.82,
            "last_20y": -2.95,
            "at_2006_last_3y": -100,
            "at_2007_last_3y": 100,
            "at_2008_last_3y": 100,
            "at_2009_last_3y": 42.69,
            "at_2010_last_3y": 8.67,
            "at_2011_last_3y": 8.67,
            "at_2012_last_3y": 8.67,
            "at_2013_last_3y": 24.35,
            "at_2014_last_3y": 22.7,
            "at_2015_last_3y": -3.07,
            "at_2016_last_3y": -54.6,
            "at_2017_last_3y": 0,
            "at_2018_last_3y": 43.91,
            "at_2019_last_3y": 15.74,
            "at_2020_last_3y": -11.53,
            "at_2021_last_3y": -11.53,
            "at_2022_last_3y": -15.47,
            "at_2023_last_3y": -15.47,
            "at_2006_last_all": -99.34,
            "at_2007_last_all": -32.89,
            "at_2008_last_all": 0.33,
            "at_2009_last_all": -14.12,
            "at_2010_last_all": -27.33,
            "at_2011_last_all": -9.14,
            "at_2012_last_all": 4.5,
            "at_2013_last_all": 2.98,
            "at_2014_last_all": -7.32,
            "at_2015_last_all": -7.32,
            "at_2016_last_all": -7.32,
            "at_2017_last_all": 2.44,
            "at_2018_last_all": 1.22,
            "at_2019_last_all": -2,
            "at_2020_last_all": -8.52,
            "at_2021_last_all": -1.29,
            "at_2022_last_all": -2.95,
            "at_2023_last_all": -2.95
        },
        "latest_eps": 0.91,
        "latest_price": 17.25,
        "latest_roe": 5.98,
        "latest_gross_margin": 25.38,
        "latest_equity": 2274028,
        "latest_revenue": 728795,
        "latest_gross_profit": 185002,
        "latest_net_income": -83119,
        "latest_debt_ratio": 51.82,
        "latest_current_ratio": 172.26,
        "latest_account_receivable_turnover_ratio": 0.6,
        "latest_inventory_turnover_ratio": 0.42,
        "latest_reinvestment_rate": 3.72,
        "latest_research_to_sale_ratio": 1.68
    },
    "eps_dividends": {
        "2000": {
            "cash": 0,
            "stock": 2,
            "eps": 0
        },
        "2001": {
            "cash": 0,
            "stock": 3,
            "eps": 2.27
        },
        "2002": {
            "cash": 0.18,
            "stock": 0.18,
            "eps": 0.03
        },
        "2003": {
            "cash": 0,
            "stock": 0,
            "eps": -1.87
        },
        "2004": {
            "cash": 0,
            "stock": 0,
            "eps": -2.46
        },
        "2005": {
            "cash": 0,
            "stock": 0,
            "eps": -4.75
        },
        "2006": {
            "cash": 0,
            "stock": 0,
            "eps": 0.35
        },
        "2007": {
            "cash": 0,
            "stock": 0,
            "eps": 1.8
        },
        "2008": {
            "cash": 0,
            "stock": 0,
            "eps": 4.31
        },
        "2009": {
            "cash": 0.8,
            "stock": 1.8,
            "eps": 1.21
        },
        "2010": {
            "cash": 0.6,
            "stock": 0,
            "eps": 0.08
        },
        "2011": {
            "cash": 0,
            "stock": 0,
            "eps": 0.73
        },
        "2012": {
            "cash": 0.5,
            "stock": 0,
            "eps": 2.61
        },
        "2013": {
            "cash": 1.68,
            "stock": 0,
            "eps": 2.37
        },
        "2014": {
            "cash": 1.5,
            "stock": 0,
            "eps": -0.83
        },
        "2015": {
            "cash": 0,
            "stock": 0,
            "eps": -1.45
        },
        "2016": {
            "cash": 0,
            "stock": 0,
            "eps": 0.18
        },
        "2017": {
            "cash": 0,
            "stock": 0,
            "eps": 1.15
        },
        "2018": {
            "cash": 0.5,
            "stock": 0,
            "eps": 1.01
        },
        "2019": {
            "cash": 0.3,
            "stock": 0,
            "eps": 0.6
        },
        "2020": {
            "cash": 0.4,
            "stock": 0,
            "eps": 0.04
        },
        "2021": {
            "cash": 0,
            "stock": 0,
            "eps": 1.43
        },
        "2022": {
            "cash": 0.3,
            "stock": 0,
            "eps": 1.03
        },
        "2023": {
            "cash": 0.3,
            "stock": 0,
            "eps": -0.77
        }
    },
    "dividends": {
        "2000-05-30": {
            "cash": 0,
            "stock": 2
        },
        "2001-06-13": {
            "cash": 0,
            "stock": 3
        },
        "2002-06-18": {
            "cash": 0.18,
            "stock": 0.18
        },
        "2009-04-07": {
            "cash": 0.8,
            "stock": 1.8
        },
        "2010-04-29": {
            "cash": 0.6,
            "stock": 0
        },
        "2012-06-18": {
            "cash": 0.5,
            "stock": 0
        },
        "2013-06-25": {
            "cash": 1.68,
            "stock": 0
        },
        "2014-09-25": {
            "cash": 1.5,
            "stock": 0
        },
        "2018-09-21": {
            "cash": 0.5,
            "stock": 0
        },
        "2019-08-09": {
            "cash": 0.3,
            "stock": 0
        },
        "2020-08-21": {
            "cash": 0.4,
            "stock": 0
        },
        "2022-10-07": {
            "cash": 0.3,
            "stock": 0
        },
        "2023-10-06": {
            "cash": 0.3,
            "stock": 0
        }
    },
    "prices": {
        "200101": "無",
        "200102": "無",
        "200103": "無",
        "200104": "無",
        "200105": "無",
        "200106": "無",
        "200107": "無",
        "200108": "無",
        "200109": "無",
        "200110": "無",
        "200111": "無",
        "200112": "無",
        "200201": "無",
        "200202": "無",
        "200203": "42.94",
        "200204": "40.18",
        "200205": "27.55",
        "200206": "26.80",
        "200207": "22.06",
        "200208": "19.15",
        "200209": "15.92",
        "200210": "13.94",
        "200211": "13.78",
        "200212": "18.68",
        "200301": "18.28",
        "200302": "15.50",
        "200303": "13.07",
        "200304": "11.67",
        "200305": "10.10",
        "200306": "11.73",
        "200307": "12.11",
        "200308": "10.70",
        "200309": "9.86",
        "200310": "8.99",
        "200311": "8.47",
        "200312": "9.71",
        "200401": "10.05",
        "200402": "11.93",
        "200403": "11.57",
        "200404": "11.72",
        "200405": "9.67",
        "200406": "9.32",
        "200407": "7.92",
        "200408": "6.80",
        "200409": "5.77",
        "200410": "5.45",
        "200411": "5.51",
        "200412": "5.80",
        "200501": "7.13",
        "200502": "7.89",
        "200503": "10.61",
        "200504": "10.63",
        "200505": "10.30",
        "200506": "14.24",
        "200507": "14.74",
        "200508": "11.75",
        "200509": "11.79",
        "200510": "10.64",
        "200511": "8.90",
        "200512": "8.48",
        "200601": "8.30",
        "200602": "7.17",
        "200603": "7.15",
        "200604": "9.17",
        "200605": "10.00",
        "200606": "7.96",
        "200607": "8.82",
        "200608": "9.55",
        "200609": "9.02",
        "200610": "9.00",
        "200611": "8.22",
        "200612": "8.90",
        "200701": "15.19",
        "200702": "13.42",
        "200703": "14.39",
        "200704": "15.10",
        "200705": "13.68",
        "200706": "15.88",
        "200707": "19.88",
        "200708": "18.26",
        "200709": "20.86",
        "200710": "26.74",
        "200711": "21.45",
        "200712": "19.31",
        "200801": "22.98",
        "200802": "23.26",
        "200803": "26.91",
        "200804": "28.37",
        "200805": "26.77",
        "200806": "24.66",
        "200807": "21.04",
        "200808": "24.59",
        "200809": "25.53",
        "200810": "22.33",
        "200811": "21.11",
        "200812": "20.17",
        "200901": "20.56",
        "200902": "20.72",
        "200903": "28.59",
        "200904": "27.52",
        "200905": "28.78",
        "200906": "27.93",
        "200907": "27.84",
        "200908": "26.58",
        "200909": "21.73",
        "200910": "22.81",
        "200911": "22.56",
        "200912": "24.38",
        "201001": "24.25",
        "201002": "21.08",
        "201003": "22.42",
        "201004": "22.18",
        "201005": "18.61",
        "201006": "17.19",
        "201007": "17.72",
        "201008": "17.19",
        "201009": "15.87",
        "201010": "15.39",
        "201011": "13.35",
        "201012": "14.39",
        "201101": "14.95",
        "201102": "14.38",
        "201103": "17.10",
        "201104": "17.81",
        "201105": "15.50",
        "201106": "14.06",
        "201107": "12.14",
        "201108": "10.60",
        "201109": "11.72",
        "201110": "12.94",
        "201111": "12.41",
        "201112": "11.62",
        "201201": "11.56",
        "201202": "13.68",
        "201203": "17.25",
        "201204": "18.30",
        "201205": "17.19",
        "201206": "17.59",
        "201207": "19.70",
        "201208": "19.66",
        "201209": "18.64",
        "201210": "19.61",
        "201211": "18.82",
        "201212": "20.94",
        "201301": "21.18",
        "201302": "20.96",
        "201303": "20.33",
        "201304": "20.18",
        "201305": "19.48",
        "201306": "18.69",
        "201307": "19.06",
        "201308": "17.48",
        "201309": "17.72",
        "201310": "17.86",
        "201311": "18.35",
        "201312": "18.38",
        "201401": "19.32",
        "201402": "20.60",
        "201403": "20.62",
        "201404": "25.31",
        "201405": "25.78",
        "201406": "25.36",
        "201407": "24.55",
        "201408": "21.20",
        "201409": "18.06",
        "201410": "17.16",
        "201411": "15.17",
        "201412": "16.06",
        "201501": "17.42",
        "201502": "16.21",
        "201503": "15.87",
        "201504": "15.74",
        "201505": "15.16",
        "201506": "13.81",
        "201507": "12.45",
        "201508": "11.04",
        "201509": "11.54",
        "201510": "11.46",
        "201511": "10.64",
        "201512": "10.75",
        "201601": "10.07",
        "201602": "10.89",
        "201603": "12.20",
        "201604": "10.62",
        "201605": "9.86",
        "201606": "9.81",
        "201607": "10.12",
        "201608": "10.21",
        "201609": "10.38",
        "201610": "10.20",
        "201611": "9.96",
        "201612": "10.26",
        "201701": "11.68",
        "201702": "11.71",
        "201703": "12.17",
        "201704": "11.82",
        "201705": "11.70",
        "201706": "11.68",
        "201707": "11.70",
        "201708": "11.08",
        "201709": "11.42",
        "201710": "12.62",
        "201711": "13.67",
        "201712": "13.51",
        "201801": "14.55",
        "201802": "13.03",
        "201803": "13.61",
        "201804": "12.98",
        "201805": "12.19",
        "201806": "13.46",
        "201807": "13.45",
        "201808": "13.48",
        "201809": "13.13",
        "201810": "12.71",
        "201811": "12.10",
        "201812": "12.17",
        "201901": "12.99",
        "201902": "13.46",
        "201903": "13.82",
        "201904": "15.36",
        "201905": "18.60",
        "201906": "17.48",
        "201907": "18.53",
        "201908": "16.70",
        "201909": "16.43",
        "201910": "15.94",
        "201911": "16.10",
        "201912": "16.32",
        "202001": "16.27",
        "202002": "14.43",
        "202003": "12.75",
        "202004": "13.73",
        "202005": "14.62",
        "202006": "15.66",
        "202007": "17.72",
        "202008": "17.27",
        "202009": "16.62",
        "202010": "15.44",
        "202011": "15.14",
        "202012": "16.14",
        "202101": "15.64",
        "202102": "15.79",
        "202103": "16.71",
        "202104": "20.29",
        "202105": "18.16",
        "202106": "17.64",
        "202107": "17.70",
        "202108": "17.62",
        "202109": "19.39",
        "202110": "20.07",
        "202111": "21.00",
        "202112": "20.64",
        "202201": "19.16",
        "202202": "18.37",
        "202203": "18.03",
        "202204": "17.64",
        "202205": "15.54",
        "202206": "15.16",
        "202207": "14.83",
        "202208": "15.75",
        "202209": "15.18",
        "202210": "14.22",
        "202211": "14.65",
        "202212": "15.07",
        "202301": "15.12",
        "202302": "15.71",
        "202303": "18.43",
        "202304": "23.90",
        "202305": "23.78",
        "202306": "21.79",
        "202307": "19.50",
        "202308": "18.11",
        "202309": "17.35",
        "202310": "16.94"
    },
    "quarters": {
        "20011": {
            "year_quarter": 20011,
            "year": 2001,
            "quarter": 1,
            "eps": -0.43,
            "eps_growth_year": null,
            "eps_4q": null,
            "eps_4q_growth_year": null,
            "roe": -1.72,
            "roe_4q": -1.72,
            "gross_profit": 45796,
            "gross_margin": 30.42,
            "gross_margin_4q_avg": 30.42,
            "net_income": -10857,
            "net_income_4q": null,
            "revenue": 150554,
            "revenue_4q": null,
            "common_shares": 250460,
            "book_valuer_per_share": 25.03,
            "book_valuer_per_share_4q_avg": 25.03,
            "equity": 626932,
            "current_ratio": 175.3,
            "debt_ratio": 45.09,
            "inventory_turnover_ratio": 0.61,
            "account_receivable_turnover_ratio": null,
            "reinvestment_rate": null,
            "research_to_sale_ratio": null,
            "price_fair": 0,
            "eps_avg_yearly": 0,
            "eps_latest_yearly": 0,
            "eps_growth_yearly": 0
        },
        "20012": {
            "year_quarter": 20012,
            "year": 2001,
            "quarter": 2,
            "eps": 1.24,
            "eps_growth_year": null,
            "eps_4q": null,
            "eps_4q_growth_year": null,
            "roe": 4.85,
            "roe_4q": 3.13,
            "gross_profit": 111265,
            "gross_margin": 30.25,
            "gross_margin_4q_avg": 30.34,
            "net_income": 31144,
            "net_income_4q": null,
            "revenue": 367759,
            "revenue_4q": null,
            "common_shares": 250460,
            "book_valuer_per_share": 26.27,
            "book_valuer_per_share_4q_avg": 25.65,
            "equity": 657854,
            "current_ratio": 178.36,
            "debt_ratio": 45.52,
            "inventory_turnover_ratio": 1.14,
            "account_receivable_turnover_ratio": null,
            "reinvestment_rate": null,
            "research_to_sale_ratio": null,
            "price_fair": 0,
            "eps_avg_yearly": 0,
            "eps_latest_yearly": 0,
            "eps_growth_yearly": 0
        },
        "20013": {
            "year_quarter": 20013,
            "year": 2001,
            "quarter": 3,
            "eps": 0.39,
            "eps_growth_year": null,
            "eps_4q": null,
            "eps_4q_growth_year": null,
            "roe": 1.96,
            "roe_4q": 5.09,
            "gross_profit": 68900,
            "gross_margin": 21.93,
            "gross_margin_4q_avg": 27.53,
            "net_income": 13039,
            "net_income_4q": null,
            "revenue": 314229,
            "revenue_4q": null,
            "common_shares": 336498,
            "book_valuer_per_share": 19.94,
            "book_valuer_per_share_4q_avg": 23.75,
            "equity": 670885,
            "current_ratio": 153.66,
            "debt_ratio": 54.48,
            "inventory_turnover_ratio": 0.71,
            "account_receivable_turnover_ratio": null,
            "reinvestment_rate": null,
            "research_to_sale_ratio": null,
            "price_fair": 0,
            "eps_avg_yearly": 0,
            "eps_latest_yearly": 0,
            "eps_growth_yearly": 0
        },
        "20014": {
            "year_quarter": 20014,
            "year": 2001,
            "quarter": 4,
            "eps": 1.07,
            "eps_growth_year": null,
            "eps_4q": 2.05,
            "eps_4q_growth_year": null,
            "roe": 4.88,
            "roe_4q": 9.969999999999999,
            "gross_profit": 118054,
            "gross_margin": 26.84,
            "gross_margin_4q_avg": 27.36,
            "net_income": 36204,
            "net_income_4q": null,
            "revenue": 439774,
            "revenue_4q": null,
            "common_shares": 371498,
            "book_valuer_per_share": 21.86,
            "book_valuer_per_share_4q_avg": 23.28,
            "equity": 812108,
            "current_ratio": 143.32,
            "debt_ratio": 60.87,
            "inventory_turnover_ratio": 0.5,
            "account_receivable_turnover_ratio": null,
            "reinvestment_rate": null,
            "research_to_sale_ratio": null,
            "price_fair": 0,
            "eps_avg_yearly": 0,
            "eps_latest_yearly": 0,
            "eps_growth_yearly": 0
        },
        "20021": {
            "year_quarter": 20021,
            "year": 2002,
            "quarter": 1,
            "eps": -1.36,
            "eps_growth_year": null,
            "eps_4q": 0.81,
            "eps_4q_growth_year": null,
            "roe": -6.41,
            "roe_4q": 5.279999999999999,
            "gross_profit": -2650,
            "gross_margin": -0.38,
            "gross_margin_4q_avg": 19.66,
            "net_income": -50446,
            "net_income_4q": null,
            "revenue": 696095,
            "revenue_4q": null,
            "common_shares": 371498,
            "book_valuer_per_share": 20.5,
            "book_valuer_per_share_4q_avg": 22.14,
            "equity": 761642,
            "current_ratio": 142.65,
            "debt_ratio": 60.75,
            "inventory_turnover_ratio": 1.16,
            "account_receivable_turnover_ratio": null,
            "reinvestment_rate": null,
            "research_to_sale_ratio": null,
            "price_fair": 0,
            "eps_avg_yearly": 0,
            "eps_latest_yearly": 0,
            "eps_growth_yearly": 0
        },
        "20022": {
            "year_quarter": 20022,
            "year": 2002,
            "quarter": 2,
            "eps": -0.41,
            "eps_growth_year": -133.06,
            "eps_4q": -0.44,
            "eps_4q_growth_year": null,
            "roe": -2.03,
            "roe_4q": -1.5999999999999996,
            "gross_profit": 35169,
            "gross_margin": 17.99,
            "gross_margin_4q_avg": 16.6,
            "net_income": -15285,
            "net_income_4q": null,
            "revenue": 195514,
            "revenue_4q": null,
            "common_shares": 371498,
            "book_valuer_per_share": 20.07,
            "book_valuer_per_share_4q_avg": 20.59,
            "equity": 745586,
            "current_ratio": 168.09,
            "debt_ratio": 49.15,
            "inventory_turnover_ratio": 0.39,
            "account_receivable_turnover_ratio": null,
            "reinvestment_rate": null,
            "research_to_sale_ratio": null,
            "price_fair": 0,
            "eps_avg_yearly": 0,
            "eps_latest_yearly": 0,
            "eps_growth_yearly": 0
        },
        "20023": {
            "year_quarter": 20023,
            "year": 2002,
            "quarter": 3,
            "eps": -0.09,
            "eps_growth_year": -123.08,
            "eps_4q": -0.74,
            "eps_4q_growth_year": null,
            "roe": -0.52,
            "roe_4q": -4.080000000000001,
            "gross_profit": 75406,
            "gross_margin": 15.71,
            "gross_margin_4q_avg": 15.04,
            "net_income": -3850,
            "net_income_4q": null,
            "revenue": 480123,
            "revenue_4q": null,
            "common_shares": 450878,
            "book_valuer_per_share": 16.45,
            "book_valuer_per_share_4q_avg": 19.72,
            "equity": 741904,
            "current_ratio": 161.34,
            "debt_ratio": 51.65,
            "inventory_turnover_ratio": 0.9,
            "account_receivable_turnover_ratio": null,
            "reinvestment_rate": null,
            "research_to_sale_ratio": null,
            "price_fair": 0,
            "eps_avg_yearly": 0,
            "eps_latest_yearly": 0,
            "eps_growth_yearly": 0
        },
        "20024": {
            "year_quarter": 20024,
            "year": 2002,
            "quarter": 4,
            "eps": 1.89,
            "eps_growth_year": 76.64,
            "eps_4q": 0.34,
            "eps_4q_growth_year": -83.26,
            "roe": 10.84,
            "roe_4q": 1.8800000000000008,
            "gross_profit": 186151,
            "gross_margin": 23.18,
            "gross_margin_4q_avg": 14.13,
            "net_income": 85067,
            "net_income_4q": null,
            "revenue": 803232,
            "revenue_4q": null,
            "common_shares": 450878,
            "book_valuer_per_share": 18.34,
            "book_valuer_per_share_4q_avg": 18.84,
            "equity": 826960,
            "current_ratio": 167.86,
            "debt_ratio": 54.16,
            "inventory_turnover_ratio": 1.52,
            "account_receivable_turnover_ratio": null,
            "reinvestment_rate": null,
            "research_to_sale_ratio": null,
            "price_fair": 0,
            "eps_avg_yearly": 0,
            "eps_latest_yearly": 0,
            "eps_growth_yearly": 0
        },
        "20031": {
            "year_quarter": 20031,
            "year": 2003,
            "quarter": 1,
            "eps": -0.49,
            "eps_growth_year": null,
            "eps_4q": 0.98,
            "eps_4q_growth_year": 21.55,
            "roe": -2.69,
            "roe_4q": 5.600000000000001,
            "gross_profit": 39091,
            "gross_margin": 17.17,
            "gross_margin_4q_avg": 18.51,
            "net_income": -21960,
            "net_income_4q": null,
            "revenue": 227605,
            "revenue_4q": null,
            "common_shares": 450878,
            "book_valuer_per_share": 17.85,
            "book_valuer_per_share_4q_avg": 18.18,
            "equity": 804972,
            "current_ratio": 208.31,
            "debt_ratio": 44.26,
            "inventory_turnover_ratio": 0.47,
            "account_receivable_turnover_ratio": null,
            "reinvestment_rate": null,
            "research_to_sale_ratio": null,
            "price_fair": 0,
            "eps_avg_yearly": 0,
            "eps_latest_yearly": 0,
            "eps_growth_yearly": 0
        },
        "20032": {
            "year_quarter": 20032,
            "year": 2003,
            "quarter": 2,
            "eps": -0.29,
            "eps_growth_year": null,
            "eps_4q": 1.03,
            "eps_4q_growth_year": null,
            "roe": -1.63,
            "roe_4q": 6,
            "gross_profit": 36802,
            "gross_margin": 21.85,
            "gross_margin_4q_avg": 19.48,
            "net_income": -13019,
            "net_income_4q": null,
            "revenue": 168414,
            "revenue_4q": null,
            "common_shares": 450878,
            "book_valuer_per_share": 17.56,
            "book_valuer_per_share_4q_avg": 17.55,
            "equity": 791944,
            "current_ratio": 186.08,
            "debt_ratio": 48.93,
            "inventory_turnover_ratio": 0.24,
            "account_receivable_turnover_ratio": null,
            "reinvestment_rate": null,
            "research_to_sale_ratio": null,
            "price_fair": 0,
            "eps_avg_yearly": 0,
            "eps_latest_yearly": 0,
            "eps_growth_yearly": 0
        },
        "20033": {
            "year_quarter": 20033,
            "year": 2003,
            "quarter": 3,
            "eps": -0.69,
            "eps_growth_year": null,
            "eps_4q": 0.42,
            "eps_4q_growth_year": null,
            "roe": -4,
            "roe_4q": 2.5199999999999996,
            "gross_profit": 14610,
            "gross_margin": 12.36,
            "gross_margin_4q_avg": 18.64,
            "net_income": -31034,
            "net_income_4q": null,
            "revenue": 118213,
            "revenue_4q": null,
            "common_shares": 450878,
            "book_valuer_per_share": 16.88,
            "book_valuer_per_share_4q_avg": 17.66,
            "equity": 760993,
            "current_ratio": 184.12,
            "debt_ratio": 49.13,
            "inventory_turnover_ratio": 0.16,
            "account_receivable_turnover_ratio": null,
            "reinvestment_rate": null,
            "research_to_sale_ratio": null,
            "price_fair": 0,
            "eps_avg_yearly": 0,
            "eps_latest_yearly": 0,
            "eps_growth_yearly": 0
        },
        "20034": {
            "year_quarter": 20034,
            "year": 2003,
            "quarter": 4,
            "eps": -0.4,
            "eps_growth_year": -121.16,
            "eps_4q": -1.87,
            "eps_4q_growth_year": -643.5,
            "roe": -2.41,
            "roe_4q": -10.729999999999999,
            "gross_profit": 34933,
            "gross_margin": 6.85,
            "gross_margin_4q_avg": 14.56,
            "net_income": -18135,
            "net_income_4q": null,
            "revenue": 509838,
            "revenue_4q": null,
            "common_shares": 450878,
            "book_valuer_per_share": 16.48,
            "book_valuer_per_share_4q_avg": 17.19,
            "equity": 742886,
            "current_ratio": 157.38,
            "debt_ratio": 56.3,
            "inventory_turnover_ratio": 0.79,
            "account_receivable_turnover_ratio": null,
            "reinvestment_rate": null,
            "research_to_sale_ratio": null,
            "price_fair": 0,
            "eps_avg_yearly": 0,
            "eps_latest_yearly": 0,
            "eps_growth_yearly": 0
        },
        "20041": {
            "year_quarter": 20041,
            "year": 2004,
            "quarter": 1,
            "eps": 0.09,
            "eps_growth_year": null,
            "eps_4q": -1.22,
            "eps_4q_growth_year": -224.76,
            "roe": 0.57,
            "roe_4q": -7.47,
            "gross_profit": 58321,
            "gross_margin": 12.37,
            "gross_margin_4q_avg": 13.36,
            "net_income": 4259,
            "net_income_4q": null,
            "revenue": 471502,
            "revenue_4q": null,
            "common_shares": 450878,
            "book_valuer_per_share": 16.57,
            "book_valuer_per_share_4q_avg": 16.87,
            "equity": 747111,
            "current_ratio": 218.15,
            "debt_ratio": 39.9,
            "inventory_turnover_ratio": 1.06,
            "account_receivable_turnover_ratio": null,
            "reinvestment_rate": null,
            "research_to_sale_ratio": null,
            "price_fair": 0,
            "eps_avg_yearly": 0,
            "eps_latest_yearly": 0,
            "eps_growth_yearly": 0
        },
        "20042": {
            "year_quarter": 20042,
            "year": 2004,
            "quarter": 2,
            "eps": -0.83,
            "eps_growth_year": null,
            "eps_4q": -1.82,
            "eps_4q_growth_year": -277.95,
            "roe": -5.13,
            "roe_4q": -10.969999999999999,
            "gross_profit": 22205,
            "gross_margin": 10.61,
            "gross_margin_4q_avg": 10.55,
            "net_income": -37369,
            "net_income_4q": null,
            "revenue": 209372,
            "revenue_4q": null,
            "common_shares": 450878,
            "book_valuer_per_share": 15.74,
            "book_valuer_per_share_4q_avg": 16.42,
            "equity": 709763,
            "current_ratio": 189.55,
            "debt_ratio": 46.11,
            "inventory_turnover_ratio": 0.71,
            "account_receivable_turnover_ratio": null,
            "reinvestment_rate": null,
            "research_to_sale_ratio": null,
            "price_fair": 0,
            "eps_avg_yearly": 0,
            "eps_latest_yearly": 0,
            "eps_growth_yearly": 0
        },
        "20043": {
            "year_quarter": 20043,
            "year": 2004,
            "quarter": 3,
            "eps": -0.98,
            "eps_growth_year": null,
            "eps_4q": -2.12,
            "eps_4q_growth_year": -601.75,
            "roe": -6.45,
            "roe_4q": -13.42,
            "gross_profit": 17893,
            "gross_margin": 9.77,
            "gross_margin_4q_avg": 9.9,
            "net_income": -44359,
            "net_income_4q": null,
            "revenue": 183139,
            "revenue_4q": null,
            "common_shares": 450878,
            "book_valuer_per_share": 14.76,
            "book_valuer_per_share_4q_avg": 15.89,
            "equity": 665415,
            "current_ratio": 214.12,
            "debt_ratio": 50.57,
            "inventory_turnover_ratio": 0.51,
            "account_receivable_turnover_ratio": null,
            "reinvestment_rate": null,
            "research_to_sale_ratio": null,
            "price_fair": 0,
            "eps_avg_yearly": 0,
            "eps_latest_yearly": 0,
            "eps_growth_yearly": 0
        },
        "20044": {
            "year_quarter": 20044,
            "year": 2004,
            "quarter": 4,
            "eps": -0.74,
            "eps_growth_year": null,
            "eps_4q": -2.46,
            "eps_4q_growth_year": null,
            "roe": -5.16,
            "roe_4q": -16.169999999999998,
            "gross_profit": 55419,
            "gross_margin": 10.18,
            "gross_margin_4q_avg": 10.73,
            "net_income": -33469,
            "net_income_4q": null,
            "revenue": 544424,
            "revenue_4q": null,
            "common_shares": 450878,
            "book_valuer_per_share": 14.01,
            "book_valuer_per_share_4q_avg": 15.27,
            "equity": 631836,
            "current_ratio": 146.9,
            "debt_ratio": 67.99,
            "inventory_turnover_ratio": 0.97,
            "account_receivable_turnover_ratio": null,
            "reinvestment_rate": null,
            "research_to_sale_ratio": null,
            "price_fair": 0,
            "eps_avg_yearly": 0,
            "eps_latest_yearly": 0,
            "eps_growth_yearly": 0
        },
        "20051": {
            "year_quarter": 20051,
            "year": 2005,
            "quarter": 1,
            "eps": -1.05,
            "eps_growth_year": -1266.67,
            "eps_4q": -3.46,
            "eps_4q_growth_year": null,
            "roe": -7.8,
            "roe_4q": -24.54,
            "gross_profit": 38226,
            "gross_margin": 13.11,
            "gross_margin_4q_avg": 10.92,
            "net_income": -50232,
            "net_income_4q": null,
            "revenue": 291571,
            "revenue_4q": null,
            "common_shares": 554032,
            "book_valuer_per_share": 11.85,
            "book_valuer_per_share_4q_avg": 14.09,
            "equity": 656784,
            "current_ratio": 138,
            "debt_ratio": 64.9,
            "inventory_turnover_ratio": 0.37,
            "account_receivable_turnover_ratio": null,
            "reinvestment_rate": null,
            "research_to_sale_ratio": null,
            "price_fair": 0,
            "eps_avg_yearly": 0,
            "eps_latest_yearly": 0,
            "eps_growth_yearly": 0
        },
        "20052": {
            "year_quarter": 20052,
            "year": 2005,
            "quarter": 2,
            "eps": -0.25,
            "eps_growth_year": null,
            "eps_4q": -2.17,
            "eps_4q_growth_year": null,
            "roe": -1.95,
            "roe_4q": -21.36,
            "gross_profit": 52561,
            "gross_margin": 10.48,
            "gross_margin_4q_avg": 10.89,
            "net_income": -13348,
            "net_income_4q": null,
            "revenue": 501489,
            "revenue_4q": null,
            "common_shares": 651288,
            "book_valuer_per_share": 10.97,
            "book_valuer_per_share_4q_avg": 12.9,
            "equity": 714338,
            "current_ratio": 146.98,
            "debt_ratio": 61.45,
            "inventory_turnover_ratio": 0.74,
            "account_receivable_turnover_ratio": null,
            "reinvestment_rate": null,
            "research_to_sale_ratio": null,
            "price_fair": 0,
            "eps_avg_yearly": 0,
            "eps_latest_yearly": 0,
            "eps_growth_yearly": 0
        },
        "20053": {
            "year_quarter": 20053,
            "year": 2005,
            "quarter": 3,
            "eps": -0.41,
            "eps_growth_year": null,
            "eps_4q": -1.84,
            "eps_4q_growth_year": null,
            "roe": -3.31,
            "roe_4q": -18.22,
            "gross_profit": 60856,
            "gross_margin": 13.28,
            "gross_margin_4q_avg": 11.76,
            "net_income": -23327,
            "net_income_4q": null,
            "revenue": 458222,
            "revenue_4q": null,
            "common_shares": 655815,
            "book_valuer_per_share": 10.59,
            "book_valuer_per_share_4q_avg": 11.86,
            "equity": 694432,
            "current_ratio": 148.26,
            "debt_ratio": 60.66,
            "inventory_turnover_ratio": 0.93,
            "account_receivable_turnover_ratio": null,
            "reinvestment_rate": null,
            "research_to_sale_ratio": null,
            "price_fair": 0,
            "eps_avg_yearly": 0,
            "eps_latest_yearly": 0,
            "eps_growth_yearly": 0
        },
        "20054": {
            "year_quarter": 20054,
            "year": 2005,
            "quarter": 4,
            "eps": -3.04,
            "eps_growth_year": null,
            "eps_4q": -4.51,
            "eps_4q_growth_year": null,
            "roe": -29.61,
            "roe_4q": -42.67,
            "gross_profit": 44443,
            "gross_margin": 10.99,
            "gross_margin_4q_avg": 11.97,
            "net_income": -179148,
            "net_income_4q": null,
            "revenue": 404308,
            "revenue_4q": null,
            "common_shares": 656364,
            "book_valuer_per_share": 7.86,
            "book_valuer_per_share_4q_avg": 10.32,
            "equity": 515685,
            "current_ratio": 117.05,
            "debt_ratio": 76.45,
            "inventory_turnover_ratio": 0.63,
            "account_receivable_turnover_ratio": null,
            "reinvestment_rate": null,
            "research_to_sale_ratio": null,
            "price_fair": 0,
            "eps_avg_yearly": 0,
            "eps_latest_yearly": 0,
            "eps_growth_yearly": 0
        },
        "20061": {
            "year_quarter": 20061,
            "year": 2006,
            "quarter": 1,
            "eps": 0.49,
            "eps_growth_year": null,
            "eps_4q": -2.83,
            "eps_4q_growth_year": null,
            "roe": 6,
            "roe_4q": -28.869999999999997,
            "gross_profit": 116277,
            "gross_margin": 13.4,
            "gross_margin_4q_avg": 12.04,
            "net_income": 31890,
            "net_income_4q": null,
            "revenue": 867826,
            "revenue_4q": null,
            "common_shares": 656364,
            "book_valuer_per_share": 8.34,
            "book_valuer_per_share_4q_avg": 9.44,
            "equity": 547560,
            "current_ratio": 117.51,
            "debt_ratio": 75.89,
            "inventory_turnover_ratio": 1.28,
            "account_receivable_turnover_ratio": null,
            "reinvestment_rate": null,
            "research_to_sale_ratio": null,
            "price_fair": 0,
            "eps_avg_yearly": 0,
            "eps_latest_yearly": 0,
            "eps_growth_yearly": 0
        },
        "20062": {
            "year_quarter": 20062,
            "year": 2006,
            "quarter": 2,
            "eps": 0.05,
            "eps_growth_year": null,
            "eps_4q": -2.41,
            "eps_4q_growth_year": null,
            "roe": 0.63,
            "roe_4q": -26.29,
            "gross_profit": 52845,
            "gross_margin": 11.1,
            "gross_margin_4q_avg": 12.19,
            "net_income": 3466,
            "net_income_4q": null,
            "revenue": 475952,
            "revenue_4q": null,
            "common_shares": 656364,
            "book_valuer_per_share": 8.4,
            "book_valuer_per_share_4q_avg": 8.8,
            "equity": 551025,
            "current_ratio": 116.25,
            "debt_ratio": 76.86,
            "inventory_turnover_ratio": 0.83,
            "account_receivable_turnover_ratio": null,
            "reinvestment_rate": null,
            "research_to_sale_ratio": null,
            "price_fair": 0.6,
            "eps_avg_yearly": 0.2,
            "eps_latest_yearly": 0.2,
            "eps_growth_yearly": -359.18
        },
        "20063": {
            "year_quarter": 20063,
            "year": 2006,
            "quarter": 3,
            "eps": -0.5,
            "eps_growth_year": null,
            "eps_4q": -2.69,
            "eps_4q_growth_year": null,
            "roe": -6.08,
            "roe_4q": -29.06,
            "gross_profit": 193139,
            "gross_margin": 15.14,
            "gross_margin_4q_avg": 12.66,
            "net_income": -32490,
            "net_income_4q": null,
            "revenue": 1276006,
            "revenue_4q": null,
            "common_shares": 656364,
            "book_valuer_per_share": 7.9,
            "book_valuer_per_share_4q_avg": 8.13,
            "equity": 518568,
            "current_ratio": 111.88,
            "debt_ratio": 80.81,
            "inventory_turnover_ratio": 1.82,
            "account_receivable_turnover_ratio": null,
            "reinvestment_rate": null,
            "research_to_sale_ratio": null,
            "price_fair": 0.6,
            "eps_avg_yearly": 0.2,
            "eps_latest_yearly": 0.2,
            "eps_growth_yearly": -359.18
        },
        "20064": {
            "year_quarter": 20064,
            "year": 2006,
            "quarter": 4,
            "eps": 0.31,
            "eps_growth_year": null,
            "eps_4q": 0.35,
            "eps_4q_growth_year": null,
            "roe": 3.8,
            "roe_4q": 4.35,
            "gross_profit": 124977,
            "gross_margin": 15.3,
            "gross_margin_4q_avg": 13.74,
            "net_income": 20087,
            "net_income_4q": null,
            "revenue": 816866,
            "revenue_4q": null,
            "common_shares": 656364,
            "book_valuer_per_share": 8.21,
            "book_valuer_per_share_4q_avg": 8.21,
            "equity": 538653,
            "current_ratio": 120.14,
            "debt_ratio": 74.25,
            "inventory_turnover_ratio": 1.66,
            "account_receivable_turnover_ratio": null,
            "reinvestment_rate": null,
            "research_to_sale_ratio": null,
            "price_fair": 0.6,
            "eps_avg_yearly": 0.2,
            "eps_latest_yearly": 0.2,
            "eps_growth_yearly": -359.18
        },
        "20071": {
            "year_quarter": 20071,
            "year": 2007,
            "quarter": 1,
            "eps": 0.03,
            "eps_growth_year": -93.88,
            "eps_4q": -0.12,
            "eps_4q_growth_year": null,
            "roe": 0.33,
            "roe_4q": -1.3200000000000003,
            "gross_profit": 55270,
            "gross_margin": 16.13,
            "gross_margin_4q_avg": 14.42,
            "net_income": 1804,
            "net_income_4q": null,
            "revenue": 342593,
            "revenue_4q": null,
            "common_shares": 660544,
            "book_valuer_per_share": 8.25,
            "book_valuer_per_share_4q_avg": 8.19,
            "equity": 544748,
            "current_ratio": 124.09,
            "debt_ratio": 69.99,
            "inventory_turnover_ratio": 0.79,
            "account_receivable_turnover_ratio": null,
            "reinvestment_rate": null,
            "research_to_sale_ratio": null,
            "price_fair": 0.48,
            "eps_avg_yearly": 0.16,
            "eps_latest_yearly": 0.12,
            "eps_growth_yearly": -360.24
        },
        "20072": {
            "year_quarter": 20072,
            "year": 2007,
            "quarter": 2,
            "eps": 0.67,
            "eps_growth_year": 1240,
            "eps_4q": 0.51,
            "eps_4q_growth_year": null,
            "roe": 7.72,
            "roe_4q": 5.769999999999998,
            "gross_profit": 62953,
            "gross_margin": 10.78,
            "gross_margin_4q_avg": 14.34,
            "net_income": 44211,
            "net_income_4q": null,
            "revenue": 583789,
            "revenue_4q": null,
            "common_shares": 669564,
            "book_valuer_per_share": 8.96,
            "book_valuer_per_share_4q_avg": 8.33,
            "equity": 600222,
            "current_ratio": 124.46,
            "debt_ratio": 71.5,
            "inventory_turnover_ratio": 1.06,
            "account_receivable_turnover_ratio": null,
            "reinvestment_rate": null,
            "research_to_sale_ratio": null,
            "price_fair": 35,
            "eps_avg_yearly": 1,
            "eps_latest_yearly": 2.68,
            "eps_growth_yearly": 2604.29
        },
        "20073": {
            "year_quarter": 20073,
            "year": 2007,
            "quarter": 3,
            "eps": 0.58,
            "eps_growth_year": null,
            "eps_4q": 1.58,
            "eps_4q_growth_year": null,
            "roe": 6.16,
            "roe_4q": 18.009999999999998,
            "gross_profit": 103196,
            "gross_margin": 9.3,
            "gross_margin_4q_avg": 12.88,
            "net_income": 38315,
            "net_income_4q": null,
            "revenue": 1109039,
            "revenue_4q": null,
            "common_shares": 673704,
            "book_valuer_per_share": 9.56,
            "book_valuer_per_share_4q_avg": 8.75,
            "equity": 643754,
            "current_ratio": 123.15,
            "debt_ratio": 70.51,
            "inventory_turnover_ratio": 1.88,
            "account_receivable_turnover_ratio": null,
            "reinvestment_rate": null,
            "research_to_sale_ratio": null,
            "price_fair": 46.55,
            "eps_avg_yearly": 1.33,
            "eps_latest_yearly": 2.32,
            "eps_growth_yearly": 1939.78
        },
        "20074": {
            "year_quarter": 20074,
            "year": 2007,
            "quarter": 4,
            "eps": 0.52,
            "eps_growth_year": 67.74,
            "eps_4q": 1.78,
            "eps_4q_growth_year": 401.25,
            "roe": 5.27,
            "roe_4q": 19.479999999999997,
            "gross_profit": 128249,
            "gross_margin": 14.33,
            "gross_margin_4q_avg": 12.64,
            "net_income": 34925,
            "net_income_4q": null,
            "revenue": 894906,
            "revenue_4q": null,
            "common_shares": 677164,
            "book_valuer_per_share": 10.08,
            "book_valuer_per_share_4q_avg": 9.21,
            "equity": 682758,
            "current_ratio": 130.15,
            "debt_ratio": 67.85,
            "inventory_turnover_ratio": 1.52,
            "account_receivable_turnover_ratio": null,
            "reinvestment_rate": null,
            "research_to_sale_ratio": null,
            "price_fair": 51.8,
            "eps_avg_yearly": 1.48,
            "eps_latest_yearly": 2.08,
            "eps_growth_yearly": 1543.55
        },
        "20081": {
            "year_quarter": 20081,
            "year": 2008,
            "quarter": 1,
            "eps": 0.31,
            "eps_growth_year": 933.33,
            "eps_4q": 2,
            "eps_4q_growth_year": null,
            "roe": 2.81,
            "roe_4q": 21.96,
            "gross_profit": 90156,
            "gross_margin": 9.72,
            "gross_margin_4q_avg": 11.03,
            "net_income": 21485,
            "net_income_4q": null,
            "revenue": 927925,
            "revenue_4q": null,
            "common_shares": 742957,
            "book_valuer_per_share": 11.38,
            "book_valuer_per_share_4q_avg": 10,
            "equity": 845751,
            "current_ratio": 145.26,
            "debt_ratio": 64.3,
            "inventory_turnover_ratio": 1.68,
            "account_receivable_turnover_ratio": null,
            "reinvestment_rate": null,
            "research_to_sale_ratio": null,
            "price_fair": 50.4,
            "eps_avg_yearly": 1.44,
            "eps_latest_yearly": 1.24,
            "eps_growth_yearly": 1259.37
        },
        "20082": {
            "year_quarter": 20082,
            "year": 2008,
            "quarter": 2,
            "eps": 1.74,
            "eps_growth_year": 159.7,
            "eps_4q": 3.05,
            "eps_4q_growth_year": 498.76,
            "roe": 13.65,
            "roe_4q": 27.89,
            "gross_profit": 234652,
            "gross_margin": 15.79,
            "gross_margin_4q_avg": 12.29,
            "net_income": 125822,
            "net_income_4q": null,
            "revenue": 1486540,
            "revenue_4q": null,
            "common_shares": 756469,
            "book_valuer_per_share": 13.19,
            "book_valuer_per_share_4q_avg": 11.05,
            "equity": 997992,
            "current_ratio": 137.68,
            "debt_ratio": 68.27,
            "inventory_turnover_ratio": 2.14,
            "account_receivable_turnover_ratio": null,
            "reinvestment_rate": null,
            "research_to_sale_ratio": null,
            "price_fair": 78,
            "eps_avg_yearly": 2.23,
            "eps_latest_yearly": 6.96,
            "eps_growth_yearly": 1343.05
        },
        "20083": {
            "year_quarter": 20083,
            "year": 2008,
            "quarter": 3,
            "eps": 1.71,
            "eps_growth_year": 194.83,
            "eps_4q": 4.19,
            "eps_4q_growth_year": 165.24,
            "roe": 11.86,
            "roe_4q": 33.589999999999996,
            "gross_profit": 302900,
            "gross_margin": 18.57,
            "gross_margin_4q_avg": 14.6,
            "net_income": 125527,
            "net_income_4q": null,
            "revenue": 1631267,
            "revenue_4q": null,
            "common_shares": 768584,
            "book_valuer_per_share": 14.56,
            "book_valuer_per_share_4q_avg": 12.3,
            "equity": 1118832,
            "current_ratio": 139.27,
            "debt_ratio": 67.86,
            "inventory_turnover_ratio": 1.89,
            "account_receivable_turnover_ratio": null,
            "reinvestment_rate": -23.02,
            "research_to_sale_ratio": null,
            "price_fair": 98.18,
            "eps_avg_yearly": 2.81,
            "eps_latest_yearly": 6.84,
            "eps_growth_yearly": 1174.31
        },
        "20084": {
            "year_quarter": 20084,
            "year": 2008,
            "quarter": 4,
            "eps": 0.55,
            "eps_growth_year": 5.77,
            "eps_4q": 4.23,
            "eps_4q_growth_year": 137.96,
            "roe": 3.57,
            "roe_4q": 31.889999999999997,
            "gross_profit": 148289,
            "gross_margin": 11.92,
            "gross_margin_4q_avg": 14,
            "net_income": 40830,
            "net_income_4q": null,
            "revenue": 1243597,
            "revenue_4q": null,
            "common_shares": 771532,
            "book_valuer_per_share": 15.11,
            "book_valuer_per_share_4q_avg": 13.56,
            "equity": 1165646,
            "current_ratio": 148.98,
            "debt_ratio": 61.78,
            "inventory_turnover_ratio": 1.55,
            "account_receivable_turnover_ratio": 2.34,
            "reinvestment_rate": -11.03,
            "research_to_sale_ratio": null,
            "price_fair": 95.82,
            "eps_avg_yearly": 2.74,
            "eps_latest_yearly": 2.2,
            "eps_growth_yearly": 1013.68
        },
        "20091": {
            "year_quarter": 20091,
            "year": 2009,
            "quarter": 1,
            "eps": 0.41,
            "eps_growth_year": 32.26,
            "eps_4q": 4.23,
            "eps_4q_growth_year": 110.83,
            "roe": 2.66,
            "roe_4q": 31.740000000000002,
            "gross_profit": 69883,
            "gross_margin": 7.99,
            "gross_margin_4q_avg": 13.57,
            "net_income": 31389,
            "net_income_4q": null,
            "revenue": 874487,
            "revenue_4q": null,
            "common_shares": 771532,
            "book_valuer_per_share": 15.52,
            "book_valuer_per_share_4q_avg": 14.6,
            "equity": 1197063,
            "current_ratio": 163.64,
            "debt_ratio": 55.51,
            "inventory_turnover_ratio": 1.43,
            "account_receivable_turnover_ratio": 0.92,
            "reinvestment_rate": 2.63,
            "research_to_sale_ratio": null,
            "price_fair": 91.98,
            "eps_avg_yearly": 2.63,
            "eps_latest_yearly": 1.64,
            "eps_growth_yearly": 902.13
        },
        "20092": {
            "year_quarter": 20092,
            "year": 2009,
            "quarter": 2,
            "eps": -0.34,
            "eps_growth_year": -119.54,
            "eps_4q": 2.23,
            "eps_4q_growth_year": -26.93,
            "roe": -2.2,
            "roe_4q": 15.889999999999999,
            "gross_profit": 59296,
            "gross_margin": 10.53,
            "gross_margin_4q_avg": 12.25,
            "net_income": -25812,
            "net_income_4q": null,
            "revenue": 562931,
            "revenue_4q": null,
            "common_shares": 771532,
            "book_valuer_per_share": 14.83,
            "book_valuer_per_share_4q_avg": 15.01,
            "equity": 1144406,
            "current_ratio": 170.64,
            "debt_ratio": 51.94,
            "inventory_turnover_ratio": 0.99,
            "account_receivable_turnover_ratio": 0.98,
            "reinvestment_rate": -6.04,
            "research_to_sale_ratio": null,
            "price_fair": 91.98,
            "eps_avg_yearly": 2.63,
            "eps_latest_yearly": 1.64,
            "eps_growth_yearly": 902.13
        },
        "20093": {
            "year_quarter": 20093,
            "year": 2009,
            "quarter": 3,
            "eps": 0.85,
            "eps_growth_year": -50.29,
            "eps_4q": 1.37,
            "eps_4q_growth_year": -67.42,
            "roe": 6.46,
            "roe_4q": 10.49,
            "gross_profit": 208992,
            "gross_margin": 17.37,
            "gross_margin_4q_avg": 11.95,
            "net_income": 76443,
            "net_income_4q": null,
            "revenue": 1203188,
            "revenue_4q": null,
            "common_shares": 922029,
            "book_valuer_per_share": 13.24,
            "book_valuer_per_share_4q_avg": 14.68,
            "equity": 1220833,
            "current_ratio": 176.32,
            "debt_ratio": 52.21,
            "inventory_turnover_ratio": 1.96,
            "account_receivable_turnover_ratio": 1.85,
            "reinvestment_rate": -3.65,
            "research_to_sale_ratio": null,
            "price_fair": 91.98,
            "eps_avg_yearly": 2.63,
            "eps_latest_yearly": 1.64,
            "eps_growth_yearly": 902.13
        },
        "20094": {
            "year_quarter": 20094,
            "year": 2009,
            "quarter": 4,
            "eps": 0.29,
            "eps_growth_year": -47.27,
            "eps_4q": 1.19,
            "eps_4q_growth_year": -71.74,
            "roe": 2.15,
            "roe_4q": 9.07,
            "gross_profit": 162059,
            "gross_margin": 13.07,
            "gross_margin_4q_avg": 12.24,
            "net_income": 26524,
            "net_income_4q": null,
            "revenue": 1239755,
            "revenue_4q": null,
            "common_shares": 922029,
            "book_valuer_per_share": 13.72,
            "book_valuer_per_share_4q_avg": 14.33,
            "equity": 1247353,
            "current_ratio": 165.17,
            "debt_ratio": 56.23,
            "inventory_turnover_ratio": 2.5,
            "account_receivable_turnover_ratio": 2.78,
            "reinvestment_rate": 1.94,
            "research_to_sale_ratio": null,
            "price_fair": 87.31,
            "eps_avg_yearly": 2.49,
            "eps_latest_yearly": 1.16,
            "eps_growth_yearly": 796.16
        },
        "20101": {
            "year_quarter": 20101,
            "year": 2010,
            "quarter": 1,
            "eps": -0.1,
            "eps_growth_year": -124.39,
            "eps_4q": 0.75,
            "eps_4q_growth_year": -82.18,
            "roe": -0.7,
            "roe_4q": 5.71,
            "gross_profit": 71802,
            "gross_margin": 17.38,
            "gross_margin_4q_avg": 14.59,
            "net_income": -8680,
            "net_income_4q": null,
            "revenue": 413054,
            "revenue_4q": null,
            "common_shares": 922029,
            "book_valuer_per_share": 13.43,
            "book_valuer_per_share_4q_avg": 13.81,
            "equity": 1238668,
            "current_ratio": 193.05,
            "debt_ratio": 47.91,
            "inventory_turnover_ratio": 0.62,
            "account_receivable_turnover_ratio": 0.72,
            "reinvestment_rate": 4.64,
            "research_to_sale_ratio": 2.26,
            "price_fair": 87.31,
            "eps_avg_yearly": 2.49,
            "eps_latest_yearly": 1.16,
            "eps_growth_yearly": 796.16
        },
        "20102": {
            "year_quarter": 20102,
            "year": 2010,
            "quarter": 2,
            "eps": 0.04,
            "eps_growth_year": null,
            "eps_4q": 1.08,
            "eps_4q_growth_year": -51.56,
            "roe": 0.32,
            "roe_4q": 8.23,
            "gross_profit": 89829,
            "gross_margin": 12.34,
            "gross_margin_4q_avg": 15.04,
            "net_income": 3864,
            "net_income_4q": null,
            "revenue": 727889,
            "revenue_4q": null,
            "common_shares": 922029,
            "book_valuer_per_share": 13.07,
            "book_valuer_per_share_4q_avg": 13.37,
            "equity": 1187995,
            "current_ratio": 177.05,
            "debt_ratio": 52.39,
            "inventory_turnover_ratio": 1,
            "account_receivable_turnover_ratio": 1.66,
            "reinvestment_rate": 3.87,
            "research_to_sale_ratio": 1.28,
            "price_fair": 95.34,
            "eps_avg_yearly": 2.72,
            "eps_latest_yearly": 1.16,
            "eps_growth_yearly": 911.7
        },
        "20103": {
            "year_quarter": 20103,
            "year": 2010,
            "quarter": 3,
            "eps": 0.23,
            "eps_growth_year": -73.11,
            "eps_4q": 0.47,
            "eps_4q_growth_year": -65.79,
            "roe": 1.73,
            "roe_4q": 3.5,
            "gross_profit": 111966,
            "gross_margin": 12.14,
            "gross_margin_4q_avg": 13.73,
            "net_income": 20783,
            "net_income_4q": null,
            "revenue": 922175,
            "revenue_4q": null,
            "common_shares": 922029,
            "book_valuer_per_share": 13.29,
            "book_valuer_per_share_4q_avg": 13.38,
            "equity": 1208765,
            "current_ratio": 181.99,
            "debt_ratio": 51.21,
            "inventory_turnover_ratio": 1.47,
            "account_receivable_turnover_ratio": 1.37,
            "reinvestment_rate": 3.06,
            "research_to_sale_ratio": 1.05,
            "price_fair": 89.6,
            "eps_avg_yearly": 2.56,
            "eps_latest_yearly": 0.92,
            "eps_growth_yearly": 1001.54
        },
        "20104": {
            "year_quarter": 20104,
            "year": 2010,
            "quarter": 4,
            "eps": -0.09,
            "eps_growth_year": -129.68,
            "eps_4q": 0.09,
            "eps_4q_growth_year": -92.5,
            "roe": -0.65,
            "roe_4q": 0.7000000000000002,
            "gross_profit": 80498,
            "gross_margin": 7.7,
            "gross_margin_4q_avg": 12.39,
            "net_income": -7826,
            "net_income_4q": null,
            "revenue": 1045301,
            "revenue_4q": null,
            "common_shares": 922029,
            "book_valuer_per_share": 13.21,
            "book_valuer_per_share_4q_avg": 13.25,
            "equity": 1200931,
            "current_ratio": 164.94,
            "debt_ratio": 57.5,
            "inventory_turnover_ratio": 1.81,
            "account_receivable_turnover_ratio": 1.3,
            "reinvestment_rate": 2.2,
            "research_to_sale_ratio": 1.06,
            "price_fair": 89.6,
            "eps_avg_yearly": 2.56,
            "eps_latest_yearly": 0.92,
            "eps_growth_yearly": 1001.54
        },
        "20111": {
            "year_quarter": 20111,
            "year": 2011,
            "quarter": 1,
            "eps": -0.53,
            "eps_growth_year": null,
            "eps_4q": -0.34,
            "eps_4q_growth_year": -145.51,
            "roe": -4.08,
            "roe_4q": -2.6800000000000006,
            "gross_profit": 40165,
            "gross_margin": 8.82,
            "gross_margin_4q_avg": 10.25,
            "net_income": -47986,
            "net_income_4q": null,
            "revenue": 455412,
            "revenue_4q": null,
            "common_shares": 922029,
            "book_valuer_per_share": 12.68,
            "book_valuer_per_share_4q_avg": 13.06,
            "equity": 1152929,
            "current_ratio": 179.29,
            "debt_ratio": 52.62,
            "inventory_turnover_ratio": 0.71,
            "account_receivable_turnover_ratio": 0.74,
            "reinvestment_rate": 0.7,
            "research_to_sale_ratio": 2.11,
            "price_fair": 98.14,
            "eps_avg_yearly": 2.8,
            "eps_latest_yearly": 0.92,
            "eps_growth_yearly": 1137.83
        },
        "20112": {
            "year_quarter": 20112,
            "year": 2011,
            "quarter": 2,
            "eps": -0.55,
            "eps_growth_year": -1393.81,
            "eps_4q": -0.94,
            "eps_4q_growth_year": -186.62,
            "roe": -4.43,
            "roe_4q": -7.43,
            "gross_profit": 52458,
            "gross_margin": 14,
            "gross_margin_4q_avg": 10.67,
            "net_income": -49993,
            "net_income_4q": null,
            "revenue": 374767,
            "revenue_4q": null,
            "common_shares": 922029,
            "book_valuer_per_share": 12.13,
            "book_valuer_per_share_4q_avg": 12.83,
            "equity": 1102932,
            "current_ratio": 167.23,
            "debt_ratio": 56.54,
            "inventory_turnover_ratio": 0.43,
            "account_receivable_turnover_ratio": 1.12,
            "reinvestment_rate": 1.49,
            "research_to_sale_ratio": 1.76,
            "price_fair": 98.62,
            "eps_avg_yearly": 2.82,
            "eps_latest_yearly": 0.92,
            "eps_growth_yearly": 316.1
        },
        "20113": {
            "year_quarter": 20113,
            "year": 2011,
            "quarter": 3,
            "eps": 1.52,
            "eps_growth_year": 563.75,
            "eps_4q": 0.35,
            "eps_4q_growth_year": -24.35,
            "roe": 11.77,
            "roe_4q": 2.61,
            "gross_profit": 260369,
            "gross_margin": 19.2,
            "gross_margin_4q_avg": 12.43,
            "net_income": 137948,
            "net_income_4q": null,
            "revenue": 1356438,
            "revenue_4q": null,
            "common_shares": 909199,
            "book_valuer_per_share": 13.65,
            "book_valuer_per_share_4q_avg": 12.92,
            "equity": 1240912,
            "current_ratio": 182.12,
            "debt_ratio": 51.76,
            "inventory_turnover_ratio": 1.45,
            "account_receivable_turnover_ratio": 2.39,
            "reinvestment_rate": 1.35,
            "research_to_sale_ratio": 0.72,
            "price_fair": 100.8,
            "eps_avg_yearly": 2.88,
            "eps_latest_yearly": 0.92,
            "eps_growth_yearly": 362.33
        },
        "20114": {
            "year_quarter": 20114,
            "year": 2011,
            "quarter": 4,
            "eps": 0.29,
            "eps_growth_year": null,
            "eps_4q": 0.74,
            "eps_4q_growth_year": 728.44,
            "roe": 2.06,
            "roe_4q": 5.32,
            "gross_profit": 158528,
            "gross_margin": 14.2,
            "gross_margin_4q_avg": 14.06,
            "net_income": 25397,
            "net_income_4q": null,
            "revenue": 1116521,
            "revenue_4q": null,
            "common_shares": 909199,
            "book_valuer_per_share": 13.89,
            "book_valuer_per_share_4q_avg": 13.09,
            "equity": 1224370,
            "current_ratio": 148.23,
            "debt_ratio": 64.54,
            "inventory_turnover_ratio": 1.17,
            "account_receivable_turnover_ratio": 1.16,
            "reinvestment_rate": 6.73,
            "research_to_sale_ratio": 0.9,
            "price_fair": 96.78,
            "eps_avg_yearly": 2.77,
            "eps_latest_yearly": 1.16,
            "eps_growth_yearly": 327.04
        },
        "20121": {
            "year_quarter": 20121,
            "year": 2012,
            "quarter": 1,
            "eps": 0.37,
            "eps_growth_year": null,
            "eps_4q": 1.66,
            "eps_4q_growth_year": null,
            "roe": 2.62,
            "roe_4q": 12.02,
            "gross_profit": 155788,
            "gross_margin": 16.94,
            "gross_margin_4q_avg": 16.09,
            "net_income": 32623,
            "net_income_4q": null,
            "revenue": 919372,
            "revenue_4q": null,
            "common_shares": 909199,
            "book_valuer_per_share": 14.36,
            "book_valuer_per_share_4q_avg": 13.51,
            "equity": 1265656,
            "current_ratio": 166.16,
            "debt_ratio": 64.6,
            "inventory_turnover_ratio": 0.74,
            "account_receivable_turnover_ratio": 0.83,
            "reinvestment_rate": 7.97,
            "research_to_sale_ratio": 0.8,
            "price_fair": 97.83,
            "eps_avg_yearly": 2.8,
            "eps_latest_yearly": 1.48,
            "eps_growth_yearly": 361.03
        },
        "20122": {
            "year_quarter": 20122,
            "year": 2012,
            "quarter": 2,
            "eps": 0.83,
            "eps_growth_year": null,
            "eps_4q": 3.05,
            "eps_4q_growth_year": null,
            "roe": 5.72,
            "roe_4q": 22.17,
            "gross_profit": 211197,
            "gross_margin": 18.49,
            "gross_margin_4q_avg": 17.21,
            "net_income": 73297,
            "net_income_4q": null,
            "revenue": 1142117,
            "revenue_4q": null,
            "common_shares": 910781,
            "book_valuer_per_share": 14.69,
            "book_valuer_per_share_4q_avg": 14.15,
            "equity": 1297112,
            "current_ratio": 182.15,
            "debt_ratio": 59.94,
            "inventory_turnover_ratio": 0.98,
            "account_receivable_turnover_ratio": 1.23,
            "reinvestment_rate": 11.21,
            "research_to_sale_ratio": 0.62,
            "price_fair": 81.9,
            "eps_avg_yearly": 2.34,
            "eps_latest_yearly": 3.32,
            "eps_growth_yearly": 192.55
        },
        "20123": {
            "year_quarter": 20123,
            "year": 2012,
            "quarter": 3,
            "eps": 0.89,
            "eps_growth_year": -41.4,
            "eps_4q": 2.24,
            "eps_4q_growth_year": 534.76,
            "roe": 6.1,
            "roe_4q": 16.5,
            "gross_profit": 267461,
            "gross_margin": 18.9,
            "gross_margin_4q_avg": 17.13,
            "net_income": 86173,
            "net_income_4q": null,
            "revenue": 1415182,
            "revenue_4q": null,
            "common_shares": 969181,
            "book_valuer_per_share": 15.76,
            "book_valuer_per_share_4q_avg": 14.68,
            "equity": 1527564,
            "current_ratio": 185.25,
            "debt_ratio": 56.2,
            "inventory_turnover_ratio": 1.55,
            "account_receivable_turnover_ratio": 1.5,
            "reinvestment_rate": 13.4,
            "research_to_sale_ratio": 0.55,
            "price_fair": 67.55,
            "eps_avg_yearly": 1.93,
            "eps_latest_yearly": 3.56,
            "eps_growth_yearly": 197.02
        },
        "20124": {
            "year_quarter": 20124,
            "year": 2012,
            "quarter": 4,
            "eps": 0.52,
            "eps_growth_year": 79.45,
            "eps_4q": 2.38,
            "eps_4q_growth_year": 220.87,
            "roe": 3.34,
            "roe_4q": 17.78,
            "gross_profit": 207246,
            "gross_margin": 21.79,
            "gross_margin_4q_avg": 19.03,
            "net_income": 53326,
            "net_income_4q": null,
            "revenue": 951247,
            "revenue_4q": null,
            "common_shares": 1031088,
            "book_valuer_per_share": 16.15,
            "book_valuer_per_share_4q_avg": 15.24,
            "equity": 1664863,
            "current_ratio": 195.59,
            "debt_ratio": 51.06,
            "inventory_turnover_ratio": 0.98,
            "account_receivable_turnover_ratio": 1.02,
            "reinvestment_rate": 12.33,
            "research_to_sale_ratio": 0.78,
            "price_fair": 67.03,
            "eps_avg_yearly": 1.92,
            "eps_latest_yearly": 2.08,
            "eps_growth_yearly": 210.15
        },
        "20131": {
            "year_quarter": 20131,
            "year": 2013,
            "quarter": 1,
            "eps": -0.48,
            "eps_growth_year": -229.73,
            "eps_4q": 1.53,
            "eps_4q_growth_year": -7.58,
            "roe": -3.09,
            "roe_4q": 12.07,
            "gross_profit": 75106,
            "gross_margin": 22.17,
            "gross_margin_4q_avg": 20.34,
            "net_income": -50758,
            "net_income_4q": null,
            "revenue": 338702,
            "revenue_4q": null,
            "common_shares": 1058408,
            "book_valuer_per_share": 15.34,
            "book_valuer_per_share_4q_avg": 15.49,
            "equity": 1623816,
            "current_ratio": 210.23,
            "debt_ratio": 46.97,
            "inventory_turnover_ratio": 0.26,
            "account_receivable_turnover_ratio": 0.66,
            "reinvestment_rate": 6.21,
            "research_to_sale_ratio": 2.11,
            "price_fair": 68.4,
            "eps_avg_yearly": 1.95,
            "eps_latest_yearly": 2.08,
            "eps_growth_yearly": 254.72
        },
        "20132": {
            "year_quarter": 20132,
            "year": 2013,
            "quarter": 2,
            "eps": 0.82,
            "eps_growth_year": -1.24,
            "eps_4q": 1.65,
            "eps_4q_growth_year": -46,
            "roe": 5.45,
            "roe_4q": 11.8,
            "gross_profit": 237484,
            "gross_margin": 23.66,
            "gross_margin_4q_avg": 21.63,
            "net_income": 86131,
            "net_income_4q": null,
            "revenue": 1003886,
            "revenue_4q": null,
            "common_shares": 1061653,
            "book_valuer_per_share": 14.48,
            "book_valuer_per_share_4q_avg": 15.43,
            "equity": 1537280,
            "current_ratio": 169.07,
            "debt_ratio": 57.82,
            "inventory_turnover_ratio": 0.67,
            "account_receivable_turnover_ratio": 1.66,
            "reinvestment_rate": 16.33,
            "research_to_sale_ratio": 0.83,
            "price_fair": 68.4,
            "eps_avg_yearly": 1.95,
            "eps_latest_yearly": 2.08,
            "eps_growth_yearly": 254.72
        },
        "20133": {
            "year_quarter": 20133,
            "year": 2013,
            "quarter": 3,
            "eps": 0.13,
            "eps_growth_year": -85.38,
            "eps_4q": 0.96,
            "eps_4q_growth_year": -57.12,
            "roe": 0.91,
            "roe_4q": 6.61,
            "gross_profit": 172002,
            "gross_margin": 14.6,
            "gross_margin_4q_avg": 20.56,
            "net_income": 14078,
            "net_income_4q": null,
            "revenue": 1177911,
            "revenue_4q": null,
            "common_shares": 1068125,
            "book_valuer_per_share": 14.6,
            "book_valuer_per_share_4q_avg": 15.14,
            "equity": 1559041,
            "current_ratio": 171.38,
            "debt_ratio": 56.53,
            "inventory_turnover_ratio": 0.88,
            "account_receivable_turnover_ratio": 1.32,
            "reinvestment_rate": 21.93,
            "research_to_sale_ratio": 0.69,
            "price_fair": 62.13,
            "eps_avg_yearly": 1.78,
            "eps_latest_yearly": 0.52,
            "eps_growth_yearly": 180.81
        },
        "20134": {
            "year_quarter": 20134,
            "year": 2013,
            "quarter": 4,
            "eps": 1.9,
            "eps_growth_year": 267.03,
            "eps_4q": 2.38,
            "eps_4q_growth_year": -0.17,
            "roe": 12.07,
            "roe_4q": 15.34,
            "gross_profit": 431509,
            "gross_margin": 22.23,
            "gross_margin_4q_avg": 20.67,
            "net_income": 196430,
            "net_income_4q": null,
            "revenue": 1941142,
            "revenue_4q": null,
            "common_shares": 1072037,
            "book_valuer_per_share": 16.39,
            "book_valuer_per_share_4q_avg": 15.2,
            "equity": 1695609,
            "current_ratio": 164.91,
            "debt_ratio": 57.49,
            "inventory_turnover_ratio": 1.6,
            "account_receivable_turnover_ratio": 1.73,
            "reinvestment_rate": 15.31,
            "research_to_sale_ratio": 0.55,
            "price_fair": 90.3,
            "eps_avg_yearly": 2.58,
            "eps_latest_yearly": 7.6,
            "eps_growth_yearly": 894.52
        },
        "20141": {
            "year_quarter": 20141,
            "year": 2014,
            "quarter": 1,
            "eps": 0.21,
            "eps_growth_year": null,
            "eps_4q": 3.08,
            "eps_4q_growth_year": 101.22,
            "roe": 1.3,
            "roe_4q": 19.73,
            "gross_profit": 200468,
            "gross_margin": 28.3,
            "gross_margin_4q_avg": 22.2,
            "net_income": 22146,
            "net_income_4q": null,
            "revenue": 708471,
            "revenue_4q": null,
            "common_shares": 1034817,
            "book_valuer_per_share": 16.6,
            "book_valuer_per_share_4q_avg": 15.52,
            "equity": 1717734,
            "current_ratio": 188.34,
            "debt_ratio": 50.63,
            "inventory_turnover_ratio": 0.59,
            "account_receivable_turnover_ratio": 0.7,
            "reinvestment_rate": 13.72,
            "research_to_sale_ratio": 0.75,
            "price_fair": 83.53,
            "eps_avg_yearly": 2.39,
            "eps_latest_yearly": 0.84,
            "eps_growth_yearly": 755.6
        },
        "20142": {
            "year_quarter": 20142,
            "year": 2014,
            "quarter": 2,
            "eps": -0.07,
            "eps_growth_year": -108.54,
            "eps_4q": 2.18,
            "eps_4q_growth_year": 32.36,
            "roe": -0.43,
            "roe_4q": 13.850000000000001,
            "gross_profit": 185384,
            "gross_margin": 22.1,
            "gross_margin_4q_avg": 21.81,
            "net_income": -7041,
            "net_income_4q": null,
            "revenue": 838995,
            "revenue_4q": null,
            "common_shares": 1034817,
            "book_valuer_per_share": 15.02,
            "book_valuer_per_share_4q_avg": 15.65,
            "equity": 1554584,
            "current_ratio": 171.08,
            "debt_ratio": 55.56,
            "inventory_turnover_ratio": 0.64,
            "account_receivable_turnover_ratio": 1.34,
            "reinvestment_rate": 23.44,
            "research_to_sale_ratio": 0.68,
            "price_fair": 83.53,
            "eps_avg_yearly": 2.39,
            "eps_latest_yearly": 0.84,
            "eps_growth_yearly": 755.6
        },
        "20143": {
            "year_quarter": 20143,
            "year": 2014,
            "quarter": 3,
            "eps": -0.6,
            "eps_growth_year": -561.54,
            "eps_4q": 1.43,
            "eps_4q_growth_year": 49.04,
            "roe": -4.14,
            "roe_4q": 8.8,
            "gross_profit": 110244,
            "gross_margin": 15.14,
            "gross_margin_4q_avg": 21.94,
            "net_income": -63129,
            "net_income_4q": null,
            "revenue": 728337,
            "revenue_4q": null,
            "common_shares": 1034817,
            "book_valuer_per_share": 14.41,
            "book_valuer_per_share_4q_avg": 15.61,
            "equity": 1491600,
            "current_ratio": 152.17,
            "debt_ratio": 62.13,
            "inventory_turnover_ratio": 0.49,
            "account_receivable_turnover_ratio": 1.08,
            "reinvestment_rate": 27.38,
            "research_to_sale_ratio": 0.87,
            "price_fair": 89.95,
            "eps_avg_yearly": 2.57,
            "eps_latest_yearly": 0.84,
            "eps_growth_yearly": 612.55
        },
        "20144": {
            "year_quarter": 20144,
            "year": 2014,
            "quarter": 4,
            "eps": -0.37,
            "eps_growth_year": -119.44,
            "eps_4q": -0.83,
            "eps_4q_growth_year": -135.06,
            "roe": -2.6,
            "roe_4q": -5.87,
            "gross_profit": 139323,
            "gross_margin": 13.1,
            "gross_margin_4q_avg": 19.66,
            "net_income": -38178,
            "net_income_4q": null,
            "revenue": 1063329,
            "revenue_4q": null,
            "common_shares": 1034817,
            "book_valuer_per_share": 14.01,
            "book_valuer_per_share_4q_avg": 15.01,
            "equity": 1450286,
            "current_ratio": 142.75,
            "debt_ratio": 66.1,
            "inventory_turnover_ratio": 0.65,
            "account_receivable_turnover_ratio": 1.38,
            "reinvestment_rate": 29.88,
            "research_to_sale_ratio": 0.63,
            "price_fair": 89.95,
            "eps_avg_yearly": 2.57,
            "eps_latest_yearly": 0.84,
            "eps_growth_yearly": 612.55
        },
        "20151": {
            "year_quarter": 20151,
            "year": 2015,
            "quarter": 1,
            "eps": -0.44,
            "eps_growth_year": -309.52,
            "eps_4q": -1.49,
            "eps_4q_growth_year": -148.32,
            "roe": -3.2,
            "roe_4q": -10.370000000000001,
            "gross_profit": 121038,
            "gross_margin": 15.22,
            "gross_margin_4q_avg": 16.39,
            "net_income": -45704,
            "net_income_4q": null,
            "revenue": 795453,
            "revenue_4q": null,
            "common_shares": 1034817,
            "book_valuer_per_share": 13.6,
            "book_valuer_per_share_4q_avg": 14.26,
            "equity": 1406885,
            "current_ratio": 145.14,
            "debt_ratio": 64.66,
            "inventory_turnover_ratio": 0.51,
            "account_receivable_turnover_ratio": 1.19,
            "reinvestment_rate": 29.5,
            "research_to_sale_ratio": 0.82,
            "price_fair": 89.95,
            "eps_avg_yearly": 2.57,
            "eps_latest_yearly": 0.84,
            "eps_growth_yearly": 612.55
        },
        "20152": {
            "year_quarter": 20152,
            "year": 2015,
            "quarter": 2,
            "eps": 0.5,
            "eps_growth_year": null,
            "eps_4q": -0.93,
            "eps_4q_growth_year": -142.45,
            "roe": 3.58,
            "roe_4q": -6.359999999999999,
            "gross_profit": 229186,
            "gross_margin": 20.1,
            "gross_margin_4q_avg": 15.89,
            "net_income": 51233,
            "net_income_4q": null,
            "revenue": 1140266,
            "revenue_4q": null,
            "common_shares": 1034817,
            "book_valuer_per_share": 14.09,
            "book_valuer_per_share_4q_avg": 14.03,
            "equity": 1457983,
            "current_ratio": 161.81,
            "debt_ratio": 57.95,
            "inventory_turnover_ratio": 0.89,
            "account_receivable_turnover_ratio": 1.81,
            "reinvestment_rate": 23.77,
            "research_to_sale_ratio": 0.42,
            "price_fair": 89.95,
            "eps_avg_yearly": 2.57,
            "eps_latest_yearly": 0.84,
            "eps_growth_yearly": 612.55
        },
        "20153": {
            "year_quarter": 20153,
            "year": 2015,
            "quarter": 3,
            "eps": -0.7,
            "eps_growth_year": null,
            "eps_4q": -1.03,
            "eps_4q_growth_year": -172.11,
            "roe": -5.12,
            "roe_4q": -7.34,
            "gross_profit": 75467,
            "gross_margin": 15.56,
            "gross_margin_4q_avg": 16,
            "net_income": -72239,
            "net_income_4q": null,
            "revenue": 485072,
            "revenue_4q": null,
            "common_shares": 1034817,
            "book_valuer_per_share": 13.44,
            "book_valuer_per_share_4q_avg": 13.79,
            "equity": 1363119,
            "current_ratio": 164.29,
            "debt_ratio": 56.28,
            "inventory_turnover_ratio": 0.48,
            "account_receivable_turnover_ratio": 0.81,
            "reinvestment_rate": 40.37,
            "research_to_sale_ratio": 1,
            "price_fair": 89.95,
            "eps_avg_yearly": 2.57,
            "eps_latest_yearly": 0.84,
            "eps_growth_yearly": 612.55
        },
        "20154": {
            "year_quarter": 20154,
            "year": 2015,
            "quarter": 4,
            "eps": -0.81,
            "eps_growth_year": null,
            "eps_4q": -1.47,
            "eps_4q_growth_year": null,
            "roe": -6.21,
            "roe_4q": -10.95,
            "gross_profit": 74869,
            "gross_margin": 10.71,
            "gross_margin_4q_avg": 15.4,
            "net_income": -81742,
            "net_income_4q": null,
            "revenue": 699204,
            "revenue_4q": null,
            "common_shares": 1034817,
            "book_valuer_per_share": 12.55,
            "book_valuer_per_share_4q_avg": 13.42,
            "equity": 1267435,
            "current_ratio": 149.96,
            "debt_ratio": 61.45,
            "inventory_turnover_ratio": 0.7,
            "account_receivable_turnover_ratio": 1.36,
            "reinvestment_rate": 48.35,
            "research_to_sale_ratio": 0.77,
            "price_fair": 97,
            "eps_avg_yearly": 2.77,
            "eps_latest_yearly": 0.84,
            "eps_growth_yearly": 746.29
        },
        "20161": {
            "year_quarter": 20161,
            "year": 2016,
            "quarter": 1,
            "eps": -0.63,
            "eps_growth_year": null,
            "eps_4q": -1.64,
            "eps_4q_growth_year": null,
            "roe": -5.11,
            "roe_4q": -12.860000000000001,
            "gross_profit": 94703,
            "gross_margin": 12.2,
            "gross_margin_4q_avg": 14.64,
            "net_income": -63131,
            "net_income_4q": null,
            "revenue": 776337,
            "revenue_4q": null,
            "common_shares": 1034817,
            "book_valuer_per_share": 11.93,
            "book_valuer_per_share_4q_avg": 13,
            "equity": 1204261,
            "current_ratio": 156.78,
            "debt_ratio": 57.96,
            "inventory_turnover_ratio": 0.74,
            "account_receivable_turnover_ratio": 1.67,
            "reinvestment_rate": 70.47,
            "research_to_sale_ratio": 0.69,
            "price_fair": 104.53,
            "eps_avg_yearly": 2.99,
            "eps_latest_yearly": 0.84,
            "eps_growth_yearly": 852.28
        },
        "20162": {
            "year_quarter": 20162,
            "year": 2016,
            "quarter": 2,
            "eps": -0.28,
            "eps_growth_year": -156,
            "eps_4q": -2.43,
            "eps_4q_growth_year": null,
            "roe": -2.41,
            "roe_4q": -18.85,
            "gross_profit": 127935,
            "gross_margin": 18.07,
            "gross_margin_4q_avg": 14.14,
            "net_income": -28636,
            "net_income_4q": null,
            "revenue": 708171,
            "revenue_4q": null,
            "common_shares": 1034817,
            "book_valuer_per_share": 11.64,
            "book_valuer_per_share_4q_avg": 12.39,
            "equity": 1175364,
            "current_ratio": 152.36,
            "debt_ratio": 59.76,
            "inventory_turnover_ratio": 0.62,
            "account_receivable_turnover_ratio": 1.65,
            "reinvestment_rate": 171.01,
            "research_to_sale_ratio": 0.56,
            "price_fair": 102.2,
            "eps_avg_yearly": 2.92,
            "eps_latest_yearly": 0.84,
            "eps_growth_yearly": 923.28
        },
        "20163": {
            "year_quarter": 20163,
            "year": 2016,
            "quarter": 3,
            "eps": -0.39,
            "eps_growth_year": null,
            "eps_4q": -2.1,
            "eps_4q_growth_year": null,
            "roe": -3.37,
            "roe_4q": -17.1,
            "gross_profit": 105014,
            "gross_margin": 16.05,
            "gross_margin_4q_avg": 14.26,
            "net_income": -38993,
            "net_income_4q": null,
            "revenue": 654339,
            "revenue_4q": null,
            "common_shares": 1034817,
            "book_valuer_per_share": 11.25,
            "book_valuer_per_share_4q_avg": 11.84,
            "equity": 1136066,
            "current_ratio": 140.08,
            "debt_ratio": 62.75,
            "inventory_turnover_ratio": 0.57,
            "account_receivable_turnover_ratio": 1.46,
            "reinvestment_rate": null,
            "research_to_sale_ratio": 0.59,
            "price_fair": 96.6,
            "eps_avg_yearly": 2.76,
            "eps_latest_yearly": 0.84,
            "eps_growth_yearly": 1146.87
        },
        "20164": {
            "year_quarter": 20164,
            "year": 2016,
            "quarter": 4,
            "eps": 1.48,
            "eps_growth_year": null,
            "eps_4q": 0.19,
            "eps_4q_growth_year": null,
            "roe": 12.27,
            "roe_4q": 1.3799999999999981,
            "gross_profit": 301506,
            "gross_margin": 17.86,
            "gross_margin_4q_avg": 16.05,
            "net_income": 149475,
            "net_income_4q": null,
            "revenue": 1687838,
            "revenue_4q": null,
            "common_shares": 1034817,
            "book_valuer_per_share": 12.89,
            "book_valuer_per_share_4q_avg": 11.93,
            "equity": 1301222,
            "current_ratio": 139.1,
            "debt_ratio": 65.16,
            "inventory_turnover_ratio": 1.67,
            "account_receivable_turnover_ratio": 2.03,
            "reinvestment_rate": 403.06,
            "research_to_sale_ratio": 0.37,
            "price_fair": 104.53,
            "eps_avg_yearly": 2.99,
            "eps_latest_yearly": 0.84,
            "eps_growth_yearly": 1584.59
        },
        "20171": {
            "year_quarter": 20171,
            "year": 2017,
            "quarter": 1,
            "eps": -0.41,
            "eps_growth_year": null,
            "eps_4q": 0.4,
            "eps_4q_growth_year": null,
            "roe": -3.2,
            "roe_4q": 3.29,
            "gross_profit": 118857,
            "gross_margin": 22.28,
            "gross_margin_4q_avg": 18.57,
            "net_income": -41039,
            "net_income_4q": null,
            "revenue": 533478,
            "revenue_4q": null,
            "common_shares": 1034817,
            "book_valuer_per_share": 12.48,
            "book_valuer_per_share_4q_avg": 12.07,
            "equity": 1259766,
            "current_ratio": 153.99,
            "debt_ratio": 58.17,
            "inventory_turnover_ratio": 0.58,
            "account_receivable_turnover_ratio": 0.57,
            "reinvestment_rate": 376.44,
            "research_to_sale_ratio": 0.84,
            "price_fair": 104.53,
            "eps_avg_yearly": 2.99,
            "eps_latest_yearly": 0.84,
            "eps_growth_yearly": 1584.59
        },
        "20172": {
            "year_quarter": 20172,
            "year": 2017,
            "quarter": 2,
            "eps": -0.43,
            "eps_growth_year": null,
            "eps_4q": 0.25,
            "eps_4q_growth_year": null,
            "roe": -3.54,
            "roe_4q": 2.1599999999999993,
            "gross_profit": 106516,
            "gross_margin": 17.89,
            "gross_margin_4q_avg": 18.52,
            "net_income": -43772,
            "net_income_4q": null,
            "revenue": 595368,
            "revenue_4q": null,
            "common_shares": 1034817,
            "book_valuer_per_share": 12.04,
            "book_valuer_per_share_4q_avg": 12.17,
            "equity": 1216151,
            "current_ratio": 148.96,
            "debt_ratio": 59.3,
            "inventory_turnover_ratio": 0.6,
            "account_receivable_turnover_ratio": 0.95,
            "reinvestment_rate": null,
            "research_to_sale_ratio": 0.6,
            "price_fair": 104.53,
            "eps_avg_yearly": 2.99,
            "eps_latest_yearly": 0.84,
            "eps_growth_yearly": 1584.59
        },
        "20173": {
            "year_quarter": 20173,
            "year": 2017,
            "quarter": 3,
            "eps": 1.53,
            "eps_growth_year": null,
            "eps_4q": 2.17,
            "eps_4q_growth_year": null,
            "roe": 11.91,
            "roe_4q": 17.44,
            "gross_profit": 370438,
            "gross_margin": 23.52,
            "gross_margin_4q_avg": 20.39,
            "net_income": 154059,
            "net_income_4q": null,
            "revenue": 1575063,
            "revenue_4q": null,
            "common_shares": 1034817,
            "book_valuer_per_share": 13.57,
            "book_valuer_per_share_4q_avg": 12.75,
            "equity": 1370324,
            "current_ratio": 155.38,
            "debt_ratio": 57.78,
            "inventory_turnover_ratio": 1.4,
            "account_receivable_turnover_ratio": 1.81,
            "reinvestment_rate": 180.22,
            "research_to_sale_ratio": 0.21,
            "price_fair": 147.7,
            "eps_avg_yearly": 4.22,
            "eps_latest_yearly": 0.84,
            "eps_growth_yearly": 2545.18
        },
        "20174": {
            "year_quarter": 20174,
            "year": 2017,
            "quarter": 4,
            "eps": 0.46,
            "eps_growth_year": -68.84,
            "eps_4q": 1.13,
            "eps_4q_growth_year": 509.98,
            "roe": 3.36,
            "roe_4q": 8.530000000000001,
            "gross_profit": 229459,
            "gross_margin": 18.94,
            "gross_margin_4q_avg": 20.66,
            "net_income": 47736,
            "net_income_4q": null,
            "revenue": 1211476,
            "revenue_4q": null,
            "common_shares": 1034817,
            "book_valuer_per_share": 14.18,
            "book_valuer_per_share_4q_avg": 13.07,
            "equity": 1467489,
            "current_ratio": 149.12,
            "debt_ratio": 61.13,
            "inventory_turnover_ratio": 1.11,
            "account_receivable_turnover_ratio": 1.08,
            "reinvestment_rate": null,
            "research_to_sale_ratio": 0.27,
            "price_fair": 4.02,
            "eps_avg_yearly": 1.34,
            "eps_latest_yearly": 1.84,
            "eps_growth_yearly": -317.76
        },
        "20181": {
            "year_quarter": 20181,
            "year": 2018,
            "quarter": 1,
            "eps": -0.27,
            "eps_growth_year": null,
            "eps_4q": 1.25,
            "eps_4q_growth_year": 210.51,
            "roe": -1.94,
            "roe_4q": 9.79,
            "gross_profit": 138735,
            "gross_margin": 18.71,
            "gross_margin_4q_avg": 19.77,
            "net_income": -28176,
            "net_income_4q": null,
            "revenue": 741320,
            "revenue_4q": null,
            "common_shares": 1034817,
            "book_valuer_per_share": 13.91,
            "book_valuer_per_share_4q_avg": 13.43,
            "equity": 1439448,
            "current_ratio": 162.15,
            "debt_ratio": 56.7,
            "inventory_turnover_ratio": 0.62,
            "account_receivable_turnover_ratio": 0.78,
            "reinvestment_rate": null,
            "research_to_sale_ratio": 0.55,
            "price_fair": 5.52,
            "eps_avg_yearly": 1.84,
            "eps_latest_yearly": 1.84,
            "eps_growth_yearly": -279.74
        },
        "20182": {
            "year_quarter": 20182,
            "year": 2018,
            "quarter": 2,
            "eps": 0.03,
            "eps_growth_year": null,
            "eps_4q": 1.7,
            "eps_4q_growth_year": 570.49,
            "roe": 0.2,
            "roe_4q": 13.53,
            "gross_profit": 189200,
            "gross_margin": 21.3,
            "gross_margin_4q_avg": 20.62,
            "net_income": 2764,
            "net_income_4q": null,
            "revenue": 888327,
            "revenue_4q": null,
            "common_shares": 1034817,
            "book_valuer_per_share": 13.44,
            "book_valuer_per_share_4q_avg": 13.78,
            "equity": 1390396,
            "current_ratio": 157.89,
            "debt_ratio": 58.01,
            "inventory_turnover_ratio": 0.71,
            "account_receivable_turnover_ratio": 1.08,
            "reinvestment_rate": null,
            "research_to_sale_ratio": 0.61,
            "price_fair": 5.52,
            "eps_avg_yearly": 1.84,
            "eps_latest_yearly": 1.84,
            "eps_growth_yearly": -279.74
        },
        "20183": {
            "year_quarter": 20183,
            "year": 2018,
            "quarter": 3,
            "eps": 0.42,
            "eps_growth_year": -72.55,
            "eps_4q": 0.63,
            "eps_4q_growth_year": -70.77,
            "roe": 3.06,
            "roe_4q": 4.68,
            "gross_profit": 230818,
            "gross_margin": 21.13,
            "gross_margin_4q_avg": 20.02,
            "net_income": 43198,
            "net_income_4q": null,
            "revenue": 1092273,
            "revenue_4q": null,
            "common_shares": 1034817,
            "book_valuer_per_share": 13.85,
            "book_valuer_per_share_4q_avg": 13.85,
            "equity": 1433338,
            "current_ratio": 172.4,
            "debt_ratio": 53.11,
            "inventory_turnover_ratio": 0.95,
            "account_receivable_turnover_ratio": 1.22,
            "reinvestment_rate": null,
            "research_to_sale_ratio": 0.42,
            "price_fair": 61.6,
            "eps_avg_yearly": 1.76,
            "eps_latest_yearly": 1.68,
            "eps_growth_yearly": 2460.13
        },
        "20184": {
            "year_quarter": 20184,
            "year": 2018,
            "quarter": 4,
            "eps": 0.83,
            "eps_growth_year": 79.91,
            "eps_4q": 1,
            "eps_4q_growth_year": -11.38,
            "roe": 5.86,
            "roe_4q": 7.18,
            "gross_profit": 346655,
            "gross_margin": 21.38,
            "gross_margin_4q_avg": 20.63,
            "net_income": 85883,
            "net_income_4q": null,
            "revenue": 1621036,
            "revenue_4q": null,
            "common_shares": 1034817,
            "book_valuer_per_share": 14.47,
            "book_valuer_per_share_4q_avg": 13.92,
            "equity": 1497086,
            "current_ratio": 161.35,
            "debt_ratio": 57.75,
            "inventory_turnover_ratio": 1.72,
            "account_receivable_turnover_ratio": 1.26,
            "reinvestment_rate": -61.97,
            "research_to_sale_ratio": 0.35,
            "price_fair": 79.8,
            "eps_avg_yearly": 2.28,
            "eps_latest_yearly": 3.32,
            "eps_growth_yearly": 1770.25
        },
        "20191": {
            "year_quarter": 20191,
            "year": 2019,
            "quarter": 1,
            "eps": -0.07,
            "eps_growth_year": null,
            "eps_4q": 1.2,
            "eps_4q_growth_year": -4.24,
            "roe": -0.5,
            "roe_4q": 8.62,
            "gross_profit": 188366,
            "gross_margin": 24.12,
            "gross_margin_4q_avg": 21.98,
            "net_income": -7500,
            "net_income_4q": null,
            "revenue": 780977,
            "revenue_4q": null,
            "common_shares": 1034817,
            "book_valuer_per_share": 14.39,
            "book_valuer_per_share_4q_avg": 14.04,
            "equity": 1489513,
            "current_ratio": 168.64,
            "debt_ratio": 54.75,
            "inventory_turnover_ratio": 0.9,
            "account_receivable_turnover_ratio": 0.6,
            "reinvestment_rate": -42.89,
            "research_to_sale_ratio": 0.66,
            "price_fair": 79.8,
            "eps_avg_yearly": 2.28,
            "eps_latest_yearly": 3.32,
            "eps_growth_yearly": 1770.25
        },
        "20192": {
            "year_quarter": 20192,
            "year": 2019,
            "quarter": 2,
            "eps": -0.49,
            "eps_growth_year": -1733.33,
            "eps_4q": 0.69,
            "eps_4q_growth_year": -59.6,
            "roe": -3.47,
            "roe_4q": 4.95,
            "gross_profit": 157637,
            "gross_margin": 22.1,
            "gross_margin_4q_avg": 22.18,
            "net_income": -50325,
            "net_income_4q": null,
            "revenue": 713202,
            "revenue_4q": null,
            "common_shares": 1034817,
            "book_valuer_per_share": 13.61,
            "book_valuer_per_share_4q_avg": 14.08,
            "equity": 1408061,
            "current_ratio": 157.64,
            "debt_ratio": 57.58,
            "inventory_turnover_ratio": 0.64,
            "account_receivable_turnover_ratio": 0.89,
            "reinvestment_rate": -176.58,
            "research_to_sale_ratio": 0.63,
            "price_fair": 79.8,
            "eps_avg_yearly": 2.28,
            "eps_latest_yearly": 3.32,
            "eps_growth_yearly": 1770.25
        },
        "20193": {
            "year_quarter": 20193,
            "year": 2019,
            "quarter": 3,
            "eps": 0.2,
            "eps_growth_year": -52.38,
            "eps_4q": 0.42,
            "eps_4q_growth_year": -34.14,
            "roe": 1.49,
            "roe_4q": 3.38,
            "gross_profit": 243997,
            "gross_margin": 21.54,
            "gross_margin_4q_avg": 22.29,
            "net_income": 23187,
            "net_income_4q": null,
            "revenue": 1132834,
            "revenue_4q": null,
            "common_shares": 1228817,
            "book_valuer_per_share": 13.81,
            "book_valuer_per_share_4q_avg": 14.07,
            "equity": 1696779,
            "current_ratio": 160.15,
            "debt_ratio": 57.73,
            "inventory_turnover_ratio": 0.78,
            "account_receivable_turnover_ratio": 1.23,
            "reinvestment_rate": -48.11,
            "research_to_sale_ratio": 0.48,
            "price_fair": 79.8,
            "eps_avg_yearly": 2.28,
            "eps_latest_yearly": 3.32,
            "eps_growth_yearly": 1770.25
        },
        "20194": {
            "year_quarter": 20194,
            "year": 2019,
            "quarter": 4,
            "eps": 0.96,
            "eps_growth_year": 15.36,
            "eps_4q": 0.68,
            "eps_4q_growth_year": -32.57,
            "roe": 6.74,
            "roe_4q": 4.26,
            "gross_profit": 417403,
            "gross_margin": 21.95,
            "gross_margin_4q_avg": 22.43,
            "net_income": 117645,
            "net_income_4q": null,
            "revenue": 1901254,
            "revenue_4q": null,
            "common_shares": 1228817,
            "book_valuer_per_share": 14.6,
            "book_valuer_per_share_4q_avg": 14.1,
            "equity": 1793969,
            "current_ratio": 159.03,
            "debt_ratio": 58.96,
            "inventory_turnover_ratio": 1.3,
            "account_receivable_turnover_ratio": 1.35,
            "reinvestment_rate": -14.54,
            "research_to_sale_ratio": 0.3,
            "price_fair": 93.45,
            "eps_avg_yearly": 2.67,
            "eps_latest_yearly": 3.84,
            "eps_growth_yearly": 1707.68
        },
        "20201": {
            "year_quarter": 20201,
            "year": 2020,
            "quarter": 1,
            "eps": -0.47,
            "eps_growth_year": null,
            "eps_4q": 0.27,
            "eps_4q_growth_year": -77.25,
            "roe": -3.25,
            "roe_4q": 1.5100000000000002,
            "gross_profit": 176099,
            "gross_margin": 19.89,
            "gross_margin_4q_avg": 21.37,
            "net_income": -57170,
            "net_income_4q": null,
            "revenue": 885191,
            "revenue_4q": null,
            "common_shares": 1228817,
            "book_valuer_per_share": 14.14,
            "book_valuer_per_share_4q_avg": 14.04,
            "equity": 1724728,
            "current_ratio": 163.43,
            "debt_ratio": 57.03,
            "inventory_turnover_ratio": 0.66,
            "account_receivable_turnover_ratio": 0.76,
            "reinvestment_rate": -13.48,
            "research_to_sale_ratio": 0.58,
            "price_fair": 93.45,
            "eps_avg_yearly": 2.67,
            "eps_latest_yearly": 3.84,
            "eps_growth_yearly": 1707.68
        },
        "20202": {
            "year_quarter": 20202,
            "year": 2020,
            "quarter": 2,
            "eps": -0.02,
            "eps_growth_year": null,
            "eps_4q": 0.68,
            "eps_4q_growth_year": -0.66,
            "roe": -0.15,
            "roe_4q": 4.83,
            "gross_profit": 200052,
            "gross_margin": 22.14,
            "gross_margin_4q_avg": 21.38,
            "net_income": -2573,
            "net_income_4q": null,
            "revenue": 903391,
            "revenue_4q": null,
            "common_shares": 1228817,
            "book_valuer_per_share": 13.71,
            "book_valuer_per_share_4q_avg": 14.07,
            "equity": 1625072,
            "current_ratio": 147.28,
            "debt_ratio": 62.95,
            "inventory_turnover_ratio": 0.57,
            "account_receivable_turnover_ratio": 1.07,
            "reinvestment_rate": -9.47,
            "research_to_sale_ratio": 0.56,
            "price_fair": 93.45,
            "eps_avg_yearly": 2.67,
            "eps_latest_yearly": 3.84,
            "eps_growth_yearly": 1707.68
        },
        "20203": {
            "year_quarter": 20203,
            "year": 2020,
            "quarter": 3,
            "eps": -0.4,
            "eps_growth_year": -300,
            "eps_4q": 0.09,
            "eps_4q_growth_year": -79.07,
            "roe": -2.97,
            "roe_4q": 0.3700000000000001,
            "gross_profit": 222168,
            "gross_margin": 21.9,
            "gross_margin_4q_avg": 21.47,
            "net_income": -47557,
            "net_income_4q": null,
            "revenue": 1014604,
            "revenue_4q": null,
            "common_shares": 1228817,
            "book_valuer_per_share": 13.31,
            "book_valuer_per_share_4q_avg": 13.94,
            "equity": 1577862,
            "current_ratio": 145.71,
            "debt_ratio": 63.14,
            "inventory_turnover_ratio": 0.55,
            "account_receivable_turnover_ratio": 1.14,
            "reinvestment_rate": -6.97,
            "research_to_sale_ratio": 0.56,
            "price_fair": 93.45,
            "eps_avg_yearly": 2.67,
            "eps_latest_yearly": 3.84,
            "eps_growth_yearly": 1707.68
        },
        "20204": {
            "year_quarter": 20204,
            "year": 2020,
            "quarter": 4,
            "eps": 0.93,
            "eps_growth_year": -3.21,
            "eps_4q": 0.02,
            "eps_4q_growth_year": -96.81,
            "roe": 6.47,
            "roe_4q": 0.09999999999999964,
            "gross_profit": 370298,
            "gross_margin": 22.05,
            "gross_margin_4q_avg": 21.5,
            "net_income": 109852,
            "net_income_4q": null,
            "revenue": 1679109,
            "revenue_4q": null,
            "common_shares": 1228817,
            "book_valuer_per_share": 15.36,
            "book_valuer_per_share_4q_avg": 14.13,
            "equity": 1820277,
            "current_ratio": 146.58,
            "debt_ratio": 60.95,
            "inventory_turnover_ratio": 0.87,
            "account_receivable_turnover_ratio": 1.63,
            "reinvestment_rate": -12.98,
            "research_to_sale_ratio": 0.37,
            "price_fair": 93.45,
            "eps_avg_yearly": 2.67,
            "eps_latest_yearly": 3.84,
            "eps_growth_yearly": 1707.68
        },
        "20211": {
            "year_quarter": 20211,
            "year": 2021,
            "quarter": 1,
            "eps": -0.04,
            "eps_growth_year": null,
            "eps_4q": 0.46,
            "eps_4q_growth_year": 68.15,
            "roe": -0.29,
            "roe_4q": 3.0599999999999996,
            "gross_profit": 265449,
            "gross_margin": 27.48,
            "gross_margin_4q_avg": 23.39,
            "net_income": -5237,
            "net_income_4q": null,
            "revenue": 966080,
            "revenue_4q": null,
            "common_shares": 1228817,
            "book_valuer_per_share": 14.87,
            "book_valuer_per_share_4q_avg": 14.31,
            "equity": 1762937,
            "current_ratio": 146.06,
            "debt_ratio": 61.68,
            "inventory_turnover_ratio": 0.44,
            "account_receivable_turnover_ratio": 0.82,
            "reinvestment_rate": -9.08,
            "research_to_sale_ratio": 0.61,
            "price_fair": 93.45,
            "eps_avg_yearly": 2.67,
            "eps_latest_yearly": 3.84,
            "eps_growth_yearly": 1707.68
        },
        "20212": {
            "year_quarter": 20212,
            "year": 2021,
            "quarter": 2,
            "eps": -0.37,
            "eps_growth_year": null,
            "eps_4q": 0.11,
            "eps_4q_growth_year": -84.36,
            "roe": -2.51,
            "roe_4q": 0.6999999999999997,
            "gross_profit": 211805,
            "gross_margin": 20.36,
            "gross_margin_4q_avg": 22.95,
            "net_income": -44377,
            "net_income_4q": null,
            "revenue": 1040393,
            "revenue_4q": null,
            "common_shares": 1228817,
            "book_valuer_per_share": 14.92,
            "book_valuer_per_share_4q_avg": 14.62,
            "equity": 1768197,
            "current_ratio": 157.62,
            "debt_ratio": 63.2,
            "inventory_turnover_ratio": 0.47,
            "account_receivable_turnover_ratio": 0.97,
            "reinvestment_rate": -9.02,
            "research_to_sale_ratio": 1.62,
            "price_fair": 93.45,
            "eps_avg_yearly": 2.67,
            "eps_latest_yearly": 3.84,
            "eps_growth_yearly": 1707.68
        },
        "20213": {
            "year_quarter": 20213,
            "year": 2021,
            "quarter": 3,
            "eps": 1.63,
            "eps_growth_year": null,
            "eps_4q": 2.1,
            "eps_4q_growth_year": 2307.92,
            "roe": 10.33,
            "roe_4q": 14,
            "gross_profit": 551149,
            "gross_margin": 20.83,
            "gross_margin_4q_avg": 22.68,
            "net_income": 193497,
            "net_income_4q": null,
            "revenue": 2645575,
            "revenue_4q": null,
            "common_shares": 1250885,
            "book_valuer_per_share": 16.39,
            "book_valuer_per_share_4q_avg": 15.39,
            "equity": 1978780,
            "current_ratio": 148.38,
            "debt_ratio": 66.08,
            "inventory_turnover_ratio": 1.12,
            "account_receivable_turnover_ratio": 2.02,
            "reinvestment_rate": -8.75,
            "research_to_sale_ratio": 0.64,
            "price_fair": 93.45,
            "eps_avg_yearly": 2.67,
            "eps_latest_yearly": 3.84,
            "eps_growth_yearly": 1707.68
        },
        "20214": {
            "year_quarter": 20214,
            "year": 2021,
            "quarter": 4,
            "eps": 0.21,
            "eps_growth_year": -76.94,
            "eps_4q": 1.33,
            "eps_4q_growth_year": 6059.34,
            "roe": 1.34,
            "roe_4q": 8.870000000000001,
            "gross_profit": 343452,
            "gross_margin": 22.29,
            "gross_margin_4q_avg": 22.74,
            "net_income": 27640,
            "net_income_4q": null,
            "revenue": 1540684,
            "revenue_4q": null,
            "common_shares": 1336934,
            "book_valuer_per_share": 16.71,
            "book_valuer_per_share_4q_avg": 15.72,
            "equity": 2161587,
            "current_ratio": 153.19,
            "debt_ratio": 61.07,
            "inventory_turnover_ratio": 0.64,
            "account_receivable_turnover_ratio": 1.05,
            "reinvestment_rate": -14.68,
            "research_to_sale_ratio": 1.09,
            "price_fair": 84.7,
            "eps_avg_yearly": 2.42,
            "eps_latest_yearly": 0.84,
            "eps_growth_yearly": 1690.5
        },
        "20221": {
            "year_quarter": 20221,
            "year": 2022,
            "quarter": 1,
            "eps": -0.54,
            "eps_growth_year": null,
            "eps_4q": 0.82,
            "eps_4q_growth_year": 78.85,
            "roe": -3.34,
            "roe_4q": 5.82,
            "gross_profit": 191470,
            "gross_margin": 18.08,
            "gross_margin_4q_avg": 20.39,
            "net_income": -70425,
            "net_income_4q": null,
            "revenue": 1058876,
            "revenue_4q": null,
            "common_shares": 1336934,
            "book_valuer_per_share": 15.84,
            "book_valuer_per_share_4q_avg": 15.97,
            "equity": 2049183,
            "current_ratio": 153.95,
            "debt_ratio": 61.08,
            "inventory_turnover_ratio": 0.47,
            "account_receivable_turnover_ratio": 0.82,
            "reinvestment_rate": -0.12,
            "research_to_sale_ratio": 1.57,
            "price_fair": 84.7,
            "eps_avg_yearly": 2.42,
            "eps_latest_yearly": 0.84,
            "eps_growth_yearly": 1690.5
        },
        "20222": {
            "year_quarter": 20222,
            "year": 2022,
            "quarter": 2,
            "eps": -0.18,
            "eps_growth_year": null,
            "eps_4q": 0.99,
            "eps_4q_growth_year": 825.45,
            "roe": -1.12,
            "roe_4q": 7.21,
            "gross_profit": 229003,
            "gross_margin": 24.83,
            "gross_margin_4q_avg": 21.51,
            "net_income": -22652,
            "net_income_4q": null,
            "revenue": 922194,
            "revenue_4q": null,
            "common_shares": 1336934,
            "book_valuer_per_share": 15.34,
            "book_valuer_per_share_4q_avg": 16.07,
            "equity": 1984875,
            "current_ratio": 152.3,
            "debt_ratio": 61.5,
            "inventory_turnover_ratio": 0.37,
            "account_receivable_turnover_ratio": 0.84,
            "reinvestment_rate": 1.43,
            "research_to_sale_ratio": 2.02,
            "price_fair": 84.7,
            "eps_avg_yearly": 2.42,
            "eps_latest_yearly": 0.84,
            "eps_growth_yearly": 1690.5
        },
        "20223": {
            "year_quarter": 20223,
            "year": 2022,
            "quarter": 3,
            "eps": 0.58,
            "eps_growth_year": -64.42,
            "eps_4q": 0.08,
            "eps_4q_growth_year": -96.38,
            "roe": 3.73,
            "roe_4q": 0.6100000000000001,
            "gross_profit": 322566,
            "gross_margin": 18.61,
            "gross_margin_4q_avg": 20.95,
            "net_income": 75276,
            "net_income_4q": null,
            "revenue": 1733722,
            "revenue_4q": null,
            "common_shares": 1337776,
            "book_valuer_per_share": 15.82,
            "book_valuer_per_share_4q_avg": 15.93,
            "equity": 2048030,
            "current_ratio": 153.21,
            "debt_ratio": 61.05,
            "inventory_turnover_ratio": 0.75,
            "account_receivable_turnover_ratio": 1.4,
            "reinvestment_rate": 5.15,
            "research_to_sale_ratio": 0.76,
            "price_fair": 93.33,
            "eps_avg_yearly": 2.67,
            "eps_latest_yearly": 0.84,
            "eps_growth_yearly": 520.67
        },
        "20224": {
            "year_quarter": 20224,
            "year": 2022,
            "quarter": 4,
            "eps": 1.17,
            "eps_growth_year": 449.33,
            "eps_4q": 1.04,
            "eps_4q_growth_year": -21.59,
            "roe": 7.23,
            "roe_4q": 6.5,
            "gross_profit": 481064,
            "gross_margin": 20.22,
            "gross_margin_4q_avg": 20.44,
            "net_income": 155898,
            "net_income_4q": null,
            "revenue": 2379656,
            "revenue_4q": null,
            "common_shares": 1337776,
            "book_valuer_per_share": 17.05,
            "book_valuer_per_share_4q_avg": 16.01,
            "equity": 2264881,
            "current_ratio": 163.43,
            "debt_ratio": 57.49,
            "inventory_turnover_ratio": 1.26,
            "account_receivable_turnover_ratio": 1.34,
            "reinvestment_rate": 3.55,
            "research_to_sale_ratio": 0.44,
            "price_fair": 109.2,
            "eps_avg_yearly": 3.12,
            "eps_latest_yearly": 4.68,
            "eps_growth_yearly": 526.14
        },
        "20231": {
            "year_quarter": 20231,
            "year": 2023,
            "quarter": 1,
            "eps": -0.16,
            "eps_growth_year": null,
            "eps_4q": 1.39,
            "eps_4q_growth_year": 68.91,
            "roe": -0.89,
            "roe_4q": 8.95,
            "gross_profit": 273474,
            "gross_margin": 19.89,
            "gross_margin_4q_avg": 20.89,
            "net_income": -20697,
            "net_income_4q": null,
            "revenue": 1374878,
            "revenue_4q": null,
            "common_shares": 1362315,
            "book_valuer_per_share": 17.57,
            "book_valuer_per_share_4q_avg": 16.45,
            "equity": 2376366,
            "current_ratio": 156.98,
            "debt_ratio": 58.02,
            "inventory_turnover_ratio": 0.92,
            "account_receivable_turnover_ratio": 0.72,
            "reinvestment_rate": 5.43,
            "research_to_sale_ratio": 0.91,
            "price_fair": 109.2,
            "eps_avg_yearly": 3.12,
            "eps_latest_yearly": 4.68,
            "eps_growth_yearly": 526.14
        },
        "20232": {
            "year_quarter": 20232,
            "year": 2023,
            "quarter": 2,
            "eps": -0.61,
            "eps_growth_year": null,
            "eps_4q": 0.91,
            "eps_4q_growth_year": -7.71,
            "roe": -3.57,
            "roe_4q": 6.5,
            "gross_profit": 185002,
            "gross_margin": 25.38,
            "gross_margin_4q_avg": 21.03,
            "net_income": -83119,
            "net_income_4q": null,
            "revenue": 728795,
            "revenue_4q": null,
            "common_shares": 1403542,
            "book_valuer_per_share": 16.31,
            "book_valuer_per_share_4q_avg": 16.69,
            "equity": 2274028,
            "current_ratio": 172.26,
            "debt_ratio": 51.82,
            "inventory_turnover_ratio": 0.42,
            "account_receivable_turnover_ratio": 0.6,
            "reinvestment_rate": 3.72,
            "research_to_sale_ratio": 1.68,
            "price_fair": 109.2,
            "eps_avg_yearly": 3.12,
            "eps_latest_yearly": 4.68,
            "eps_growth_yearly": 526.14
        }
    },
    "months": {
        "2002-03": {
            "month": "2002-03",
            "price": "42.94",
            "revenue": 42033
        },
        "2002-04": {
            "month": "2002-04",
            "price": "40.18",
            "revenue": 32374
        },
        "2002-05": {
            "month": "2002-05",
            "price": "27.55",
            "revenue": 72974
        },
        "2002-06": {
            "month": "2002-06",
            "price": "26.80",
            "revenue": 89944
        },
        "2002-07": {
            "month": "2002-07",
            "price": "22.06",
            "revenue": 91749
        },
        "2002-08": {
            "month": "2002-08",
            "price": "19.15",
            "revenue": 178468
        },
        "2002-09": {
            "month": "2002-09",
            "price": "15.92",
            "revenue": 210127
        },
        "2002-10": {
            "month": "2002-10",
            "price": "13.94",
            "revenue": 171531
        },
        "2002-11": {
            "month": "2002-11",
            "price": "13.78",
            "revenue": 179234
        },
        "2002-12": {
            "month": "2002-12",
            "price": "18.68",
            "revenue": 452467
        },
        "2003-01": {
            "month": "2003-01",
            "price": "18.28",
            "revenue": 30529
        },
        "2003-02": {
            "month": "2003-02",
            "price": "15.50",
            "revenue": 95982
        },
        "2003-03": {
            "month": "2003-03",
            "price": "13.07",
            "revenue": 101094
        },
        "2003-04": {
            "month": "2003-04",
            "price": "11.67",
            "revenue": 74743
        },
        "2003-05": {
            "month": "2003-05",
            "price": "10.10",
            "revenue": 34551
        },
        "2003-06": {
            "month": "2003-06",
            "price": "11.73",
            "revenue": 59120
        },
        "2003-07": {
            "month": "2003-07",
            "price": "12.11",
            "revenue": 25299
        },
        "2003-08": {
            "month": "2003-08",
            "price": "10.70",
            "revenue": 58619
        },
        "2003-09": {
            "month": "2003-09",
            "price": "9.86",
            "revenue": 34295
        },
        "2003-10": {
            "month": "2003-10",
            "price": "8.99",
            "revenue": 77793
        },
        "2003-11": {
            "month": "2003-11",
            "price": "8.47",
            "revenue": 95461
        },
        "2003-12": {
            "month": "2003-12",
            "price": "9.71",
            "revenue": 338332
        },
        "2004-01": {
            "month": "2004-01",
            "price": "10.05",
            "revenue": 44776
        },
        "2004-02": {
            "month": "2004-02",
            "price": "11.93",
            "revenue": 104049
        },
        "2004-03": {
            "month": "2004-03",
            "price": "11.57",
            "revenue": 322677
        },
        "2004-04": {
            "month": "2004-04",
            "price": "11.72",
            "revenue": 22084
        },
        "2004-05": {
            "month": "2004-05",
            "price": "9.67",
            "revenue": 57227
        },
        "2004-06": {
            "month": "2004-06",
            "price": "9.32",
            "revenue": 130061
        },
        "2004-07": {
            "month": "2004-07",
            "price": "7.92",
            "revenue": 106126
        },
        "2004-08": {
            "month": "2004-08",
            "price": "6.80",
            "revenue": 47813
        },
        "2004-09": {
            "month": "2004-09",
            "price": "5.77",
            "revenue": 29200
        },
        "2004-10": {
            "month": "2004-10",
            "price": "5.45",
            "revenue": 38153
        },
        "2004-11": {
            "month": "2004-11",
            "price": "5.51",
            "revenue": 28898
        },
        "2004-12": {
            "month": "2004-12",
            "price": "5.80",
            "revenue": 477519
        },
        "2005-01": {
            "month": "2005-01",
            "price": "7.13",
            "revenue": 154170
        },
        "2005-02": {
            "month": "2005-02",
            "price": "7.89",
            "revenue": 41177
        },
        "2005-03": {
            "month": "2005-03",
            "price": "10.61",
            "revenue": 95463
        },
        "2005-04": {
            "month": "2005-04",
            "price": "10.63",
            "revenue": 69406
        },
        "2005-05": {
            "month": "2005-05",
            "price": "10.30",
            "revenue": 197830
        },
        "2005-06": {
            "month": "2005-06",
            "price": "14.24",
            "revenue": 235014
        },
        "2005-07": {
            "month": "2005-07",
            "price": "14.74",
            "revenue": 46370
        },
        "2005-08": {
            "month": "2005-08",
            "price": "11.75",
            "revenue": 235650
        },
        "2005-09": {
            "month": "2005-09",
            "price": "11.79",
            "revenue": 176202
        },
        "2005-10": {
            "month": "2005-10",
            "price": "10.64",
            "revenue": 23356
        },
        "2005-11": {
            "month": "2005-11",
            "price": "8.90",
            "revenue": 93833
        },
        "2005-12": {
            "month": "2005-12",
            "price": "8.48",
            "revenue": 277397
        },
        "2006-01": {
            "month": "2006-01",
            "price": "8.30",
            "revenue": 18637
        },
        "2006-02": {
            "month": "2006-02",
            "price": "7.17",
            "revenue": 286347
        },
        "2006-03": {
            "month": "2006-03",
            "price": "7.15",
            "revenue": 562842
        },
        "2006-04": {
            "month": "2006-04",
            "price": "9.17",
            "revenue": 57394
        },
        "2006-05": {
            "month": "2006-05",
            "price": "10.00",
            "revenue": 159052
        },
        "2006-06": {
            "month": "2006-06",
            "price": "7.96",
            "revenue": 264268
        },
        "2006-07": {
            "month": "2006-07",
            "price": "8.82",
            "revenue": 450017
        },
        "2006-08": {
            "month": "2006-08",
            "price": "9.55",
            "revenue": 578412
        },
        "2006-09": {
            "month": "2006-09",
            "price": "9.02",
            "revenue": 247577
        },
        "2006-10": {
            "month": "2006-10",
            "price": "9.00",
            "revenue": 237180
        },
        "2006-11": {
            "month": "2006-11",
            "price": "8.22",
            "revenue": 238339
        },
        "2006-12": {
            "month": "2006-12",
            "price": "8.90",
            "revenue": 336585
        },
        "2007-01": {
            "month": "2007-01",
            "price": "15.19",
            "revenue": 112061
        },
        "2007-02": {
            "month": "2007-02",
            "price": "13.42",
            "revenue": 139602
        },
        "2007-03": {
            "month": "2007-03",
            "price": "14.39",
            "revenue": 90930
        },
        "2007-04": {
            "month": "2007-04",
            "price": "15.10",
            "revenue": 180184
        },
        "2007-05": {
            "month": "2007-05",
            "price": "13.68",
            "revenue": 205217
        },
        "2007-06": {
            "month": "2007-06",
            "price": "15.88",
            "revenue": 198388
        },
        "2007-07": {
            "month": "2007-07",
            "price": "19.88",
            "revenue": 571578
        },
        "2007-08": {
            "month": "2007-08",
            "price": "18.26",
            "revenue": 127009
        },
        "2007-09": {
            "month": "2007-09",
            "price": "20.86",
            "revenue": 410452
        },
        "2007-10": {
            "month": "2007-10",
            "price": "26.74",
            "revenue": 162684
        },
        "2007-11": {
            "month": "2007-11",
            "price": "21.45",
            "revenue": 232517
        },
        "2007-12": {
            "month": "2007-12",
            "price": "19.31",
            "revenue": 497460
        },
        "2008-01": {
            "month": "2008-01",
            "price": "22.98",
            "revenue": 235895
        },
        "2008-02": {
            "month": "2008-02",
            "price": "23.26",
            "revenue": 273806
        },
        "2008-03": {
            "month": "2008-03",
            "price": "26.91",
            "revenue": 418008
        },
        "2008-04": {
            "month": "2008-04",
            "price": "28.37",
            "revenue": 64334
        },
        "2008-05": {
            "month": "2008-05",
            "price": "26.77",
            "revenue": 894147
        },
        "2008-06": {
            "month": "2008-06",
            "price": "24.66",
            "revenue": 527851
        },
        "2008-07": {
            "month": "2008-07",
            "price": "21.04",
            "revenue": 559425
        },
        "2008-08": {
            "month": "2008-08",
            "price": "24.59",
            "revenue": 725980
        },
        "2008-09": {
            "month": "2008-09",
            "price": "25.53",
            "revenue": 345220
        },
        "2008-10": {
            "month": "2008-10",
            "price": "22.33",
            "revenue": 423898
        },
        "2008-11": {
            "month": "2008-11",
            "price": "21.11",
            "revenue": 335573
        },
        "2008-12": {
            "month": "2008-12",
            "price": "20.17",
            "revenue": 484305
        },
        "2009-01": {
            "month": "2009-01",
            "price": "20.56",
            "revenue": 248489
        },
        "2009-02": {
            "month": "2009-02",
            "price": "20.72",
            "revenue": 255584
        },
        "2009-03": {
            "month": "2009-03",
            "price": "28.59",
            "revenue": 369373
        },
        "2009-04": {
            "month": "2009-04",
            "price": "27.52",
            "revenue": 238933
        },
        "2009-05": {
            "month": "2009-05",
            "price": "28.78",
            "revenue": 74309
        },
        "2009-06": {
            "month": "2009-06",
            "price": "27.93",
            "revenue": 250073
        },
        "2009-07": {
            "month": "2009-07",
            "price": "27.84",
            "revenue": 196267
        },
        "2009-08": {
            "month": "2009-08",
            "price": "26.58",
            "revenue": 284626
        },
        "2009-09": {
            "month": "2009-09",
            "price": "21.73",
            "revenue": 721296
        },
        "2009-10": {
            "month": "2009-10",
            "price": "22.81",
            "revenue": 367541
        },
        "2009-11": {
            "month": "2009-11",
            "price": "22.56",
            "revenue": 442766
        },
        "2009-12": {
            "month": "2009-12",
            "price": "24.38",
            "revenue": 429157
        },
        "2010-01": {
            "month": "2010-01",
            "price": "24.25",
            "revenue": 160949
        },
        "2010-02": {
            "month": "2010-02",
            "price": "21.08",
            "revenue": 58871
        },
        "2010-03": {
            "month": "2010-03",
            "price": "22.42",
            "revenue": 194225
        },
        "2010-04": {
            "month": "2010-04",
            "price": "22.18",
            "revenue": 261613
        },
        "2010-05": {
            "month": "2010-05",
            "price": "18.61",
            "revenue": 227505
        },
        "2010-06": {
            "month": "2010-06",
            "price": "17.19",
            "revenue": 240485
        },
        "2010-07": {
            "month": "2010-07",
            "price": "17.72",
            "revenue": 154275
        },
        "2010-08": {
            "month": "2010-08",
            "price": "17.19",
            "revenue": 214018
        },
        "2010-09": {
            "month": "2010-09",
            "price": "15.87",
            "revenue": 552385
        },
        "2010-10": {
            "month": "2010-10",
            "price": "15.39",
            "revenue": 143043
        },
        "2010-11": {
            "month": "2010-11",
            "price": "13.35",
            "revenue": 183804
        },
        "2010-12": {
            "month": "2010-12",
            "price": "14.39",
            "revenue": 718002
        },
        "2011-01": {
            "month": "2011-01",
            "price": "14.95",
            "revenue": 139953
        },
        "2011-02": {
            "month": "2011-02",
            "price": "14.38",
            "revenue": 127745
        },
        "2011-03": {
            "month": "2011-03",
            "price": "17.10",
            "revenue": 187256
        },
        "2011-04": {
            "month": "2011-04",
            "price": "17.81",
            "revenue": 111772
        },
        "2011-05": {
            "month": "2011-05",
            "price": "15.50",
            "revenue": 127628
        },
        "2011-06": {
            "month": "2011-06",
            "price": "14.06",
            "revenue": 135074
        },
        "2011-07": {
            "month": "2011-07",
            "price": "12.14",
            "revenue": 257204
        },
        "2011-08": {
            "month": "2011-08",
            "price": "10.60",
            "revenue": 540838
        },
        "2011-09": {
            "month": "2011-09",
            "price": "11.72",
            "revenue": 557193
        },
        "2011-10": {
            "month": "2011-10",
            "price": "12.94",
            "revenue": 318859
        },
        "2011-11": {
            "month": "2011-11",
            "price": "12.41",
            "revenue": 320378
        },
        "2011-12": {
            "month": "2011-12",
            "price": "11.62",
            "revenue": 477247
        },
        "2012-01": {
            "month": "2012-01",
            "price": "11.56",
            "revenue": 146269
        },
        "2012-02": {
            "month": "2012-02",
            "price": "13.68",
            "revenue": 291351
        },
        "2012-03": {
            "month": "2012-03",
            "price": "17.25",
            "revenue": 482302
        },
        "2012-04": {
            "month": "2012-04",
            "price": "18.30",
            "revenue": 342546
        },
        "2012-05": {
            "month": "2012-05",
            "price": "17.19",
            "revenue": 453507
        },
        "2012-06": {
            "month": "2012-06",
            "price": "17.59",
            "revenue": 344706
        },
        "2012-07": {
            "month": "2012-07",
            "price": "19.70",
            "revenue": 404956
        },
        "2012-08": {
            "month": "2012-08",
            "price": "19.66",
            "revenue": 277783
        },
        "2012-09": {
            "month": "2012-09",
            "price": "18.64",
            "revenue": 731875
        },
        "2012-10": {
            "month": "2012-10",
            "price": "19.61",
            "revenue": 301498
        },
        "2012-11": {
            "month": "2012-11",
            "price": "18.82",
            "revenue": 431011
        },
        "2012-12": {
            "month": "2012-12",
            "price": "20.94",
            "revenue": 218268
        },
        "2013-01": {
            "month": "2013-01",
            "price": "21.18",
            "revenue": 165048
        },
        "2013-02": {
            "month": "2013-02",
            "price": "20.96",
            "revenue": 57877
        },
        "2013-03": {
            "month": "2013-03",
            "price": "20.33",
            "revenue": 115777
        },
        "2013-04": {
            "month": "2013-04",
            "price": "20.18",
            "revenue": 115900
        },
        "2013-05": {
            "month": "2013-05",
            "price": "19.48",
            "revenue": 491679
        },
        "2013-06": {
            "month": "2013-06",
            "price": "18.69",
            "revenue": 396325
        },
        "2013-07": {
            "month": "2013-07",
            "price": "19.06",
            "revenue": 380543
        },
        "2013-08": {
            "month": "2013-08",
            "price": "17.48",
            "revenue": 403329
        },
        "2013-09": {
            "month": "2013-09",
            "price": "17.72",
            "revenue": 394048
        },
        "2013-10": {
            "month": "2013-10",
            "price": "17.86",
            "revenue": 583326
        },
        "2013-11": {
            "month": "2013-11",
            "price": "18.35",
            "revenue": 537690
        },
        "2013-12": {
            "month": "2013-12",
            "price": "18.38",
            "revenue": 820155
        },
        "2014-01": {
            "month": "2014-01",
            "price": "19.32",
            "revenue": 317009
        },
        "2014-02": {
            "month": "2014-02",
            "price": "20.60",
            "revenue": 185890
        },
        "2014-03": {
            "month": "2014-03",
            "price": "20.62",
            "revenue": 205559
        },
        "2014-04": {
            "month": "2014-04",
            "price": "25.31",
            "revenue": 228939
        },
        "2014-05": {
            "month": "2014-05",
            "price": "25.78",
            "revenue": 268004
        },
        "2014-06": {
            "month": "2014-06",
            "price": "25.36",
            "revenue": 342015
        },
        "2014-07": {
            "month": "2014-07",
            "price": "24.55",
            "revenue": 216269
        },
        "2014-08": {
            "month": "2014-08",
            "price": "21.20",
            "revenue": 206130
        },
        "2014-09": {
            "month": "2014-09",
            "price": "18.06",
            "revenue": 305997
        },
        "2014-10": {
            "month": "2014-10",
            "price": "17.16",
            "revenue": 282662
        },
        "2014-11": {
            "month": "2014-11",
            "price": "15.17",
            "revenue": 306211
        },
        "2014-12": {
            "month": "2014-12",
            "price": "16.06",
            "revenue": 475102
        },
        "2015-01": {
            "month": "2015-01",
            "price": "17.42",
            "revenue": 246782
        },
        "2015-02": {
            "month": "2015-02",
            "price": "16.21",
            "revenue": 134306
        },
        "2015-03": {
            "month": "2015-03",
            "price": "15.87",
            "revenue": 414351
        },
        "2015-04": {
            "month": "2015-04",
            "price": "15.74",
            "revenue": 447771
        },
        "2015-05": {
            "month": "2015-05",
            "price": "15.16",
            "revenue": 380800
        },
        "2015-06": {
            "month": "2015-06",
            "price": "13.81",
            "revenue": 311665
        },
        "2015-07": {
            "month": "2015-07",
            "price": "12.45",
            "revenue": 173234
        },
        "2015-08": {
            "month": "2015-08",
            "price": "11.04",
            "revenue": 160569
        },
        "2015-09": {
            "month": "2015-09",
            "price": "11.54",
            "revenue": 151423
        },
        "2015-10": {
            "month": "2015-10",
            "price": "11.46",
            "revenue": 155621
        },
        "2015-11": {
            "month": "2015-11",
            "price": "10.64",
            "revenue": 158525
        },
        "2015-12": {
            "month": "2015-12",
            "price": "10.75",
            "revenue": 384921
        },
        "2016-01": {
            "month": "2016-01",
            "price": "10.07",
            "revenue": 529997
        },
        "2016-02": {
            "month": "2016-02",
            "price": "10.89",
            "revenue": 153978
        },
        "2016-03": {
            "month": "2016-03",
            "price": "12.20",
            "revenue": 92354
        },
        "2016-04": {
            "month": "2016-04",
            "price": "10.62",
            "revenue": 274950
        },
        "2016-05": {
            "month": "2016-05",
            "price": "9.86",
            "revenue": 254029
        },
        "2016-06": {
            "month": "2016-06",
            "price": "9.81",
            "revenue": 179074
        },
        "2016-07": {
            "month": "2016-07",
            "price": "10.12",
            "revenue": 233026
        },
        "2016-08": {
            "month": "2016-08",
            "price": "10.21",
            "revenue": 257286
        },
        "2016-09": {
            "month": "2016-09",
            "price": "10.38",
            "revenue": 162734
        },
        "2016-10": {
            "month": "2016-10",
            "price": "10.20",
            "revenue": 256400
        },
        "2016-11": {
            "month": "2016-11",
            "price": "9.96",
            "revenue": 356192
        },
        "2016-12": {
            "month": "2016-12",
            "price": "10.26",
            "revenue": 1076975
        },
        "2017-01": {
            "month": "2017-01",
            "price": "11.68",
            "revenue": 162303
        },
        "2017-02": {
            "month": "2017-02",
            "price": "11.71",
            "revenue": 139340
        },
        "2017-03": {
            "month": "2017-03",
            "price": "12.17",
            "revenue": 231835
        },
        "2017-04": {
            "month": "2017-04",
            "price": "11.82",
            "revenue": 188449
        },
        "2017-05": {
            "month": "2017-05",
            "price": "11.70",
            "revenue": 129477
        },
        "2017-06": {
            "month": "2017-06",
            "price": "11.68",
            "revenue": 277443
        },
        "2017-07": {
            "month": "2017-07",
            "price": "11.70",
            "revenue": 234076
        },
        "2017-08": {
            "month": "2017-08",
            "price": "11.08",
            "revenue": 365801
        },
        "2017-09": {
            "month": "2017-09",
            "price": "11.42",
            "revenue": 975185
        },
        "2017-10": {
            "month": "2017-10",
            "price": "12.62",
            "revenue": 202670
        },
        "2017-11": {
            "month": "2017-11",
            "price": "13.67",
            "revenue": 330130
        },
        "2017-12": {
            "month": "2017-12",
            "price": "13.51",
            "revenue": 678677
        },
        "2018-01": {
            "month": "2018-01",
            "price": "14.55",
            "revenue": 314471
        },
        "2018-02": {
            "month": "2018-02",
            "price": "13.03",
            "revenue": 183305
        },
        "2018-03": {
            "month": "2018-03",
            "price": "13.61",
            "revenue": 243544
        },
        "2018-04": {
            "month": "2018-04",
            "price": "12.98",
            "revenue": 112948
        },
        "2018-05": {
            "month": "2018-05",
            "price": "12.19",
            "revenue": 533632
        },
        "2018-06": {
            "month": "2018-06",
            "price": "13.46",
            "revenue": 241934
        },
        "2018-07": {
            "month": "2018-07",
            "price": "13.45",
            "revenue": 375921
        },
        "2018-08": {
            "month": "2018-08",
            "price": "13.48",
            "revenue": 273108
        },
        "2018-09": {
            "month": "2018-09",
            "price": "13.13",
            "revenue": 443057
        },
        "2018-10": {
            "month": "2018-10",
            "price": "12.71",
            "revenue": 235972
        },
        "2018-11": {
            "month": "2018-11",
            "price": "12.10",
            "revenue": 483064
        },
        "2018-12": {
            "month": "2018-12",
            "price": "12.17",
            "revenue": 902003
        },
        "2019-01": {
            "month": "2019-01",
            "price": "12.99",
            "revenue": 173353
        },
        "2019-02": {
            "month": "2019-02",
            "price": "13.46",
            "revenue": 248486
        },
        "2019-03": {
            "month": "2019-03",
            "price": "13.82",
            "revenue": 359138
        },
        "2019-04": {
            "month": "2019-04",
            "price": "15.36",
            "revenue": 331310
        },
        "2019-05": {
            "month": "2019-05",
            "price": "18.60",
            "revenue": 197556
        },
        "2019-06": {
            "month": "2019-06",
            "price": "17.48",
            "revenue": 184337
        },
        "2019-07": {
            "month": "2019-07",
            "price": "18.53",
            "revenue": 244741
        },
        "2019-08": {
            "month": "2019-08",
            "price": "16.70",
            "revenue": 411853
        },
        "2019-09": {
            "month": "2019-09",
            "price": "16.43",
            "revenue": 476240
        },
        "2019-10": {
            "month": "2019-10",
            "price": "15.94",
            "revenue": 308630
        },
        "2019-11": {
            "month": "2019-11",
            "price": "16.10",
            "revenue": 534592
        },
        "2019-12": {
            "month": "2019-12",
            "price": "16.32",
            "revenue": 1058033
        },
        "2020-01": {
            "month": "2020-01",
            "price": "16.27",
            "revenue": 152009
        },
        "2020-02": {
            "month": "2020-02",
            "price": "14.43",
            "revenue": 401996
        },
        "2020-03": {
            "month": "2020-03",
            "price": "12.75",
            "revenue": 331181
        },
        "2020-04": {
            "month": "2020-04",
            "price": "13.73",
            "revenue": 343444
        },
        "2020-05": {
            "month": "2020-05",
            "price": "14.62",
            "revenue": 266153
        },
        "2020-06": {
            "month": "2020-06",
            "price": "15.66",
            "revenue": 293726
        },
        "2020-07": {
            "month": "2020-07",
            "price": "17.72",
            "revenue": 444846
        },
        "2020-08": {
            "month": "2020-08",
            "price": "17.27",
            "revenue": 286921
        },
        "2020-09": {
            "month": "2020-09",
            "price": "16.62",
            "revenue": 282910
        },
        "2020-10": {
            "month": "2020-10",
            "price": "15.44",
            "revenue": 355331
        },
        "2020-11": {
            "month": "2020-11",
            "price": "15.14",
            "revenue": 328032
        },
        "2020-12": {
            "month": "2020-12",
            "price": "16.14",
            "revenue": 995746
        },
        "2021-01": {
            "month": "2021-01",
            "price": "15.64",
            "revenue": 327809
        },
        "2021-02": {
            "month": "2021-02",
            "price": "15.79",
            "revenue": 289102
        },
        "2021-03": {
            "month": "2021-03",
            "price": "16.71",
            "revenue": 349169
        },
        "2021-04": {
            "month": "2021-04",
            "price": "20.29",
            "revenue": 518347
        },
        "2021-05": {
            "month": "2021-05",
            "price": "18.16",
            "revenue": 157383
        },
        "2021-06": {
            "month": "2021-06",
            "price": "17.64",
            "revenue": 364663
        },
        "2021-07": {
            "month": "2021-07",
            "price": "17.70",
            "revenue": 270576
        },
        "2021-08": {
            "month": "2021-08",
            "price": "17.62",
            "revenue": 1338060
        },
        "2021-09": {
            "month": "2021-09",
            "price": "19.39",
            "revenue": 1036939
        },
        "2021-10": {
            "month": "2021-10",
            "price": "20.07",
            "revenue": 429172
        },
        "2021-11": {
            "month": "2021-11",
            "price": "21.00",
            "revenue": 499886
        },
        "2021-12": {
            "month": "2021-12",
            "price": "20.64",
            "revenue": 611626
        },
        "2022-01": {
            "month": "2022-01",
            "price": "19.16",
            "revenue": 181754
        },
        "2022-02": {
            "month": "2022-02",
            "price": "18.37",
            "revenue": 335984
        },
        "2022-03": {
            "month": "2022-03",
            "price": "18.03",
            "revenue": 541138
        },
        "2022-04": {
            "month": "2022-04",
            "price": "17.64",
            "revenue": 220115
        },
        "2022-05": {
            "month": "2022-05",
            "price": "15.54",
            "revenue": 326976
        },
        "2022-06": {
            "month": "2022-06",
            "price": "15.16",
            "revenue": 375372
        },
        "2022-07": {
            "month": "2022-07",
            "price": "14.83",
            "revenue": 360638
        },
        "2022-08": {
            "month": "2022-08",
            "price": "15.75",
            "revenue": 576882
        },
        "2022-09": {
            "month": "2022-09",
            "price": "15.18",
            "revenue": 795934
        },
        "2022-10": {
            "month": "2022-10",
            "price": "14.22",
            "revenue": 437491
        },
        "2022-11": {
            "month": "2022-11",
            "price": "14.65",
            "revenue": 540856
        },
        "2022-12": {
            "month": "2022-12",
            "price": "15.07",
            "revenue": 1401309
        },
        "2023-01": {
            "month": "2023-01",
            "price": "15.12",
            "revenue": 196548
        },
        "2023-02": {
            "month": "2023-02",
            "price": "15.71",
            "revenue": 757984
        },
        "2023-03": {
            "month": "2023-03",
            "price": "18.43",
            "revenue": 420346
        },
        "2023-04": {
            "month": "2023-04",
            "price": "23.90",
            "revenue": 248620
        },
        "2023-05": {
            "month": "2023-05",
            "price": "23.78",
            "revenue": 221658
        },
        "2023-06": {
            "month": "2023-06",
            "price": "21.79",
            "revenue": 258517
        },
        "2023-07": {
            "month": "2023-07",
            "price": "19.50",
            "revenue": 338466
        },
        "2023-08": {
            "month": "2023-08",
            "price": "18.11",
            "revenue": 442785
        },
        "2023-09": {
            "month": "2023-09",
            "price": "17.35",
            "revenue": 665951
        }
    }
}
