{
    "summary": {
        "stock_name": "華興",
        "stock_id": "6164",
        "category": "光電",
        "main_business": "發光二極體元件<br>照明應用產品<br>其 他",
        "website_url": "http://www.ledtech.com",
        "ceo": "何曜宏",
        "pe_ratio": 86,
        "report_year_from": 2001,
        "report_year_to": 2023,
        "age": 23,
        "eps_negative_percentage": 13,
        "eps_growth_avg": {
            "last_all": -0.54,
            "last_2y": 0,
            "last_4y": -33.33,
            "last_8y": -24.25,
            "last_12y": -16.38,
            "last_16y": -12.34,
            "last_20y": -4.77,
            "at_2006_last_3y": 23.61,
            "at_2007_last_3y": 52.39,
            "at_2008_last_3y": 22.57,
            "at_2009_last_3y": 15.34,
            "at_2010_last_3y": -1.22,
            "at_2011_last_3y": -27.07,
            "at_2012_last_3y": -22.91,
            "at_2013_last_3y": 4.32,
            "at_2014_last_3y": -2.62,
            "at_2015_last_3y": -1.8,
            "at_2016_last_3y": 31.1,
            "at_2017_last_3y": -10.57,
            "at_2018_last_3y": -17.43,
            "at_2019_last_3y": -27.48,
            "at_2020_last_3y": -69.97,
            "at_2021_last_3y": -71.62,
            "at_2022_last_3y": 0,
            "at_2023_last_3y": 0,
            "at_2024_last_3y": 0,
            "at_2006_last_all": 34.84,
            "at_2007_last_all": 35.75,
            "at_2008_last_all": 23.75,
            "at_2009_last_all": 19.67,
            "at_2010_last_all": 18.81,
            "at_2011_last_all": 10.62,
            "at_2012_last_all": 6.78,
            "at_2013_last_all": 14.55,
            "at_2014_last_all": 12.22,
            "at_2015_last_all": 7.07,
            "at_2016_last_all": 13.27,
            "at_2017_last_all": 8.27,
            "at_2018_last_all": 5.24,
            "at_2019_last_all": -0.61,
            "at_2020_last_all": -0.61,
            "at_2021_last_all": -0.61,
            "at_2022_last_all": 4.69,
            "at_2023_last_all": -0.54,
            "at_2024_last_all": -0.54
        },
        "latest_eps": 0.18,
        "latest_price": 15.4,
        "latest_roe": 1.36,
        "latest_gross_margin": 26.23,
        "latest_equity": 1131177,
        "latest_revenue": 159483,
        "latest_gross_profit": 41827,
        "latest_net_income": 5483,
        "latest_debt_ratio": 33.35,
        "latest_current_ratio": 240.87,
        "latest_account_receivable_turnover_ratio": 0.7,
        "latest_inventory_turnover_ratio": 0.9,
        "latest_reinvestment_rate": -1044.69,
        "latest_research_to_sale_ratio": 3.8
    },
    "eps_dividends": {
        "2001": {
            "cash": 0,
            "stock": 1,
            "eps": 0.84
        },
        "2002": {
            "cash": 0.2,
            "stock": 0.8,
            "eps": 1.51
        },
        "2003": {
            "cash": 0.3,
            "stock": 0.5,
            "eps": 0.38
        },
        "2004": {
            "cash": 0.3,
            "stock": 0.42,
            "eps": 0.65
        },
        "2005": {
            "cash": 0.4,
            "stock": 0,
            "eps": 0.78
        },
        "2006": {
            "cash": 0.6,
            "stock": 0.2,
            "eps": 1.39
        },
        "2007": {
            "cash": 0.8,
            "stock": 0.5,
            "eps": 1.95
        },
        "2008": {
            "cash": 0.4,
            "stock": 1,
            "eps": 1.01
        },
        "2009": {
            "cash": 0.85,
            "stock": 0,
            "eps": 0.92
        },
        "2010": {
            "cash": 0.5,
            "stock": 0.35,
            "eps": 1.03
        },
        "2011": {
            "cash": 0.99,
            "stock": 0.39,
            "eps": 0.38
        },
        "2012": {
            "cash": 0,
            "stock": 0,
            "eps": 0.26
        },
        "2013": {
            "cash": 0.3,
            "stock": 0,
            "eps": 1.33
        },
        "2014": {
            "cash": 1,
            "stock": 0,
            "eps": 1.12
        },
        "2015": {
            "cash": 0.85,
            "stock": 0,
            "eps": 0.45
        },
        "2016": {
            "cash": 0.5,
            "stock": 0,
            "eps": 1.11
        },
        "2017": {
            "cash": 0.85,
            "stock": 0,
            "eps": 0.37
        },
        "2018": {
            "cash": 0.4,
            "stock": 0,
            "eps": 0.21
        },
        "2019": {
            "cash": 0.2,
            "stock": 0,
            "eps": -0.6
        },
        "2020": {
            "cash": 0,
            "stock": 0,
            "eps": -0.18
        },
        "2021": {
            "cash": 0,
            "stock": 0,
            "eps": 0.07
        },
        "2022": {
            "cash": 0,
            "stock": 0,
            "eps": 0.61
        },
        "2023": {
            "cash": 0.55,
            "stock": 0,
            "eps": -0.1
        }
    },
    "dividends": {
        "2001-05-25": {
            "cash": 0,
            "stock": 1
        },
        "2002-06-17": {
            "cash": 0.2,
            "stock": 0.8
        },
        "2003-03-25": {
            "cash": 0.3,
            "stock": 0.5
        },
        "2004-04-09": {
            "cash": 0.3,
            "stock": 0.42
        },
        "2005-03-28": {
            "cash": 0.4,
            "stock": 0
        },
        "2006-03-21": {
            "cash": 0.6,
            "stock": 0.2
        },
        "2007-03-23": {
            "cash": 0.8,
            "stock": 0.5
        },
        "2008-05-02": {
            "cash": 0.4,
            "stock": 1
        },
        "2009-03-24": {
            "cash": 0.85,
            "stock": 0
        },
        "2010-05-05": {
            "cash": 0.5,
            "stock": 0.35
        },
        "2011-01-01": {
            "cash": 0.5,
            "stock": 0
        },
        "2011-03-30": {
            "cash": 0.49,
            "stock": 0.39
        },
        "2013-03-22": {
            "cash": 0.3,
            "stock": 0
        },
        "2014-06-12": {
            "cash": 1,
            "stock": 0
        },
        "2015-07-29": {
            "cash": 0.85,
            "stock": 0
        },
        "2016-08-25": {
            "cash": 0.5,
            "stock": 0
        },
        "2017-07-26": {
            "cash": 0.85,
            "stock": 0
        },
        "2018-07-25": {
            "cash": 0.4,
            "stock": 0
        },
        "2019-07-24": {
            "cash": 0.2,
            "stock": 0
        },
        "2023-07-26": {
            "cash": 0.55,
            "stock": 0
        }
    },
    "prices": {
        "200101": "無",
        "200102": "無",
        "200103": "無",
        "200104": "無",
        "200105": "無",
        "200106": "無",
        "200107": "無",
        "200108": "無",
        "200109": "無",
        "200110": "無",
        "200111": "無",
        "200112": "無",
        "200201": "無",
        "200202": "無",
        "200203": "無",
        "200204": "22.68",
        "200205": "23.00",
        "200206": "19.35",
        "200207": "17.12",
        "200208": "17.74",
        "200209": "19.22",
        "200210": "17.27",
        "200211": "19.51",
        "200212": "17.31",
        "200301": "16.21",
        "200302": "15.07",
        "200303": "13.60",
        "200304": "13.08",
        "200305": "10.87",
        "200306": "13.00",
        "200307": "13.31",
        "200308": "12.31",
        "200309": "10.73",
        "200310": "10.35",
        "200311": "11.04",
        "200312": "12.83",
        "200401": "14.56",
        "200402": "15.14",
        "200403": "15.51",
        "200404": "17.10",
        "200405": "14.17",
        "200406": "12.67",
        "200407": "11.42",
        "200408": "10.66",
        "200409": "10.96",
        "200410": "10.48",
        "200411": "9.56",
        "200412": "9.35",
        "200501": "8.97",
        "200502": "9.16",
        "200503": "9.01",
        "200504": "8.04",
        "200505": "7.34",
        "200506": "7.85",
        "200507": "11.94",
        "200508": "12.29",
        "200509": "9.57",
        "200510": "11.06",
        "200511": "11.25",
        "200512": "13.23",
        "200601": "14.05",
        "200602": "12.29",
        "200603": "12.43",
        "200604": "14.88",
        "200605": "16.76",
        "200606": "14.42",
        "200607": "14.38",
        "200608": "15.03",
        "200609": "15.38",
        "200610": "14.96",
        "200611": "15.83",
        "200612": "20.72",
        "200701": "22.18",
        "200702": "24.15",
        "200703": "27.27",
        "200704": "28.58",
        "200705": "29.07",
        "200706": "33.40",
        "200707": "40.38",
        "200708": "38.47",
        "200709": "40.61",
        "200710": "40.66",
        "200711": "30.97",
        "200712": "28.85",
        "200801": "25.13",
        "200802": "21.82",
        "200803": "23.46",
        "200804": "24.86",
        "200805": "27.55",
        "200806": "21.26",
        "200807": "18.01",
        "200808": "17.98",
        "200809": "13.31",
        "200810": "10.24",
        "200811": "10.36",
        "200812": "9.88",
        "200901": "11.37",
        "200902": "11.91",
        "200903": "14.34",
        "200904": "17.08",
        "200905": "20.32",
        "200906": "19.75",
        "200907": "20.72",
        "200908": "20.94",
        "200909": "24.74",
        "200910": "24.48",
        "200911": "25.78",
        "200912": "29.20",
        "201001": "28.28",
        "201002": "26.79",
        "201003": "28.48",
        "201004": "28.80",
        "201005": "25.94",
        "201006": "23.76",
        "201007": "25.23",
        "201008": "25.55",
        "201009": "24.19",
        "201010": "22.74",
        "201011": "19.85",
        "201012": "20.55",
        "201101": "24.27",
        "201102": "30.02",
        "201103": "30.81",
        "201104": "27.31",
        "201105": "23.88",
        "201106": "23.72",
        "201107": "22.36",
        "201108": "19.51",
        "201109": "16.05",
        "201110": "15.70",
        "201111": "15.40",
        "201112": "14.49",
        "201201": "14.32",
        "201202": "17.00",
        "201203": "17.16",
        "201204": "15.68",
        "201205": "14.30",
        "201206": "13.39",
        "201207": "12.22",
        "201208": "10.94",
        "201209": "11.61",
        "201210": "10.35",
        "201211": "9.99",
        "201212": "11.51",
        "201301": "11.78",
        "201302": "12.75",
        "201303": "14.77",
        "201304": "14.03",
        "201305": "16.50",
        "201306": "17.74",
        "201307": "16.31",
        "201308": "17.24",
        "201309": "19.16",
        "201310": "18.63",
        "201311": "17.09",
        "201312": "18.57",
        "201401": "22.69",
        "201402": "21.60",
        "201403": "21.98",
        "201404": "20.78",
        "201405": "19.43",
        "201406": "19.93",
        "201407": "19.82",
        "201408": "19.68",
        "201409": "18.38",
        "201410": "15.13",
        "201411": "15.03",
        "201412": "15.76",
        "201501": "16.59",
        "201502": "15.76",
        "201503": "15.84",
        "201504": "15.54",
        "201505": "14.39",
        "201506": "12.75",
        "201507": "10.80",
        "201508": "9.75",
        "201509": "10.20",
        "201510": "11.12",
        "201511": "10.60",
        "201512": "10.05",
        "201601": "9.72",
        "201602": "9.91",
        "201603": "10.17",
        "201604": "9.87",
        "201605": "10.06",
        "201606": "11.92",
        "201607": "12.30",
        "201608": "12.03",
        "201609": "12.80",
        "201610": "12.38",
        "201611": "12.82",
        "201612": "14.43",
        "201701": "14.16",
        "201702": "14.43",
        "201703": "14.54",
        "201704": "14.16",
        "201705": "14.12",
        "201706": "13.96",
        "201707": "12.68",
        "201708": "12.44",
        "201709": "13.13",
        "201710": "13.54",
        "201711": "14.11",
        "201712": "13.24",
        "201801": "13.04",
        "201802": "12.35",
        "201803": "12.06",
        "201804": "10.68",
        "201805": "10.27",
        "201806": "11.24",
        "201807": "10.36",
        "201808": "10.16",
        "201809": "9.70",
        "201810": "8.60",
        "201811": "8.47",
        "201812": "8.73",
        "201901": "8.42",
        "201902": "8.79",
        "201903": "8.91",
        "201904": "8.79",
        "201905": "8.07",
        "201906": "7.51",
        "201907": "7.30",
        "201908": "7.07",
        "201909": "6.98",
        "201910": "6.90",
        "201911": "6.73",
        "201912": "6.99",
        "202001": "6.98",
        "202002": "6.69",
        "202003": "5.60",
        "202004": "5.31",
        "202005": "5.69",
        "202006": "6.34",
        "202007": "6.59",
        "202008": "6.28",
        "202009": "6.87",
        "202010": "7.60",
        "202011": "7.32",
        "202012": "8.75",
        "202101": "11.44",
        "202102": "11.45",
        "202103": "12.18",
        "202104": "12.53",
        "202105": "10.34",
        "202106": "10.64",
        "202107": "12.85",
        "202108": "16.62",
        "202109": "15.74",
        "202110": "14.00",
        "202111": "14.48",
        "202112": "16.13",
        "202201": "15.28",
        "202202": "14.56",
        "202203": "13.09",
        "202204": "13.29",
        "202205": "12.53",
        "202206": "12.72",
        "202207": "10.97",
        "202208": "12.38",
        "202209": "10.98",
        "202210": "9.49",
        "202211": "9.96",
        "202212": "10.18",
        "202301": "10.03",
        "202302": "10.42",
        "202303": "11.21",
        "202304": "11.76",
        "202305": "12.13",
        "202306": "13.28",
        "202307": "11.93",
        "202308": "10.88",
        "202309": "11.21",
        "202310": "10.80",
        "202311": "10.78",
        "202312": "11.96"
    },
    "quarters": {
        "20011": {
            "year_quarter": 20011,
            "year": 2001,
            "quarter": 1,
            "eps": 0.07,
            "eps_growth_year": null,
            "eps_4q": null,
            "eps_4q_growth_year": null,
            "roe": 0.61,
            "roe_4q": 0.61,
            "gross_profit": 29321,
            "gross_margin": 21.81,
            "gross_margin_4q_avg": 21.81,
            "net_income": 4659,
            "net_income_4q": null,
            "revenue": 134437,
            "revenue_4q": null,
            "common_shares": 584988,
            "book_valuer_per_share": 13.08,
            "book_valuer_per_share_4q_avg": 13.08,
            "equity": 764984,
            "current_ratio": 191.23,
            "debt_ratio": 32.95,
            "inventory_turnover_ratio": 0.56,
            "account_receivable_turnover_ratio": null,
            "reinvestment_rate": null,
            "research_to_sale_ratio": null,
            "price_fair": 0,
            "eps_avg_yearly": 0,
            "eps_latest_yearly": 0,
            "eps_growth_yearly": 0
        },
        "20012": {
            "year_quarter": 20012,
            "year": 2001,
            "quarter": 2,
            "eps": 0.17,
            "eps_growth_year": null,
            "eps_4q": null,
            "eps_4q_growth_year": null,
            "roe": 1.25,
            "roe_4q": 1.8599999999999999,
            "gross_profit": 28647,
            "gross_margin": 21.52,
            "gross_margin_4q_avg": 21.67,
            "net_income": 9717,
            "net_income_4q": null,
            "revenue": 133130,
            "revenue_4q": null,
            "common_shares": 584988,
            "book_valuer_per_share": 13.45,
            "book_valuer_per_share_4q_avg": 13.27,
            "equity": 786664,
            "current_ratio": 183.7,
            "debt_ratio": 29.84,
            "inventory_turnover_ratio": 1.02,
            "account_receivable_turnover_ratio": null,
            "reinvestment_rate": null,
            "research_to_sale_ratio": null,
            "price_fair": 0,
            "eps_avg_yearly": 0,
            "eps_latest_yearly": 0,
            "eps_growth_yearly": 0
        },
        "20013": {
            "year_quarter": 20013,
            "year": 2001,
            "quarter": 3,
            "eps": 0.17,
            "eps_growth_year": null,
            "eps_4q": null,
            "eps_4q_growth_year": null,
            "roe": 1.36,
            "roe_4q": 3.22,
            "gross_profit": 30497,
            "gross_margin": 20.66,
            "gross_margin_4q_avg": 21.33,
            "net_income": 10747,
            "net_income_4q": null,
            "revenue": 147615,
            "revenue_4q": null,
            "common_shares": 649687,
            "book_valuer_per_share": 12.27,
            "book_valuer_per_share_4q_avg": 12.93,
            "equity": 797275,
            "current_ratio": 169.36,
            "debt_ratio": 26.53,
            "inventory_turnover_ratio": 1.35,
            "account_receivable_turnover_ratio": null,
            "reinvestment_rate": null,
            "research_to_sale_ratio": null,
            "price_fair": 0,
            "eps_avg_yearly": 0,
            "eps_latest_yearly": 0,
            "eps_growth_yearly": 0
        },
        "20014": {
            "year_quarter": 20014,
            "year": 2001,
            "quarter": 4,
            "eps": 0.43,
            "eps_growth_year": null,
            "eps_4q": 0.82,
            "eps_4q_growth_year": null,
            "roe": 3.42,
            "roe_4q": 6.640000000000001,
            "gross_profit": 29893,
            "gross_margin": 18.1,
            "gross_margin_4q_avg": 20.52,
            "net_income": 27897,
            "net_income_4q": null,
            "revenue": 165142,
            "revenue_4q": null,
            "common_shares": 649687,
            "book_valuer_per_share": 12.8,
            "book_valuer_per_share_4q_avg": 12.9,
            "equity": 834171,
            "current_ratio": 189.69,
            "debt_ratio": 33.57,
            "inventory_turnover_ratio": 0.87,
            "account_receivable_turnover_ratio": null,
            "reinvestment_rate": null,
            "research_to_sale_ratio": null,
            "price_fair": 0,
            "eps_avg_yearly": 0,
            "eps_latest_yearly": 0,
            "eps_growth_yearly": 0
        },
        "20021": {
            "year_quarter": 20021,
            "year": 2002,
            "quarter": 1,
            "eps": 0.46,
            "eps_growth_year": 557.14,
            "eps_4q": 1.21,
            "eps_4q_growth_year": null,
            "roe": 3.5,
            "roe_4q": 9.53,
            "gross_profit": 28613,
            "gross_margin": 19.15,
            "gross_margin_4q_avg": 19.86,
            "net_income": 29648,
            "net_income_4q": null,
            "revenue": 149389,
            "revenue_4q": null,
            "common_shares": 649687,
            "book_valuer_per_share": 13.26,
            "book_valuer_per_share_4q_avg": 12.95,
            "equity": 861385,
            "current_ratio": 175.86,
            "debt_ratio": 27.75,
            "inventory_turnover_ratio": 0.74,
            "account_receivable_turnover_ratio": null,
            "reinvestment_rate": null,
            "research_to_sale_ratio": null,
            "price_fair": 64.4,
            "eps_avg_yearly": 1.84,
            "eps_latest_yearly": 1.84,
            "eps_growth_yearly": 27.91
        },
        "20022": {
            "year_quarter": 20022,
            "year": 2002,
            "quarter": 2,
            "eps": 0.01,
            "eps_growth_year": -94.12,
            "eps_4q": 1.06,
            "eps_4q_growth_year": null,
            "roe": 0.04,
            "roe_4q": 8.32,
            "gross_profit": 37886,
            "gross_margin": 20.81,
            "gross_margin_4q_avg": 19.68,
            "net_income": 338,
            "net_income_4q": null,
            "revenue": 182036,
            "revenue_4q": null,
            "common_shares": 649687,
            "book_valuer_per_share": 12.72,
            "book_valuer_per_share_4q_avg": 12.76,
            "equity": 826334,
            "current_ratio": 151.38,
            "debt_ratio": 31.97,
            "inventory_turnover_ratio": 1.56,
            "account_receivable_turnover_ratio": null,
            "reinvestment_rate": null,
            "research_to_sale_ratio": null,
            "price_fair": 2.82,
            "eps_avg_yearly": 0.94,
            "eps_latest_yearly": 0.04,
            "eps_growth_yearly": -181.7
        },
        "20023": {
            "year_quarter": 20023,
            "year": 2002,
            "quarter": 3,
            "eps": 0.98,
            "eps_growth_year": 476.47,
            "eps_4q": 1.8,
            "eps_4q_growth_year": null,
            "roe": 8,
            "roe_4q": 14.959999999999999,
            "gross_profit": 39041,
            "gross_margin": 20.66,
            "gross_margin_4q_avg": 19.68,
            "net_income": 69362,
            "net_income_4q": null,
            "revenue": 188937,
            "revenue_4q": null,
            "common_shares": 707362,
            "book_valuer_per_share": 12.83,
            "book_valuer_per_share_4q_avg": 12.9,
            "equity": 907848,
            "current_ratio": 184.48,
            "debt_ratio": 27.11,
            "inventory_turnover_ratio": 1.55,
            "account_receivable_turnover_ratio": null,
            "reinvestment_rate": null,
            "research_to_sale_ratio": null,
            "price_fair": 67.67,
            "eps_avg_yearly": 1.93,
            "eps_latest_yearly": 3.92,
            "eps_growth_yearly": 12812.2
        },
        "20024": {
            "year_quarter": 20024,
            "year": 2002,
            "quarter": 4,
            "eps": 0.06,
            "eps_growth_year": -86.05,
            "eps_4q": 1.45,
            "eps_4q_growth_year": 77.01,
            "roe": 0.47,
            "roe_4q": 12.01,
            "gross_profit": 38003,
            "gross_margin": 20.27,
            "gross_margin_4q_avg": 20.22,
            "net_income": 4299,
            "net_income_4q": null,
            "revenue": 187444,
            "revenue_4q": null,
            "common_shares": 707362,
            "book_valuer_per_share": 12.96,
            "book_valuer_per_share_4q_avg": 12.94,
            "equity": 917038,
            "current_ratio": 196.04,
            "debt_ratio": 31.17,
            "inventory_turnover_ratio": 0.86,
            "account_receivable_turnover_ratio": null,
            "reinvestment_rate": null,
            "research_to_sale_ratio": null,
            "price_fair": 52.85,
            "eps_avg_yearly": 1.51,
            "eps_latest_yearly": 0.24,
            "eps_growth_yearly": 9515.27
        },
        "20031": {
            "year_quarter": 20031,
            "year": 2003,
            "quarter": 1,
            "eps": 0.09,
            "eps_growth_year": -80.43,
            "eps_4q": 1.13,
            "eps_4q_growth_year": -6.6,
            "roe": 0.69,
            "roe_4q": 9.2,
            "gross_profit": 33300,
            "gross_margin": 19.86,
            "gross_margin_4q_avg": 20.4,
            "net_income": 6401,
            "net_income_4q": null,
            "revenue": 167659,
            "revenue_4q": null,
            "common_shares": 707362,
            "book_valuer_per_share": 13.1,
            "book_valuer_per_share_4q_avg": 12.9,
            "equity": 926865,
            "current_ratio": 189.59,
            "debt_ratio": 23.39,
            "inventory_turnover_ratio": 0.76,
            "account_receivable_turnover_ratio": null,
            "reinvestment_rate": null,
            "research_to_sale_ratio": null,
            "price_fair": 44.8,
            "eps_avg_yearly": 1.28,
            "eps_latest_yearly": 0.36,
            "eps_growth_yearly": 7652.22
        },
        "20032": {
            "year_quarter": 20032,
            "year": 2003,
            "quarter": 2,
            "eps": 0.08,
            "eps_growth_year": 700,
            "eps_4q": 1.21,
            "eps_4q_growth_year": 14.3,
            "roe": 0.62,
            "roe_4q": 9.78,
            "gross_profit": 41443,
            "gross_margin": 22.43,
            "gross_margin_4q_avg": 20.81,
            "net_income": 5681,
            "net_income_4q": null,
            "revenue": 184789,
            "revenue_4q": null,
            "common_shares": 707362,
            "book_valuer_per_share": 12.78,
            "book_valuer_per_share_4q_avg": 12.92,
            "equity": 903709,
            "current_ratio": 151.02,
            "debt_ratio": 32.18,
            "inventory_turnover_ratio": 1.46,
            "account_receivable_turnover_ratio": null,
            "reinvestment_rate": null,
            "research_to_sale_ratio": null,
            "price_fair": 39.2,
            "eps_avg_yearly": 1.12,
            "eps_latest_yearly": 0.32,
            "eps_growth_yearly": 6369.44
        },
        "20033": {
            "year_quarter": 20033,
            "year": 2003,
            "quarter": 3,
            "eps": 0.17,
            "eps_growth_year": -82.65,
            "eps_4q": 0.38,
            "eps_4q_growth_year": -78.6,
            "roe": 1.43,
            "roe_4q": 3.21,
            "gross_profit": 33777,
            "gross_margin": 18.7,
            "gross_margin_4q_avg": 20.32,
            "net_income": 12970,
            "net_income_4q": null,
            "revenue": 180636,
            "revenue_4q": null,
            "common_shares": 750730,
            "book_valuer_per_share": 12.1,
            "book_valuer_per_share_4q_avg": 12.74,
            "equity": 908273,
            "current_ratio": 155.73,
            "debt_ratio": 31.07,
            "inventory_turnover_ratio": 1.72,
            "account_receivable_turnover_ratio": null,
            "reinvestment_rate": null,
            "research_to_sale_ratio": null,
            "price_fair": 37,
            "eps_avg_yearly": 1.06,
            "eps_latest_yearly": 0.68,
            "eps_growth_yearly": 5523.81
        },
        "20034": {
            "year_quarter": 20034,
            "year": 2003,
            "quarter": 4,
            "eps": 0.04,
            "eps_growth_year": -33.33,
            "eps_4q": 0.36,
            "eps_4q_growth_year": -75.01,
            "roe": 0.34,
            "roe_4q": 3.08,
            "gross_profit": 37905,
            "gross_margin": 16.23,
            "gross_margin_4q_avg": 19.31,
            "net_income": 3117,
            "net_income_4q": null,
            "revenue": 233613,
            "revenue_4q": null,
            "common_shares": 750730,
            "book_valuer_per_share": 12.12,
            "book_valuer_per_share_4q_avg": 12.53,
            "equity": 909685,
            "current_ratio": 162.14,
            "debt_ratio": 36.93,
            "inventory_turnover_ratio": 1.1,
            "account_receivable_turnover_ratio": null,
            "reinvestment_rate": null,
            "research_to_sale_ratio": null,
            "price_fair": 33.08,
            "eps_avg_yearly": 0.95,
            "eps_latest_yearly": 0.16,
            "eps_growth_yearly": 4795.1
        },
        "20041": {
            "year_quarter": 20041,
            "year": 2004,
            "quarter": 1,
            "eps": 0.67,
            "eps_growth_year": 644.44,
            "eps_4q": 0.96,
            "eps_4q_growth_year": -14.87,
            "roe": 5.41,
            "roe_4q": 7.8,
            "gross_profit": 61492,
            "gross_margin": 23.55,
            "gross_margin_4q_avg": 20.23,
            "net_income": 49891,
            "net_income_4q": null,
            "revenue": 261113,
            "revenue_4q": null,
            "common_shares": 750730,
            "book_valuer_per_share": 12.47,
            "book_valuer_per_share_4q_avg": 12.37,
            "equity": 936100,
            "current_ratio": 263.05,
            "debt_ratio": 35.52,
            "inventory_turnover_ratio": 1.14,
            "account_receivable_turnover_ratio": null,
            "reinvestment_rate": null,
            "research_to_sale_ratio": null,
            "price_fair": 39.82,
            "eps_avg_yearly": 1.14,
            "eps_latest_yearly": 2.68,
            "eps_growth_yearly": 4962.31
        },
        "20042": {
            "year_quarter": 20042,
            "year": 2004,
            "quarter": 2,
            "eps": 0.34,
            "eps_growth_year": 325,
            "eps_4q": 1.21,
            "eps_4q_growth_year": 0.27,
            "roe": 2.63,
            "roe_4q": 9.809999999999999,
            "gross_profit": 53783,
            "gross_margin": 24.71,
            "gross_margin_4q_avg": 20.8,
            "net_income": 25764,
            "net_income_4q": null,
            "revenue": 217670,
            "revenue_4q": null,
            "common_shares": 820606,
            "book_valuer_per_share": 12.5,
            "book_valuer_per_share_4q_avg": 12.3,
            "equity": 1026097,
            "current_ratio": 240.83,
            "debt_ratio": 30.32,
            "inventory_turnover_ratio": 1.93,
            "account_receivable_turnover_ratio": null,
            "reinvestment_rate": null,
            "research_to_sale_ratio": null,
            "price_fair": 40.6,
            "eps_avg_yearly": 1.16,
            "eps_latest_yearly": 1.36,
            "eps_growth_yearly": 4446.38
        },
        "20043": {
            "year_quarter": 20043,
            "year": 2004,
            "quarter": 3,
            "eps": 0.03,
            "eps_growth_year": -82.35,
            "eps_4q": 0.94,
            "eps_4q_growth_year": 144.15,
            "roe": 0.25,
            "roe_4q": 8.629999999999999,
            "gross_profit": 51459,
            "gross_margin": 23.65,
            "gross_margin_4q_avg": 22.04,
            "net_income": 2599,
            "net_income_4q": null,
            "revenue": 217583,
            "revenue_4q": null,
            "common_shares": 865967,
            "book_valuer_per_share": 12.14,
            "book_valuer_per_share_4q_avg": 12.31,
            "equity": 1050920,
            "current_ratio": 261.33,
            "debt_ratio": 28.26,
            "inventory_turnover_ratio": 1.86,
            "account_receivable_turnover_ratio": null,
            "reinvestment_rate": null,
            "research_to_sale_ratio": null,
            "price_fair": 37.29,
            "eps_avg_yearly": 1.07,
            "eps_latest_yearly": 0.12,
            "eps_growth_yearly": 4009
        },
        "20044": {
            "year_quarter": 20044,
            "year": 2004,
            "quarter": 4,
            "eps": -0.39,
            "eps_growth_year": -1075,
            "eps_4q": 0.55,
            "eps_4q_growth_year": 52.15,
            "roe": -3.21,
            "roe_4q": 5.08,
            "gross_profit": 44667,
            "gross_margin": 22.73,
            "gross_margin_4q_avg": 23.66,
            "net_income": -32354,
            "net_income_4q": null,
            "revenue": 196490,
            "revenue_4q": null,
            "common_shares": 865968,
            "book_valuer_per_share": 11.12,
            "book_valuer_per_share_4q_avg": 12.06,
            "equity": 963171,
            "current_ratio": 229.77,
            "debt_ratio": 34.33,
            "inventory_turnover_ratio": 1.02,
            "account_receivable_turnover_ratio": null,
            "reinvestment_rate": -4.59,
            "research_to_sale_ratio": null,
            "price_fair": 37.29,
            "eps_avg_yearly": 1.07,
            "eps_latest_yearly": 0.12,
            "eps_growth_yearly": 4009
        },
        "20051": {
            "year_quarter": 20051,
            "year": 2005,
            "quarter": 1,
            "eps": 0.12,
            "eps_growth_year": -82.09,
            "eps_4q": 0.07,
            "eps_4q_growth_year": -92.45,
            "roe": 1.05,
            "roe_4q": 0.7199999999999998,
            "gross_profit": 56174,
            "gross_margin": 26.58,
            "gross_margin_4q_avg": 24.42,
            "net_income": 10124,
            "net_income_4q": null,
            "revenue": 211364,
            "revenue_4q": null,
            "common_shares": 866245,
            "book_valuer_per_share": 11.1,
            "book_valuer_per_share_4q_avg": 11.72,
            "equity": 961506,
            "current_ratio": 275.2,
            "debt_ratio": 28.8,
            "inventory_turnover_ratio": 1.03,
            "account_receivable_turnover_ratio": null,
            "reinvestment_rate": -9.59,
            "research_to_sale_ratio": null,
            "price_fair": 37.29,
            "eps_avg_yearly": 1.07,
            "eps_latest_yearly": 0.12,
            "eps_growth_yearly": 4009
        },
        "20052": {
            "year_quarter": 20052,
            "year": 2005,
            "quarter": 2,
            "eps": -0.03,
            "eps_growth_year": -108.82,
            "eps_4q": -0.25,
            "eps_4q_growth_year": -120.77,
            "roe": -0.23,
            "roe_4q": -2.1399999999999997,
            "gross_profit": 57854,
            "gross_margin": 24.72,
            "gross_margin_4q_avg": 24.42,
            "net_income": -2155,
            "net_income_4q": null,
            "revenue": 233992,
            "revenue_4q": null,
            "common_shares": 866245,
            "book_valuer_per_share": 10.62,
            "book_valuer_per_share_4q_avg": 11.25,
            "equity": 919608,
            "current_ratio": 227.33,
            "debt_ratio": 32.66,
            "inventory_turnover_ratio": 1.84,
            "account_receivable_turnover_ratio": null,
            "reinvestment_rate": -9.18,
            "research_to_sale_ratio": null,
            "price_fair": 37.29,
            "eps_avg_yearly": 1.07,
            "eps_latest_yearly": 0.12,
            "eps_growth_yearly": 4009
        },
        "20053": {
            "year_quarter": 20053,
            "year": 2005,
            "quarter": 3,
            "eps": 0.4,
            "eps_growth_year": 1233.33,
            "eps_4q": 0.11,
            "eps_4q_growth_year": -88.04,
            "roe": 3.51,
            "roe_4q": 1.12,
            "gross_profit": 55016,
            "gross_margin": 22.36,
            "gross_margin_4q_avg": 24.1,
            "net_income": 33910,
            "net_income_4q": null,
            "revenue": 246039,
            "revenue_4q": null,
            "common_shares": 903768,
            "book_valuer_per_share": 11.23,
            "book_valuer_per_share_4q_avg": 11.02,
            "equity": 1014975,
            "current_ratio": 295.59,
            "debt_ratio": 24.27,
            "inventory_turnover_ratio": 1.83,
            "account_receivable_turnover_ratio": null,
            "reinvestment_rate": -8.16,
            "research_to_sale_ratio": null,
            "price_fair": 37.29,
            "eps_avg_yearly": 1.07,
            "eps_latest_yearly": 0.12,
            "eps_growth_yearly": 4009
        },
        "20054": {
            "year_quarter": 20054,
            "year": 2005,
            "quarter": 4,
            "eps": 0.29,
            "eps_growth_year": null,
            "eps_4q": 0.78,
            "eps_4q_growth_year": 42.16,
            "roe": 2.39,
            "roe_4q": 6.72,
            "gross_profit": 54587,
            "gross_margin": 22.88,
            "gross_margin_4q_avg": 24.14,
            "net_income": 24691,
            "net_income_4q": null,
            "revenue": 238622,
            "revenue_4q": null,
            "common_shares": 909220,
            "book_valuer_per_share": 11.55,
            "book_valuer_per_share_4q_avg": 11.13,
            "equity": 1050302,
            "current_ratio": 234.61,
            "debt_ratio": 31.6,
            "inventory_turnover_ratio": 1.09,
            "account_receivable_turnover_ratio": null,
            "reinvestment_rate": -10,
            "research_to_sale_ratio": null,
            "price_fair": 37.57,
            "eps_avg_yearly": 1.07,
            "eps_latest_yearly": 1.16,
            "eps_growth_yearly": 3665.75
        },
        "20061": {
            "year_quarter": 20061,
            "year": 2006,
            "quarter": 1,
            "eps": 0.25,
            "eps_growth_year": 108.33,
            "eps_4q": 0.86,
            "eps_4q_growth_year": 1076.28,
            "roe": 2.18,
            "roe_4q": 7.85,
            "gross_profit": 49148,
            "gross_margin": 24.1,
            "gross_margin_4q_avg": 23.52,
            "net_income": 23321,
            "net_income_4q": null,
            "revenue": 203905,
            "revenue_4q": null,
            "common_shares": 919387,
            "book_valuer_per_share": 11.8,
            "book_valuer_per_share_4q_avg": 11.3,
            "equity": 1084880,
            "current_ratio": 318.6,
            "debt_ratio": 20.07,
            "inventory_turnover_ratio": 0.94,
            "account_receivable_turnover_ratio": null,
            "reinvestment_rate": -3.84,
            "research_to_sale_ratio": null,
            "price_fair": 35.12,
            "eps_avg_yearly": 1,
            "eps_latest_yearly": 1,
            "eps_growth_yearly": 3658.83
        },
        "20062": {
            "year_quarter": 20062,
            "year": 2006,
            "quarter": 2,
            "eps": 0.33,
            "eps_growth_year": null,
            "eps_4q": 1.26,
            "eps_4q_growth_year": null,
            "roe": 2.67,
            "roe_4q": 10.75,
            "gross_profit": 62802,
            "gross_margin": 26.09,
            "gross_margin_4q_avg": 23.86,
            "net_income": 29000,
            "net_income_4q": null,
            "revenue": 240681,
            "revenue_4q": null,
            "common_shares": 951826,
            "book_valuer_per_share": 11.45,
            "book_valuer_per_share_4q_avg": 11.51,
            "equity": 1090132,
            "current_ratio": 265,
            "debt_ratio": 22.73,
            "inventory_turnover_ratio": 1.85,
            "account_receivable_turnover_ratio": null,
            "reinvestment_rate": 10.52,
            "research_to_sale_ratio": null,
            "price_fair": 38.85,
            "eps_avg_yearly": 1.11,
            "eps_latest_yearly": 1.32,
            "eps_growth_yearly": 3702.11
        },
        "20063": {
            "year_quarter": 20063,
            "year": 2006,
            "quarter": 3,
            "eps": 0.49,
            "eps_growth_year": 22.5,
            "eps_4q": 1.34,
            "eps_4q_growth_year": 1089.62,
            "roe": 3.96,
            "roe_4q": 11.200000000000001,
            "gross_profit": 64835,
            "gross_margin": 25.03,
            "gross_margin_4q_avg": 24.53,
            "net_income": 44573,
            "net_income_4q": null,
            "revenue": 259031,
            "revenue_4q": null,
            "common_shares": 980758,
            "book_valuer_per_share": 11.83,
            "book_valuer_per_share_4q_avg": 11.66,
            "equity": 1160481,
            "current_ratio": 249.35,
            "debt_ratio": 23.8,
            "inventory_turnover_ratio": 2.02,
            "account_receivable_turnover_ratio": null,
            "reinvestment_rate": 17.13,
            "research_to_sale_ratio": null,
            "price_fair": 33.13,
            "eps_avg_yearly": 0.95,
            "eps_latest_yearly": 1.96,
            "eps_growth_yearly": 484.93
        },
        "20064": {
            "year_quarter": 20064,
            "year": 2006,
            "quarter": 4,
            "eps": 0.32,
            "eps_growth_year": 10.34,
            "eps_4q": 1.38,
            "eps_4q_growth_year": 76.6,
            "roe": 2.48,
            "roe_4q": 11.29,
            "gross_profit": 59957,
            "gross_margin": 28.4,
            "gross_margin_4q_avg": 25.91,
            "net_income": 29230,
            "net_income_4q": null,
            "revenue": 211117,
            "revenue_4q": null,
            "common_shares": 985842,
            "book_valuer_per_share": 12.14,
            "book_valuer_per_share_4q_avg": 11.81,
            "equity": 1196928,
            "current_ratio": 311.95,
            "debt_ratio": 24.5,
            "inventory_turnover_ratio": 0.96,
            "account_receivable_turnover_ratio": null,
            "reinvestment_rate": 16.71,
            "research_to_sale_ratio": null,
            "price_fair": 36.17,
            "eps_avg_yearly": 1.03,
            "eps_latest_yearly": 1.28,
            "eps_growth_yearly": 504.66
        },
        "20071": {
            "year_quarter": 20071,
            "year": 2007,
            "quarter": 1,
            "eps": 0.33,
            "eps_growth_year": 32,
            "eps_4q": 1.42,
            "eps_4q_growth_year": 66.09,
            "roe": 2.55,
            "roe_4q": 11.659999999999998,
            "gross_profit": 56311,
            "gross_margin": 25.67,
            "gross_margin_4q_avg": 26.3,
            "net_income": 31117,
            "net_income_4q": null,
            "revenue": 219332,
            "revenue_4q": null,
            "common_shares": 988196,
            "book_valuer_per_share": 12.61,
            "book_valuer_per_share_4q_avg": 12.01,
            "equity": 1246528,
            "current_ratio": 329.91,
            "debt_ratio": 17.61,
            "inventory_turnover_ratio": 1.16,
            "account_receivable_turnover_ratio": null,
            "reinvestment_rate": 23.39,
            "research_to_sale_ratio": null,
            "price_fair": 38.97,
            "eps_avg_yearly": 1.11,
            "eps_latest_yearly": 1.32,
            "eps_growth_yearly": 489.04
        },
        "20072": {
            "year_quarter": 20072,
            "year": 2007,
            "quarter": 2,
            "eps": 0.7,
            "eps_growth_year": 112.12,
            "eps_4q": 1.81,
            "eps_4q_growth_year": 43.22,
            "roe": 5.31,
            "roe_4q": 14.3,
            "gross_profit": 83173,
            "gross_margin": 25.69,
            "gross_margin_4q_avg": 26.2,
            "net_income": 66304,
            "net_income_4q": null,
            "revenue": 323807,
            "revenue_4q": null,
            "common_shares": 988196,
            "book_valuer_per_share": 12.65,
            "book_valuer_per_share_4q_avg": 12.31,
            "equity": 1250473,
            "current_ratio": 230.36,
            "debt_ratio": 24.09,
            "inventory_turnover_ratio": 3.58,
            "account_receivable_turnover_ratio": null,
            "reinvestment_rate": 18.01,
            "research_to_sale_ratio": null,
            "price_fair": 46.2,
            "eps_avg_yearly": 1.32,
            "eps_latest_yearly": 2.8,
            "eps_growth_yearly": 530.11
        },
        "20073": {
            "year_quarter": 20073,
            "year": 2007,
            "quarter": 3,
            "eps": 0.55,
            "eps_growth_year": 12.24,
            "eps_4q": 1.79,
            "eps_4q_growth_year": 33.86,
            "roe": 4.4,
            "roe_4q": 14.740000000000002,
            "gross_profit": 75297,
            "gross_margin": 25.32,
            "gross_margin_4q_avg": 26.27,
            "net_income": 56211,
            "net_income_4q": null,
            "revenue": 297355,
            "revenue_4q": null,
            "common_shares": 1043526,
            "book_valuer_per_share": 12.51,
            "book_valuer_per_share_4q_avg": 12.48,
            "equity": 1304962,
            "current_ratio": 282.94,
            "debt_ratio": 19.35,
            "inventory_turnover_ratio": 3.4,
            "account_receivable_turnover_ratio": null,
            "reinvestment_rate": 15.49,
            "research_to_sale_ratio": null,
            "price_fair": 50.63,
            "eps_avg_yearly": 1.45,
            "eps_latest_yearly": 2.2,
            "eps_growth_yearly": 485.47
        },
        "20074": {
            "year_quarter": 20074,
            "year": 2007,
            "quarter": 4,
            "eps": 0.37,
            "eps_growth_year": 15.62,
            "eps_4q": 1.89,
            "eps_4q_growth_year": 36.79,
            "roe": 2.85,
            "roe_4q": 15.11,
            "gross_profit": 70955,
            "gross_margin": 27,
            "gross_margin_4q_avg": 25.92,
            "net_income": 37429,
            "net_income_4q": null,
            "revenue": 262830,
            "revenue_4q": null,
            "common_shares": 1043526,
            "book_valuer_per_share": 12.65,
            "book_valuer_per_share_4q_avg": 12.61,
            "equity": 1320069,
            "current_ratio": 244.99,
            "debt_ratio": 28.58,
            "inventory_turnover_ratio": 1.32,
            "account_receivable_turnover_ratio": null,
            "reinvestment_rate": 26.52,
            "research_to_sale_ratio": null,
            "price_fair": 54.48,
            "eps_avg_yearly": 1.56,
            "eps_latest_yearly": 1.48,
            "eps_growth_yearly": 500.05
        },
        "20081": {
            "year_quarter": 20081,
            "year": 2008,
            "quarter": 1,
            "eps": 0.09,
            "eps_growth_year": -72.73,
            "eps_4q": 1.64,
            "eps_4q_growth_year": 15.52,
            "roe": 0.71,
            "roe_4q": 13.27,
            "gross_profit": 93766,
            "gross_margin": 31.87,
            "gross_margin_4q_avg": 27.47,
            "net_income": 9283,
            "net_income_4q": null,
            "revenue": 294175,
            "revenue_4q": null,
            "common_shares": 1043526,
            "book_valuer_per_share": 12.29,
            "book_valuer_per_share_4q_avg": 12.53,
            "equity": 1282241,
            "current_ratio": 233.57,
            "debt_ratio": 30.14,
            "inventory_turnover_ratio": 0.86,
            "account_receivable_turnover_ratio": null,
            "reinvestment_rate": 105.21,
            "research_to_sale_ratio": null,
            "price_fair": 4.09,
            "eps_avg_yearly": 1.36,
            "eps_latest_yearly": 0.36,
            "eps_growth_yearly": -50.17
        },
        "20082": {
            "year_quarter": 20082,
            "year": 2008,
            "quarter": 2,
            "eps": 0.31,
            "eps_growth_year": -55.71,
            "eps_4q": 1.31,
            "eps_4q_growth_year": -27.66,
            "roe": 2.51,
            "roe_4q": 10.47,
            "gross_profit": 104174,
            "gross_margin": 28.65,
            "gross_margin_4q_avg": 28.21,
            "net_income": 31982,
            "net_income_4q": null,
            "revenue": 363668,
            "revenue_4q": null,
            "common_shares": 1043526,
            "book_valuer_per_share": 12.16,
            "book_valuer_per_share_4q_avg": 12.4,
            "equity": 1268608,
            "current_ratio": 222.49,
            "debt_ratio": 30.97,
            "inventory_turnover_ratio": 1.09,
            "account_receivable_turnover_ratio": null,
            "reinvestment_rate": 107.33,
            "research_to_sale_ratio": null,
            "price_fair": 47.37,
            "eps_avg_yearly": 1.35,
            "eps_latest_yearly": 1.24,
            "eps_growth_yearly": 47.73
        },
        "20083": {
            "year_quarter": 20083,
            "year": 2008,
            "quarter": 3,
            "eps": 0.27,
            "eps_growth_year": -50.91,
            "eps_4q": 0.97,
            "eps_4q_growth_year": -45.85,
            "roe": 2.34,
            "roe_4q": 8.41,
            "gross_profit": 110182,
            "gross_margin": 30.67,
            "gross_margin_4q_avg": 29.55,
            "net_income": 30403,
            "net_income_4q": null,
            "revenue": 359287,
            "revenue_4q": null,
            "common_shares": 1161119,
            "book_valuer_per_share": 11.45,
            "book_valuer_per_share_4q_avg": 12.14,
            "equity": 1329421,
            "current_ratio": 258.79,
            "debt_ratio": 25.98,
            "inventory_turnover_ratio": 1.04,
            "account_receivable_turnover_ratio": null,
            "reinvestment_rate": 108.61,
            "research_to_sale_ratio": null,
            "price_fair": 50.17,
            "eps_avg_yearly": 1.43,
            "eps_latest_yearly": 1.08,
            "eps_growth_yearly": 73.82
        },
        "20084": {
            "year_quarter": 20084,
            "year": 2008,
            "quarter": 4,
            "eps": 0.34,
            "eps_growth_year": -8.11,
            "eps_4q": 0.97,
            "eps_4q_growth_year": -48.68,
            "roe": 2.87,
            "roe_4q": 8.43,
            "gross_profit": 126193,
            "gross_margin": 39.42,
            "gross_margin_4q_avg": 32.65,
            "net_income": 38725,
            "net_income_4q": null,
            "revenue": 320140,
            "revenue_4q": null,
            "common_shares": 1161119,
            "book_valuer_per_share": 11.81,
            "book_valuer_per_share_4q_avg": 11.93,
            "equity": 1370790,
            "current_ratio": 362.15,
            "debt_ratio": 18.86,
            "inventory_turnover_ratio": 0.84,
            "account_receivable_turnover_ratio": 1.75,
            "reinvestment_rate": 33.64,
            "research_to_sale_ratio": null,
            "price_fair": 49.97,
            "eps_avg_yearly": 1.43,
            "eps_latest_yearly": 1.36,
            "eps_growth_yearly": 76.12
        },
        "20091": {
            "year_quarter": 20091,
            "year": 2009,
            "quarter": 1,
            "eps": 0.11,
            "eps_growth_year": 22.22,
            "eps_4q": 1.02,
            "eps_4q_growth_year": -38.07,
            "roe": 0.88,
            "roe_4q": 8.6,
            "gross_profit": 78922,
            "gross_margin": 31.05,
            "gross_margin_4q_avg": 32.45,
            "net_income": 12275,
            "net_income_4q": null,
            "revenue": 254195,
            "revenue_4q": null,
            "common_shares": 1161119,
            "book_valuer_per_share": 12.16,
            "book_valuer_per_share_4q_avg": 11.9,
            "equity": 1411664,
            "current_ratio": 346.59,
            "debt_ratio": 19.7,
            "inventory_turnover_ratio": 0.79,
            "account_receivable_turnover_ratio": 0.75,
            "reinvestment_rate": 96.12,
            "research_to_sale_ratio": null,
            "price_fair": 47.5,
            "eps_avg_yearly": 1.36,
            "eps_latest_yearly": 0.44,
            "eps_growth_yearly": 51.35
        },
        "20092": {
            "year_quarter": 20092,
            "year": 2009,
            "quarter": 2,
            "eps": 0.22,
            "eps_growth_year": -29.03,
            "eps_4q": 0.92,
            "eps_4q_growth_year": -29.31,
            "roe": 1.86,
            "roe_4q": 7.95,
            "gross_profit": 127652,
            "gross_margin": 38.21,
            "gross_margin_4q_avg": 34.84,
            "net_income": 25425,
            "net_income_4q": null,
            "revenue": 334063,
            "revenue_4q": null,
            "common_shares": 1161119,
            "book_valuer_per_share": 11.44,
            "book_valuer_per_share_4q_avg": 11.72,
            "equity": 1328786,
            "current_ratio": 232.83,
            "debt_ratio": 28.48,
            "inventory_turnover_ratio": 0.8,
            "account_receivable_turnover_ratio": 0.96,
            "reinvestment_rate": 94.81,
            "research_to_sale_ratio": null,
            "price_fair": 46.39,
            "eps_avg_yearly": 1.33,
            "eps_latest_yearly": 0.88,
            "eps_growth_yearly": 74.6
        },
        "20093": {
            "year_quarter": 20093,
            "year": 2009,
            "quarter": 3,
            "eps": 0.25,
            "eps_growth_year": -7.41,
            "eps_4q": 0.91,
            "eps_4q_growth_year": -5.68,
            "roe": 2.15,
            "roe_4q": 7.76,
            "gross_profit": 130647,
            "gross_margin": 37,
            "gross_margin_4q_avg": 36.42,
            "net_income": 28783,
            "net_income_4q": null,
            "revenue": 353096,
            "revenue_4q": null,
            "common_shares": 1161119,
            "book_valuer_per_share": 11.62,
            "book_valuer_per_share_4q_avg": 11.76,
            "equity": 1349136,
            "current_ratio": 235.3,
            "debt_ratio": 28.34,
            "inventory_turnover_ratio": 0.73,
            "account_receivable_turnover_ratio": 0.93,
            "reinvestment_rate": 97.8,
            "research_to_sale_ratio": null,
            "price_fair": 45.68,
            "eps_avg_yearly": 1.31,
            "eps_latest_yearly": 1,
            "eps_growth_yearly": 73.34
        },
        "20094": {
            "year_quarter": 20094,
            "year": 2009,
            "quarter": 4,
            "eps": 0.34,
            "eps_growth_year": 0,
            "eps_4q": 0.92,
            "eps_4q_growth_year": -4.64,
            "roe": 2.85,
            "roe_4q": 7.74,
            "gross_profit": 144758,
            "gross_margin": 37.27,
            "gross_margin_4q_avg": 35.88,
            "net_income": 38984,
            "net_income_4q": null,
            "revenue": 388395,
            "revenue_4q": null,
            "common_shares": 1161119,
            "book_valuer_per_share": 12.14,
            "book_valuer_per_share_4q_avg": 11.84,
            "equity": 1385143,
            "current_ratio": 245.55,
            "debt_ratio": 27.47,
            "inventory_turnover_ratio": 0.75,
            "account_receivable_turnover_ratio": 1.16,
            "reinvestment_rate": 63.34,
            "research_to_sale_ratio": null,
            "price_fair": 46.11,
            "eps_avg_yearly": 1.32,
            "eps_latest_yearly": 1.36,
            "eps_growth_yearly": 89.22
        },
        "20101": {
            "year_quarter": 20101,
            "year": 2010,
            "quarter": 1,
            "eps": 0.3,
            "eps_growth_year": 172.73,
            "eps_4q": 1.12,
            "eps_4q_growth_year": 10.05,
            "roe": 2.46,
            "roe_4q": 9.32,
            "gross_profit": 140958,
            "gross_margin": 35.31,
            "gross_margin_4q_avg": 36.95,
            "net_income": 34406,
            "net_income_4q": null,
            "revenue": 399216,
            "revenue_4q": null,
            "common_shares": 1161119,
            "book_valuer_per_share": 12.4,
            "book_valuer_per_share_4q_avg": 11.9,
            "equity": 1414934,
            "current_ratio": 329.37,
            "debt_ratio": 31.42,
            "inventory_turnover_ratio": 0.74,
            "account_receivable_turnover_ratio": 0.72,
            "reinvestment_rate": 112.86,
            "research_to_sale_ratio": 3.71,
            "price_fair": 46.55,
            "eps_avg_yearly": 1.33,
            "eps_latest_yearly": 1.2,
            "eps_growth_yearly": 89.72
        },
        "20102": {
            "year_quarter": 20102,
            "year": 2010,
            "quarter": 2,
            "eps": 0.49,
            "eps_growth_year": 120.85,
            "eps_4q": 1.35,
            "eps_4q_growth_year": 46,
            "roe": 4.02,
            "roe_4q": 11.48,
            "gross_profit": 202724,
            "gross_margin": 36.89,
            "gross_margin_4q_avg": 36.62,
            "net_income": 57479,
            "net_income_4q": null,
            "revenue": 549488,
            "revenue_4q": null,
            "common_shares": 1161119,
            "book_valuer_per_share": 12.61,
            "book_valuer_per_share_4q_avg": 12.19,
            "equity": 1443347,
            "current_ratio": 237.74,
            "debt_ratio": 39.44,
            "inventory_turnover_ratio": 0.85,
            "account_receivable_turnover_ratio": 0.75,
            "reinvestment_rate": 127.34,
            "research_to_sale_ratio": 3.29,
            "price_fair": 47.95,
            "eps_avg_yearly": 1.37,
            "eps_latest_yearly": 1.96,
            "eps_growth_yearly": 97.56
        },
        "20103": {
            "year_quarter": 20103,
            "year": 2010,
            "quarter": 3,
            "eps": 0.32,
            "eps_growth_year": 28.02,
            "eps_4q": 1.41,
            "eps_4q_growth_year": 54.53,
            "roe": 2.58,
            "roe_4q": 11.909999999999998,
            "gross_profit": 148606,
            "gross_margin": 32.92,
            "gross_margin_4q_avg": 35.6,
            "net_income": 38168,
            "net_income_4q": null,
            "revenue": 451358,
            "revenue_4q": null,
            "common_shares": 1202999,
            "book_valuer_per_share": 12.57,
            "book_valuer_per_share_4q_avg": 12.43,
            "equity": 1518407,
            "current_ratio": 220.22,
            "debt_ratio": 39.43,
            "inventory_turnover_ratio": 0.63,
            "account_receivable_turnover_ratio": 0.47,
            "reinvestment_rate": 137.44,
            "research_to_sale_ratio": 3.69,
            "price_fair": 46.46,
            "eps_avg_yearly": 1.33,
            "eps_latest_yearly": 1.28,
            "eps_growth_yearly": 76.76
        },
        "20104": {
            "year_quarter": 20104,
            "year": 2010,
            "quarter": 4,
            "eps": -0.08,
            "eps_growth_year": -124.38,
            "eps_4q": 1,
            "eps_4q_growth_year": 8.62,
            "roe": -0.69,
            "roe_4q": 8.370000000000001,
            "gross_profit": 103446,
            "gross_margin": 29.15,
            "gross_margin_4q_avg": 33.57,
            "net_income": -10243,
            "net_income_4q": null,
            "revenue": 354817,
            "revenue_4q": null,
            "common_shares": 1218350,
            "book_valuer_per_share": 12.08,
            "book_valuer_per_share_4q_avg": 12.42,
            "equity": 1459283,
            "current_ratio": 252.73,
            "debt_ratio": 34.28,
            "inventory_turnover_ratio": 0.53,
            "account_receivable_turnover_ratio": 0.44,
            "reinvestment_rate": 88.77,
            "research_to_sale_ratio": 4.38,
            "price_fair": 46.57,
            "eps_avg_yearly": 1.33,
            "eps_latest_yearly": 1.28,
            "eps_growth_yearly": 91.13
        },
        "20111": {
            "year_quarter": 20111,
            "year": 2011,
            "quarter": 1,
            "eps": 0.15,
            "eps_growth_year": -50,
            "eps_4q": 0.84,
            "eps_4q_growth_year": -24.81,
            "roe": 1.14,
            "roe_4q": 7.05,
            "gross_profit": 102077,
            "gross_margin": 28.27,
            "gross_margin_4q_avg": 31.81,
            "net_income": 17363,
            "net_income_4q": null,
            "revenue": 361084,
            "revenue_4q": null,
            "common_shares": 1198350,
            "book_valuer_per_share": 12.65,
            "book_valuer_per_share_4q_avg": 12.48,
            "equity": 1577760,
            "current_ratio": 243.11,
            "debt_ratio": 31.88,
            "inventory_turnover_ratio": 0.56,
            "account_receivable_turnover_ratio": 0.5,
            "reinvestment_rate": 143.43,
            "research_to_sale_ratio": 3.42,
            "price_fair": 46.6,
            "eps_avg_yearly": 1.33,
            "eps_latest_yearly": 1.28,
            "eps_growth_yearly": 96.75
        },
        "20112": {
            "year_quarter": 20112,
            "year": 2011,
            "quarter": 2,
            "eps": 0.17,
            "eps_growth_year": -65.91,
            "eps_4q": 0.53,
            "eps_4q_growth_year": -61,
            "roe": 1.29,
            "roe_4q": 4.32,
            "gross_profit": 128539,
            "gross_margin": 28.71,
            "gross_margin_4q_avg": 29.76,
            "net_income": 19998,
            "net_income_4q": null,
            "revenue": 447692,
            "revenue_4q": null,
            "common_shares": 1234073,
            "book_valuer_per_share": 12.17,
            "book_valuer_per_share_4q_avg": 12.37,
            "equity": 1518512,
            "current_ratio": 212.57,
            "debt_ratio": 35.94,
            "inventory_turnover_ratio": 0.68,
            "account_receivable_turnover_ratio": 0.6,
            "reinvestment_rate": 155.03,
            "research_to_sale_ratio": 3.49,
            "price_fair": 41.3,
            "eps_avg_yearly": 1.18,
            "eps_latest_yearly": 0.68,
            "eps_growth_yearly": 68.52
        },
        "20113": {
            "year_quarter": 20113,
            "year": 2011,
            "quarter": 3,
            "eps": 0.18,
            "eps_growth_year": -44.41,
            "eps_4q": 0.41,
            "eps_4q_growth_year": -71.3,
            "roe": 1.41,
            "roe_4q": 3.15,
            "gross_profit": 117370,
            "gross_margin": 26.98,
            "gross_margin_4q_avg": 28.28,
            "net_income": 21871,
            "net_income_4q": null,
            "revenue": 435042,
            "revenue_4q": null,
            "common_shares": 1283032,
            "book_valuer_per_share": 12.28,
            "book_valuer_per_share_4q_avg": 12.3,
            "equity": 1590585,
            "current_ratio": 309,
            "debt_ratio": 31.23,
            "inventory_turnover_ratio": 0.69,
            "account_receivable_turnover_ratio": 0.59,
            "reinvestment_rate": 172.68,
            "research_to_sale_ratio": 3.69,
            "price_fair": 37.6,
            "eps_avg_yearly": 1.07,
            "eps_latest_yearly": 0.72,
            "eps_growth_yearly": 76.33
        },
        "20114": {
            "year_quarter": 20114,
            "year": 2011,
            "quarter": 4,
            "eps": -0.12,
            "eps_growth_year": null,
            "eps_4q": 0.36,
            "eps_4q_growth_year": -63.82,
            "roe": -1.03,
            "roe_4q": 2.8099999999999996,
            "gross_profit": 92190,
            "gross_margin": 25.31,
            "gross_margin_4q_avg": 27.32,
            "net_income": -16253,
            "net_income_4q": null,
            "revenue": 364181,
            "revenue_4q": null,
            "common_shares": 1283032,
            "book_valuer_per_share": 12.19,
            "book_valuer_per_share_4q_avg": 12.32,
            "equity": 1578066,
            "current_ratio": 330.6,
            "debt_ratio": 30.39,
            "inventory_turnover_ratio": 0.6,
            "account_receivable_turnover_ratio": 0.54,
            "reinvestment_rate": 90.22,
            "research_to_sale_ratio": 4.72,
            "price_fair": 36.51,
            "eps_avg_yearly": 1.04,
            "eps_latest_yearly": 0.72,
            "eps_growth_yearly": 92.27
        },
        "20121": {
            "year_quarter": 20121,
            "year": 2012,
            "quarter": 1,
            "eps": 0.01,
            "eps_growth_year": -93.33,
            "eps_4q": 0.23,
            "eps_4q_growth_year": -72.54,
            "roe": 0.01,
            "roe_4q": 1.68,
            "gross_profit": 101701,
            "gross_margin": 25.51,
            "gross_margin_4q_avg": 26.63,
            "net_income": 111,
            "net_income_4q": null,
            "revenue": 398669,
            "revenue_4q": null,
            "common_shares": 1283032,
            "book_valuer_per_share": 12.06,
            "book_valuer_per_share_4q_avg": 12.18,
            "equity": 1560906,
            "current_ratio": 265.37,
            "debt_ratio": 30.94,
            "inventory_turnover_ratio": 0.66,
            "account_receivable_turnover_ratio": 0.59,
            "reinvestment_rate": 90.18,
            "research_to_sale_ratio": 3.82,
            "price_fair": 38.5,
            "eps_avg_yearly": 1.1,
            "eps_latest_yearly": 0.72,
            "eps_growth_yearly": 125.18
        },
        "20122": {
            "year_quarter": 20122,
            "year": 2012,
            "quarter": 2,
            "eps": 0.03,
            "eps_growth_year": -79.74,
            "eps_4q": 0.1,
            "eps_4q_growth_year": -81.23,
            "roe": 0.21,
            "roe_4q": 0.5999999999999999,
            "gross_profit": 129314,
            "gross_margin": 27.6,
            "gross_margin_4q_avg": 26.35,
            "net_income": 3268,
            "net_income_4q": null,
            "revenue": 468571,
            "revenue_4q": null,
            "common_shares": 1283032,
            "book_valuer_per_share": 11.63,
            "book_valuer_per_share_4q_avg": 12.04,
            "equity": 1505110,
            "current_ratio": 238.31,
            "debt_ratio": 31.7,
            "inventory_turnover_ratio": 0.8,
            "account_receivable_turnover_ratio": 0.7,
            "reinvestment_rate": 82.17,
            "research_to_sale_ratio": 2.85,
            "price_fair": 35.23,
            "eps_avg_yearly": 1.01,
            "eps_latest_yearly": 0.12,
            "eps_growth_yearly": 110.37
        },
        "20123": {
            "year_quarter": 20123,
            "year": 2012,
            "quarter": 3,
            "eps": 0.14,
            "eps_growth_year": -18.51,
            "eps_4q": 0.07,
            "eps_4q_growth_year": -83.76,
            "roe": 1.22,
            "roe_4q": 0.4099999999999999,
            "gross_profit": 104736,
            "gross_margin": 26.37,
            "gross_margin_4q_avg": 26.2,
            "net_income": 18430,
            "net_income_4q": null,
            "revenue": 397138,
            "revenue_4q": null,
            "common_shares": 1283032,
            "book_valuer_per_share": 11.73,
            "book_valuer_per_share_4q_avg": 11.9,
            "equity": 1515929,
            "current_ratio": 268.12,
            "debt_ratio": 28.21,
            "inventory_turnover_ratio": 0.74,
            "account_receivable_turnover_ratio": 0.68,
            "reinvestment_rate": 68,
            "research_to_sale_ratio": 3.1,
            "price_fair": 33.72,
            "eps_avg_yearly": 0.96,
            "eps_latest_yearly": 0.56,
            "eps_growth_yearly": 236.89
        },
        "20124": {
            "year_quarter": 20124,
            "year": 2012,
            "quarter": 4,
            "eps": 0.08,
            "eps_growth_year": null,
            "eps_4q": 0.28,
            "eps_4q_growth_year": -23.03,
            "roe": 0.69,
            "roe_4q": 2.13,
            "gross_profit": 117070,
            "gross_margin": 28.78,
            "gross_margin_4q_avg": 27.07,
            "net_income": 10178,
            "net_income_4q": null,
            "revenue": 406823,
            "revenue_4q": null,
            "common_shares": 1283032,
            "book_valuer_per_share": 11.87,
            "book_valuer_per_share_4q_avg": 11.82,
            "equity": 1446170,
            "current_ratio": 236.7,
            "debt_ratio": 31.76,
            "inventory_turnover_ratio": 0.74,
            "account_receivable_turnover_ratio": 0.74,
            "reinvestment_rate": 61.86,
            "research_to_sale_ratio": 2.77,
            "price_fair": 30.68,
            "eps_avg_yearly": 0.88,
            "eps_latest_yearly": 0.32,
            "eps_growth_yearly": 213.96
        },
        "20131": {
            "year_quarter": 20131,
            "year": 2013,
            "quarter": 1,
            "eps": 0.24,
            "eps_growth_year": 2300,
            "eps_4q": 0.52,
            "eps_4q_growth_year": 124.33,
            "roe": 1.93,
            "roe_4q": 4.05,
            "gross_profit": 114284,
            "gross_margin": 29.79,
            "gross_margin_4q_avg": 28.14,
            "net_income": 28150,
            "net_income_4q": null,
            "revenue": 383693,
            "revenue_4q": null,
            "common_shares": 1183032,
            "book_valuer_per_share": 12.37,
            "book_valuer_per_share_4q_avg": 11.9,
            "equity": 1473279,
            "current_ratio": 233.24,
            "debt_ratio": 33.37,
            "inventory_turnover_ratio": 0.66,
            "account_receivable_turnover_ratio": 0.72,
            "reinvestment_rate": 55.11,
            "research_to_sale_ratio": 2.67,
            "price_fair": 32.2,
            "eps_avg_yearly": 0.92,
            "eps_latest_yearly": 0.96,
            "eps_growth_yearly": 303.18
        },
        "20132": {
            "year_quarter": 20132,
            "year": 2013,
            "quarter": 2,
            "eps": 0.41,
            "eps_growth_year": 1121.66,
            "eps_4q": 0.89,
            "eps_4q_growth_year": 799.94,
            "roe": 3.22,
            "roe_4q": 7.06,
            "gross_profit": 150835,
            "gross_margin": 30.88,
            "gross_margin_4q_avg": 28.96,
            "net_income": 47825,
            "net_income_4q": null,
            "revenue": 488423,
            "revenue_4q": null,
            "common_shares": 1183032,
            "book_valuer_per_share": 12.61,
            "book_valuer_per_share_4q_avg": 12.15,
            "equity": 1501631,
            "current_ratio": 235.55,
            "debt_ratio": 33.94,
            "inventory_turnover_ratio": 0.86,
            "account_receivable_turnover_ratio": 0.94,
            "reinvestment_rate": 42.5,
            "research_to_sale_ratio": 2.91,
            "price_fair": 34.42,
            "eps_avg_yearly": 0.98,
            "eps_latest_yearly": 1.64,
            "eps_growth_yearly": 293.46
        },
        "20133": {
            "year_quarter": 20133,
            "year": 2013,
            "quarter": 3,
            "eps": 0.36,
            "eps_growth_year": 148.33,
            "eps_4q": 1.09,
            "eps_4q_growth_year": 1558.64,
            "roe": 2.82,
            "roe_4q": 8.66,
            "gross_profit": 138585,
            "gross_margin": 29.36,
            "gross_margin_4q_avg": 29.7,
            "net_income": 42824,
            "net_income_4q": null,
            "revenue": 471945,
            "revenue_4q": null,
            "common_shares": 1183032,
            "book_valuer_per_share": 12.88,
            "book_valuer_per_share_4q_avg": 12.43,
            "equity": 1533360,
            "current_ratio": 263.02,
            "debt_ratio": 31.36,
            "inventory_turnover_ratio": 0.96,
            "account_receivable_turnover_ratio": 0.87,
            "reinvestment_rate": 33.31,
            "research_to_sale_ratio": 2.31,
            "price_fair": 35.7,
            "eps_avg_yearly": 1.02,
            "eps_latest_yearly": 1.44,
            "eps_growth_yearly": 284.85
        },
        "20134": {
            "year_quarter": 20134,
            "year": 2013,
            "quarter": 4,
            "eps": 0.32,
            "eps_growth_year": 290.3,
            "eps_4q": 1.33,
            "eps_4q_growth_year": 376.27,
            "roe": 2.56,
            "roe_4q": 10.53,
            "gross_profit": 109118,
            "gross_margin": 26.74,
            "gross_margin_4q_avg": 29.19,
            "net_income": 39923,
            "net_income_4q": null,
            "revenue": 408122,
            "revenue_4q": null,
            "common_shares": 1183032,
            "book_valuer_per_share": 13.36,
            "book_valuer_per_share_4q_avg": 12.81,
            "equity": 1591776,
            "current_ratio": 264.03,
            "debt_ratio": 31.22,
            "inventory_turnover_ratio": 0.88,
            "account_receivable_turnover_ratio": 0.76,
            "reinvestment_rate": 3.51,
            "research_to_sale_ratio": 3.17,
            "price_fair": 35.47,
            "eps_avg_yearly": 1.01,
            "eps_latest_yearly": 1.28,
            "eps_growth_yearly": 269.14
        },
        "20141": {
            "year_quarter": 20141,
            "year": 2014,
            "quarter": 1,
            "eps": 0.11,
            "eps_growth_year": -54.17,
            "eps_4q": 1.2,
            "eps_4q_growth_year": 132.16,
            "roe": 0.83,
            "roe_4q": 9.43,
            "gross_profit": 99752,
            "gross_margin": 27.14,
            "gross_margin_4q_avg": 28.53,
            "net_income": 13324,
            "net_income_4q": null,
            "revenue": 367521,
            "revenue_4q": null,
            "common_shares": 1183032,
            "book_valuer_per_share": 13.51,
            "book_valuer_per_share_4q_avg": 13.09,
            "equity": 1609526,
            "current_ratio": 270.43,
            "debt_ratio": 30.8,
            "inventory_turnover_ratio": 0.73,
            "account_receivable_turnover_ratio": 0.71,
            "reinvestment_rate": -2.26,
            "research_to_sale_ratio": 3.4,
            "price_fair": 33.25,
            "eps_avg_yearly": 0.95,
            "eps_latest_yearly": 0.44,
            "eps_growth_yearly": 251.19
        },
        "20142": {
            "year_quarter": 20142,
            "year": 2014,
            "quarter": 2,
            "eps": 0.38,
            "eps_growth_year": -7.32,
            "eps_4q": 1.17,
            "eps_4q_growth_year": 32.18,
            "roe": 2.89,
            "roe_4q": 9.1,
            "gross_profit": 143218,
            "gross_margin": 30.13,
            "gross_margin_4q_avg": 28.34,
            "net_income": 45277,
            "net_income_4q": null,
            "revenue": 475299,
            "revenue_4q": null,
            "common_shares": 1183032,
            "book_valuer_per_share": 12.75,
            "book_valuer_per_share_4q_avg": 13.13,
            "equity": 1519410,
            "current_ratio": 218.84,
            "debt_ratio": 37.09,
            "inventory_turnover_ratio": 0.85,
            "account_receivable_turnover_ratio": 0.88,
            "reinvestment_rate": -57.34,
            "research_to_sale_ratio": 2.39,
            "price_fair": 31.97,
            "eps_avg_yearly": 0.91,
            "eps_latest_yearly": 1.52,
            "eps_growth_yearly": 311.9
        },
        "20143": {
            "year_quarter": 20143,
            "year": 2014,
            "quarter": 3,
            "eps": 0.36,
            "eps_growth_year": 0,
            "eps_4q": 1.17,
            "eps_4q_growth_year": 7.3,
            "roe": 2.74,
            "roe_4q": 9.020000000000001,
            "gross_profit": 130337,
            "gross_margin": 26.09,
            "gross_margin_4q_avg": 27.53,
            "net_income": 42722,
            "net_income_4q": null,
            "revenue": 499631,
            "revenue_4q": null,
            "common_shares": 1183032,
            "book_valuer_per_share": 13.33,
            "book_valuer_per_share_4q_avg": 13.24,
            "equity": 1600426,
            "current_ratio": 220.47,
            "debt_ratio": 37.65,
            "inventory_turnover_ratio": 0.95,
            "account_receivable_turnover_ratio": 0.82,
            "reinvestment_rate": -73.38,
            "research_to_sale_ratio": 2.53,
            "price_fair": 32.43,
            "eps_avg_yearly": 0.93,
            "eps_latest_yearly": 1.44,
            "eps_growth_yearly": 321.71
        },
        "20144": {
            "year_quarter": 20144,
            "year": 2014,
            "quarter": 4,
            "eps": 0.27,
            "eps_growth_year": -17.72,
            "eps_4q": 1.11,
            "eps_4q_growth_year": -16.32,
            "roe": 1.95,
            "roe_4q": 8.41,
            "gross_profit": 118005,
            "gross_margin": 25.66,
            "gross_margin_4q_avg": 27.26,
            "net_income": 31883,
            "net_income_4q": null,
            "revenue": 459946,
            "revenue_4q": null,
            "common_shares": 1183032,
            "book_valuer_per_share": 13.9,
            "book_valuer_per_share_4q_avg": 13.37,
            "equity": 1668748,
            "current_ratio": 244.72,
            "debt_ratio": 34.86,
            "inventory_turnover_ratio": 0.9,
            "account_receivable_turnover_ratio": 0.75,
            "reinvestment_rate": -57.13,
            "research_to_sale_ratio": 2.73,
            "price_fair": 32.85,
            "eps_avg_yearly": 0.94,
            "eps_latest_yearly": 1.08,
            "eps_growth_yearly": 289.27
        },
        "20151": {
            "year_quarter": 20151,
            "year": 2015,
            "quarter": 1,
            "eps": 0.1,
            "eps_growth_year": -9.09,
            "eps_4q": 1.11,
            "eps_4q_growth_year": -8.08,
            "roe": 0.72,
            "roe_4q": 8.3,
            "gross_profit": 105091,
            "gross_margin": 26.23,
            "gross_margin_4q_avg": 27.03,
            "net_income": 11995,
            "net_income_4q": null,
            "revenue": 400620,
            "revenue_4q": null,
            "common_shares": 1183032,
            "book_valuer_per_share": 13.89,
            "book_valuer_per_share_4q_avg": 13.47,
            "equity": 1667849,
            "current_ratio": 245.77,
            "debt_ratio": 34.5,
            "inventory_turnover_ratio": 0.79,
            "account_receivable_turnover_ratio": 0.68,
            "reinvestment_rate": -54.47,
            "research_to_sale_ratio": 2.89,
            "price_fair": 31.5,
            "eps_avg_yearly": 0.9,
            "eps_latest_yearly": 0.4,
            "eps_growth_yearly": 250.62
        },
        "20152": {
            "year_quarter": 20152,
            "year": 2015,
            "quarter": 2,
            "eps": 0.21,
            "eps_growth_year": -44.74,
            "eps_4q": 0.93,
            "eps_4q_growth_year": -20.57,
            "roe": 1.53,
            "roe_4q": 6.94,
            "gross_profit": 118539,
            "gross_margin": 26.13,
            "gross_margin_4q_avg": 26.03,
            "net_income": 24746,
            "net_income_4q": null,
            "revenue": 453736,
            "revenue_4q": null,
            "common_shares": 1183032,
            "book_valuer_per_share": 13.1,
            "book_valuer_per_share_4q_avg": 13.56,
            "equity": 1574084,
            "current_ratio": 217.53,
            "debt_ratio": 38.2,
            "inventory_turnover_ratio": 0.91,
            "account_receivable_turnover_ratio": 0.75,
            "reinvestment_rate": -53.28,
            "research_to_sale_ratio": 2.73,
            "price_fair": 31.9,
            "eps_avg_yearly": 0.91,
            "eps_latest_yearly": 0.84,
            "eps_growth_yearly": 278.23
        },
        "20153": {
            "year_quarter": 20153,
            "year": 2015,
            "quarter": 3,
            "eps": 0.07,
            "eps_growth_year": -80.56,
            "eps_4q": 0.65,
            "eps_4q_growth_year": -44.42,
            "roe": 0.58,
            "roe_4q": 4.78,
            "gross_profit": 89470,
            "gross_margin": 20.81,
            "gross_margin_4q_avg": 24.71,
            "net_income": 9382,
            "net_income_4q": null,
            "revenue": 429986,
            "revenue_4q": null,
            "common_shares": 1183032,
            "book_valuer_per_share": 13.64,
            "book_valuer_per_share_4q_avg": 13.63,
            "equity": 1639219,
            "current_ratio": 250.37,
            "debt_ratio": 36.88,
            "inventory_turnover_ratio": 1.01,
            "account_receivable_turnover_ratio": 0.72,
            "reinvestment_rate": -56.14,
            "research_to_sale_ratio": 2.73,
            "price_fair": 30.8,
            "eps_avg_yearly": 0.88,
            "eps_latest_yearly": 0.28,
            "eps_growth_yearly": 257.51
        },
        "20154": {
            "year_quarter": 20154,
            "year": 2015,
            "quarter": 4,
            "eps": 0.07,
            "eps_growth_year": -75.49,
            "eps_4q": 0.45,
            "eps_4q_growth_year": -59.65,
            "roe": 0.49,
            "roe_4q": 3.3199999999999994,
            "gross_profit": 93968,
            "gross_margin": 24.55,
            "gross_margin_4q_avg": 24.43,
            "net_income": 7879,
            "net_income_4q": null,
            "revenue": 382828,
            "revenue_4q": null,
            "common_shares": 1183032,
            "book_valuer_per_share": 13.38,
            "book_valuer_per_share_4q_avg": 13.5,
            "equity": 1608378,
            "current_ratio": 273.48,
            "debt_ratio": 34.18,
            "inventory_turnover_ratio": 0.98,
            "account_receivable_turnover_ratio": 0.69,
            "reinvestment_rate": -42.2,
            "research_to_sale_ratio": 2.47,
            "price_fair": 29.4,
            "eps_avg_yearly": 0.84,
            "eps_latest_yearly": 0.28,
            "eps_growth_yearly": 240.34
        },
        "20161": {
            "year_quarter": 20161,
            "year": 2016,
            "quarter": 1,
            "eps": 0.11,
            "eps_growth_year": 10,
            "eps_4q": 0.46,
            "eps_4q_growth_year": -58.11,
            "roe": 0.85,
            "roe_4q": 3.45,
            "gross_profit": 95927,
            "gross_margin": 25.85,
            "gross_margin_4q_avg": 24.34,
            "net_income": 13602,
            "net_income_4q": null,
            "revenue": 371110,
            "revenue_4q": null,
            "common_shares": 1183032,
            "book_valuer_per_share": 13.39,
            "book_valuer_per_share_4q_avg": 13.38,
            "equity": 1609206,
            "current_ratio": 239.51,
            "debt_ratio": 37.54,
            "inventory_turnover_ratio": 1.03,
            "account_receivable_turnover_ratio": 0.72,
            "reinvestment_rate": -34.46,
            "research_to_sale_ratio": 2.77,
            "price_fair": 28.53,
            "eps_avg_yearly": 0.82,
            "eps_latest_yearly": 0.44,
            "eps_growth_yearly": 239.6
        },
        "20162": {
            "year_quarter": 20162,
            "year": 2016,
            "quarter": 2,
            "eps": 0.86,
            "eps_growth_year": 309.52,
            "eps_4q": 1.17,
            "eps_4q_growth_year": 25.54,
            "roe": 6.41,
            "roe_4q": 8.33,
            "gross_profit": 113067,
            "gross_margin": 27.21,
            "gross_margin_4q_avg": 24.61,
            "net_income": 100885,
            "net_income_4q": null,
            "revenue": 415479,
            "revenue_4q": null,
            "common_shares": 1183032,
            "book_valuer_per_share": 13.63,
            "book_valuer_per_share_4q_avg": 13.51,
            "equity": 1538477,
            "current_ratio": 261.05,
            "debt_ratio": 37.1,
            "inventory_turnover_ratio": 1.3,
            "account_receivable_turnover_ratio": 0.86,
            "reinvestment_rate": -32.52,
            "research_to_sale_ratio": 2.88,
            "price_fair": 35.79,
            "eps_avg_yearly": 1.02,
            "eps_latest_yearly": 3.44,
            "eps_growth_yearly": 360.06
        },
        "20163": {
            "year_quarter": 20163,
            "year": 2016,
            "quarter": 3,
            "eps": 0.07,
            "eps_growth_year": 0,
            "eps_4q": 1.18,
            "eps_4q_growth_year": 80.98,
            "roe": 0.52,
            "roe_4q": 8.27,
            "gross_profit": 99226,
            "gross_margin": 28.05,
            "gross_margin_4q_avg": 26.42,
            "net_income": 7818,
            "net_income_4q": null,
            "revenue": 353784,
            "revenue_4q": null,
            "common_shares": 1100002,
            "book_valuer_per_share": 13.35,
            "book_valuer_per_share_4q_avg": 13.44,
            "equity": 1484297,
            "current_ratio": 272.56,
            "debt_ratio": 35.67,
            "inventory_turnover_ratio": 1.29,
            "account_receivable_turnover_ratio": 0.83,
            "reinvestment_rate": -32.73,
            "research_to_sale_ratio": 3.27,
            "price_fair": 35.18,
            "eps_avg_yearly": 1.01,
            "eps_latest_yearly": 0.28,
            "eps_growth_yearly": 245.43
        },
        "20164": {
            "year_quarter": 20164,
            "year": 2016,
            "quarter": 4,
            "eps": 0.07,
            "eps_growth_year": 4.03,
            "eps_4q": 1.26,
            "eps_4q_growth_year": 181.22,
            "roe": 0.5,
            "roe_4q": 8.28,
            "gross_profit": 109157,
            "gross_margin": 33.68,
            "gross_margin_4q_avg": 28.7,
            "net_income": 7195,
            "net_income_4q": null,
            "revenue": 324132,
            "revenue_4q": null,
            "common_shares": 1100002,
            "book_valuer_per_share": 13.3,
            "book_valuer_per_share_4q_avg": 13.42,
            "equity": 1371280,
            "current_ratio": 249.64,
            "debt_ratio": 38.99,
            "inventory_turnover_ratio": 1.09,
            "account_receivable_turnover_ratio": 0.84,
            "reinvestment_rate": -29.95,
            "research_to_sale_ratio": 3.38,
            "price_fair": 35.09,
            "eps_avg_yearly": 1,
            "eps_latest_yearly": 0.28,
            "eps_growth_yearly": 256.14
        },
        "20171": {
            "year_quarter": 20171,
            "year": 2017,
            "quarter": 1,
            "eps": 0.14,
            "eps_growth_year": 27.27,
            "eps_4q": 1.3,
            "eps_4q_growth_year": 180.59,
            "roe": 1.08,
            "roe_4q": 8.51,
            "gross_profit": 105627,
            "gross_margin": 31.77,
            "gross_margin_4q_avg": 30.18,
            "net_income": 14476,
            "net_income_4q": null,
            "revenue": 332476,
            "revenue_4q": null,
            "common_shares": 1000002,
            "book_valuer_per_share": 12.82,
            "book_valuer_per_share_4q_avg": 13.28,
            "equity": 1297066,
            "current_ratio": 235.58,
            "debt_ratio": 40.35,
            "inventory_turnover_ratio": 1.07,
            "account_receivable_turnover_ratio": 0.87,
            "reinvestment_rate": -36.18,
            "research_to_sale_ratio": 2.96,
            "price_fair": 34.21,
            "eps_avg_yearly": 0.98,
            "eps_latest_yearly": 0.56,
            "eps_growth_yearly": 231.14
        },
        "20172": {
            "year_quarter": 20172,
            "year": 2017,
            "quarter": 2,
            "eps": 0.22,
            "eps_growth_year": -74.42,
            "eps_4q": 0.51,
            "eps_4q_growth_year": -56.73,
            "roe": 1.7,
            "roe_4q": 3.8000000000000003,
            "gross_profit": 108557,
            "gross_margin": 31.76,
            "gross_margin_4q_avg": 31.32,
            "net_income": 21686,
            "net_income_4q": null,
            "revenue": 341795,
            "revenue_4q": null,
            "common_shares": 1000002,
            "book_valuer_per_share": 12.35,
            "book_valuer_per_share_4q_avg": 12.96,
            "equity": 1249576,
            "current_ratio": 208.3,
            "debt_ratio": 43.32,
            "inventory_turnover_ratio": 1.05,
            "account_receivable_turnover_ratio": 0.92,
            "reinvestment_rate": -32.19,
            "research_to_sale_ratio": 3.21,
            "price_fair": 32.55,
            "eps_avg_yearly": 0.93,
            "eps_latest_yearly": 0.88,
            "eps_growth_yearly": 227.72
        },
        "20173": {
            "year_quarter": 20173,
            "year": 2017,
            "quarter": 3,
            "eps": 0.06,
            "eps_growth_year": -14.29,
            "eps_4q": 0.49,
            "eps_4q_growth_year": -58.29,
            "roe": 0.48,
            "roe_4q": 3.76,
            "gross_profit": 87270,
            "gross_margin": 28.44,
            "gross_margin_4q_avg": 31.41,
            "net_income": 6103,
            "net_income_4q": null,
            "revenue": 306812,
            "revenue_4q": null,
            "common_shares": 1000002,
            "book_valuer_per_share": 12.53,
            "book_valuer_per_share_4q_avg": 12.75,
            "equity": 1267500,
            "current_ratio": 220.11,
            "debt_ratio": 39.38,
            "inventory_turnover_ratio": 1.05,
            "account_receivable_turnover_ratio": 0.89,
            "reinvestment_rate": -12.74,
            "research_to_sale_ratio": 3.66,
            "price_fair": 29.93,
            "eps_avg_yearly": 0.86,
            "eps_latest_yearly": 0.24,
            "eps_growth_yearly": 212.59
        },
        "20174": {
            "year_quarter": 20174,
            "year": 2017,
            "quarter": 4,
            "eps": -0.05,
            "eps_growth_year": -171.88,
            "eps_4q": 0.37,
            "eps_4q_growth_year": -70.49,
            "roe": -0.39,
            "roe_4q": 2.87,
            "gross_profit": 76402,
            "gross_margin": 29.52,
            "gross_margin_4q_avg": 30.37,
            "net_income": -4881,
            "net_income_4q": null,
            "revenue": 258803,
            "revenue_4q": null,
            "common_shares": 1000002,
            "book_valuer_per_share": 12.45,
            "book_valuer_per_share_4q_avg": 12.54,
            "equity": 1259912,
            "current_ratio": 217.38,
            "debt_ratio": 37.64,
            "inventory_turnover_ratio": 0.94,
            "account_receivable_turnover_ratio": 0.86,
            "reinvestment_rate": -4.57,
            "research_to_sale_ratio": 4.59,
            "price_fair": 28.93,
            "eps_avg_yearly": 0.83,
            "eps_latest_yearly": 0.24,
            "eps_growth_yearly": 229.72
        },
        "20181": {
            "year_quarter": 20181,
            "year": 2018,
            "quarter": 1,
            "eps": 0.01,
            "eps_growth_year": -92.86,
            "eps_4q": 0.24,
            "eps_4q_growth_year": -81.49,
            "roe": 0.09,
            "roe_4q": 1.88,
            "gross_profit": 71334,
            "gross_margin": 26.21,
            "gross_margin_4q_avg": 28.98,
            "net_income": 1079,
            "net_income_4q": null,
            "revenue": 272179,
            "revenue_4q": null,
            "common_shares": 1000002,
            "book_valuer_per_share": 12.56,
            "book_valuer_per_share_4q_avg": 12.47,
            "equity": 1270794,
            "current_ratio": 183.38,
            "debt_ratio": 40.43,
            "inventory_turnover_ratio": 0.95,
            "account_receivable_turnover_ratio": 0.96,
            "reinvestment_rate": 27.2,
            "research_to_sale_ratio": 3.99,
            "price_fair": 29.9,
            "eps_avg_yearly": 0.85,
            "eps_latest_yearly": 0.24,
            "eps_growth_yearly": 264.88
        },
        "20182": {
            "year_quarter": 20182,
            "year": 2018,
            "quarter": 2,
            "eps": 0.01,
            "eps_growth_year": -95.45,
            "eps_4q": 0.04,
            "eps_4q_growth_year": -92.94,
            "roe": 0.1,
            "roe_4q": 0.27999999999999997,
            "gross_profit": 93903,
            "gross_margin": 28.01,
            "gross_margin_4q_avg": 28.05,
            "net_income": 1199,
            "net_income_4q": null,
            "revenue": 335202,
            "revenue_4q": null,
            "common_shares": 1000002,
            "book_valuer_per_share": 12.16,
            "book_valuer_per_share_4q_avg": 12.43,
            "equity": 1230741,
            "current_ratio": 173.2,
            "debt_ratio": 42.32,
            "inventory_turnover_ratio": 1.14,
            "account_receivable_turnover_ratio": 1.02,
            "reinvestment_rate": 4.57,
            "research_to_sale_ratio": 3.36,
            "price_fair": 26.2,
            "eps_avg_yearly": 0.75,
            "eps_latest_yearly": 0.04,
            "eps_growth_yearly": 194.75
        },
        "20183": {
            "year_quarter": 20183,
            "year": 2018,
            "quarter": 3,
            "eps": 0.02,
            "eps_growth_year": -66.67,
            "eps_4q": -0,
            "eps_4q_growth_year": -100.81,
            "roe": 0.18,
            "roe_4q": -0.020000000000000018,
            "gross_profit": 84884,
            "gross_margin": 33.24,
            "gross_margin_4q_avg": 29.25,
            "net_income": 2237,
            "net_income_4q": null,
            "revenue": 255378,
            "revenue_4q": null,
            "common_shares": 1000002,
            "book_valuer_per_share": 11.88,
            "book_valuer_per_share_4q_avg": 12.26,
            "equity": 1202885,
            "current_ratio": 170.64,
            "debt_ratio": 43.4,
            "inventory_turnover_ratio": 0.86,
            "account_receivable_turnover_ratio": 0.7,
            "reinvestment_rate": -6.08,
            "research_to_sale_ratio": 4.92,
            "price_fair": 22.8,
            "eps_avg_yearly": 0.65,
            "eps_latest_yearly": 0.08,
            "eps_growth_yearly": 224.82
        },
        "20184": {
            "year_quarter": 20184,
            "year": 2018,
            "quarter": 4,
            "eps": 0.17,
            "eps_growth_year": null,
            "eps_4q": 0.22,
            "eps_4q_growth_year": -42.34,
            "roe": 1.39,
            "roe_4q": 1.76,
            "gross_profit": 80797,
            "gross_margin": 29.12,
            "gross_margin_4q_avg": 29.15,
            "net_income": 16969,
            "net_income_4q": null,
            "revenue": 277458,
            "revenue_4q": null,
            "common_shares": 1000002,
            "book_valuer_per_share": 12.16,
            "book_valuer_per_share_4q_avg": 12.19,
            "equity": 1230193,
            "current_ratio": 176.18,
            "debt_ratio": 41.15,
            "inventory_turnover_ratio": 0.99,
            "account_receivable_turnover_ratio": 0.79,
            "reinvestment_rate": -9.82,
            "research_to_sale_ratio": 3.25,
            "price_fair": 21.8,
            "eps_avg_yearly": 0.62,
            "eps_latest_yearly": 0.68,
            "eps_growth_yearly": 446.25
        },
        "20191": {
            "year_quarter": 20191,
            "year": 2019,
            "quarter": 1,
            "eps": -0.03,
            "eps_growth_year": -400,
            "eps_4q": 0.17,
            "eps_4q_growth_year": -29.59,
            "roe": -0.27,
            "roe_4q": 1.4,
            "gross_profit": 63257,
            "gross_margin": 27.79,
            "gross_margin_4q_avg": 29.54,
            "net_income": -3358,
            "net_income_4q": null,
            "revenue": 227600,
            "revenue_4q": null,
            "common_shares": 1000002,
            "book_valuer_per_share": 12.34,
            "book_valuer_per_share_4q_avg": 12.14,
            "equity": 1248433,
            "current_ratio": 188.02,
            "debt_ratio": 38.27,
            "inventory_turnover_ratio": 0.83,
            "account_receivable_turnover_ratio": 0.77,
            "reinvestment_rate": -13.48,
            "research_to_sale_ratio": 4.71,
            "price_fair": 22.4,
            "eps_avg_yearly": 0.64,
            "eps_latest_yearly": 0.68,
            "eps_growth_yearly": 499.95
        },
        "20192": {
            "year_quarter": 20192,
            "year": 2019,
            "quarter": 2,
            "eps": -0.04,
            "eps_growth_year": -500,
            "eps_4q": 0.12,
            "eps_4q_growth_year": 233.79,
            "roe": -0.3,
            "roe_4q": 0.9999999999999998,
            "gross_profit": 65767,
            "gross_margin": 26.58,
            "gross_margin_4q_avg": 29.18,
            "net_income": -3716,
            "net_income_4q": null,
            "revenue": 247411,
            "revenue_4q": null,
            "common_shares": 1000002,
            "book_valuer_per_share": 12,
            "book_valuer_per_share_4q_avg": 12.1,
            "equity": 1214676,
            "current_ratio": 182.97,
            "debt_ratio": 38.35,
            "inventory_turnover_ratio": 0.99,
            "account_receivable_turnover_ratio": 0.93,
            "reinvestment_rate": -16.5,
            "research_to_sale_ratio": 4.19,
            "price_fair": 21.82,
            "eps_avg_yearly": 0.62,
            "eps_latest_yearly": 0.68,
            "eps_growth_yearly": 504.95
        },
        "20193": {
            "year_quarter": 20193,
            "year": 2019,
            "quarter": 3,
            "eps": -0.2,
            "eps_growth_year": -1100,
            "eps_4q": -0.1,
            "eps_4q_growth_year": null,
            "roe": -1.68,
            "roe_4q": -0.8600000000000001,
            "gross_profit": 54376,
            "gross_margin": 23.85,
            "gross_margin_4q_avg": 26.84,
            "net_income": -19971,
            "net_income_4q": null,
            "revenue": 227990,
            "revenue_4q": null,
            "common_shares": 1000002,
            "book_valuer_per_share": 11.47,
            "book_valuer_per_share_4q_avg": 11.99,
            "equity": 1161097,
            "current_ratio": 173.3,
            "debt_ratio": 39.44,
            "inventory_turnover_ratio": 1.07,
            "account_receivable_turnover_ratio": 0.81,
            "reinvestment_rate": -46.14,
            "research_to_sale_ratio": 4.25,
            "price_fair": 22.91,
            "eps_avg_yearly": 0.65,
            "eps_latest_yearly": 0.68,
            "eps_growth_yearly": 575.1
        },
        "20194": {
            "year_quarter": 20194,
            "year": 2019,
            "quarter": 4,
            "eps": -0.33,
            "eps_growth_year": -292.38,
            "eps_4q": -0.6,
            "eps_4q_growth_year": -378.98,
            "roe": -2.85,
            "roe_4q": -5.1,
            "gross_profit": 51360,
            "gross_margin": 24.93,
            "gross_margin_4q_avg": 25.79,
            "net_income": -32479,
            "net_income_4q": null,
            "revenue": 206010,
            "revenue_4q": null,
            "common_shares": 1000002,
            "book_valuer_per_share": 11.01,
            "book_valuer_per_share_4q_avg": 11.71,
            "equity": 1115832,
            "current_ratio": 171.61,
            "debt_ratio": 38.8,
            "inventory_turnover_ratio": 1,
            "account_receivable_turnover_ratio": 0.75,
            "reinvestment_rate": -70.9,
            "research_to_sale_ratio": 4.08,
            "price_fair": 24.22,
            "eps_avg_yearly": 0.69,
            "eps_latest_yearly": 0.68,
            "eps_growth_yearly": 632.61
        },
        "20201": {
            "year_quarter": 20201,
            "year": 2020,
            "quarter": 1,
            "eps": -0.16,
            "eps_growth_year": null,
            "eps_4q": -0.72,
            "eps_4q_growth_year": -527.28,
            "roe": -1.4,
            "roe_4q": -6.2299999999999995,
            "gross_profit": 44225,
            "gross_margin": 23.23,
            "gross_margin_4q_avg": 24.65,
            "net_income": -15478,
            "net_income_4q": null,
            "revenue": 190383,
            "revenue_4q": null,
            "common_shares": 1000002,
            "book_valuer_per_share": 10.77,
            "book_valuer_per_share_4q_avg": 11.31,
            "equity": 1091922,
            "current_ratio": 170.29,
            "debt_ratio": 38.81,
            "inventory_turnover_ratio": 0.96,
            "account_receivable_turnover_ratio": 0.75,
            "reinvestment_rate": -103.08,
            "research_to_sale_ratio": 4.15,
            "price_fair": 25.2,
            "eps_avg_yearly": 0.72,
            "eps_latest_yearly": 0.68,
            "eps_growth_yearly": 677.5
        },
        "20202": {
            "year_quarter": 20202,
            "year": 2020,
            "quarter": 2,
            "eps": -0.07,
            "eps_growth_year": null,
            "eps_4q": -0.75,
            "eps_4q_growth_year": -727.69,
            "roe": -0.59,
            "roe_4q": -6.52,
            "gross_profit": 62605,
            "gross_margin": 30.18,
            "gross_margin_4q_avg": 25.55,
            "net_income": -6394,
            "net_income_4q": null,
            "revenue": 207404,
            "revenue_4q": null,
            "common_shares": 1000002,
            "book_valuer_per_share": 10.56,
            "book_valuer_per_share_4q_avg": 10.95,
            "equity": 1070996,
            "current_ratio": 172.22,
            "debt_ratio": 38.81,
            "inventory_turnover_ratio": 1.05,
            "account_receivable_turnover_ratio": 0.8,
            "reinvestment_rate": null,
            "research_to_sale_ratio": 3.63,
            "price_fair": 13.3,
            "eps_avg_yearly": 0.38,
            "eps_latest_yearly": 0.68,
            "eps_growth_yearly": 421.28
        },
        "20203": {
            "year_quarter": 20203,
            "year": 2020,
            "quarter": 3,
            "eps": -0.11,
            "eps_growth_year": null,
            "eps_4q": -0.66,
            "eps_4q_growth_year": null,
            "roe": -1,
            "roe_4q": -5.84,
            "gross_profit": 43281,
            "gross_margin": 25.17,
            "gross_margin_4q_avg": 25.88,
            "net_income": -10757,
            "net_income_4q": null,
            "revenue": 171935,
            "revenue_4q": null,
            "common_shares": 1000002,
            "book_valuer_per_share": 10.59,
            "book_valuer_per_share_4q_avg": 10.73,
            "equity": 1073458,
            "current_ratio": 189.5,
            "debt_ratio": 36.44,
            "inventory_turnover_ratio": 1,
            "account_receivable_turnover_ratio": 0.7,
            "reinvestment_rate": null,
            "research_to_sale_ratio": 3.8,
            "price_fair": 13.8,
            "eps_avg_yearly": 0.39,
            "eps_latest_yearly": 0.68,
            "eps_growth_yearly": 533.95
        },
        "20204": {
            "year_quarter": 20204,
            "year": 2020,
            "quarter": 4,
            "eps": 0.16,
            "eps_growth_year": null,
            "eps_4q": -0.17,
            "eps_4q_growth_year": null,
            "roe": 1.46,
            "roe_4q": -1.5299999999999998,
            "gross_profit": 41248,
            "gross_margin": 21.61,
            "gross_margin_4q_avg": 25.05,
            "net_income": 15949,
            "net_income_4q": null,
            "revenue": 190890,
            "revenue_4q": null,
            "common_shares": 1000002,
            "book_valuer_per_share": 11.04,
            "book_valuer_per_share_4q_avg": 10.74,
            "equity": 1118128,
            "current_ratio": 188.75,
            "debt_ratio": 34.66,
            "inventory_turnover_ratio": 1.08,
            "account_receivable_turnover_ratio": 0.81,
            "reinvestment_rate": null,
            "research_to_sale_ratio": 3.53,
            "price_fair": 14.47,
            "eps_avg_yearly": 0.41,
            "eps_latest_yearly": 0.68,
            "eps_growth_yearly": 622.94
        },
        "20211": {
            "year_quarter": 20211,
            "year": 2021,
            "quarter": 1,
            "eps": -0.04,
            "eps_growth_year": null,
            "eps_4q": -0.05,
            "eps_4q_growth_year": null,
            "roe": -0.33,
            "roe_4q": -0.4600000000000001,
            "gross_profit": 48928,
            "gross_margin": 21.86,
            "gross_margin_4q_avg": 24.71,
            "net_income": -3653,
            "net_income_4q": null,
            "revenue": 223797,
            "revenue_4q": null,
            "common_shares": 1000002,
            "book_valuer_per_share": 10.93,
            "book_valuer_per_share_4q_avg": 10.78,
            "equity": 1107922,
            "current_ratio": 188.89,
            "debt_ratio": 37.39,
            "inventory_turnover_ratio": 1.15,
            "account_receivable_turnover_ratio": 0.84,
            "reinvestment_rate": null,
            "research_to_sale_ratio": 3.06,
            "price_fair": 13.44,
            "eps_avg_yearly": 0.38,
            "eps_latest_yearly": 0.68,
            "eps_growth_yearly": 667.53
        },
        "20212": {
            "year_quarter": 20212,
            "year": 2021,
            "quarter": 2,
            "eps": 0.08,
            "eps_growth_year": null,
            "eps_4q": 0.09,
            "eps_4q_growth_year": null,
            "roe": 0.74,
            "roe_4q": 0.8699999999999999,
            "gross_profit": 64205,
            "gross_margin": 26.87,
            "gross_margin_4q_avg": 23.88,
            "net_income": 8140,
            "net_income_4q": null,
            "revenue": 238934,
            "revenue_4q": null,
            "common_shares": 1000002,
            "book_valuer_per_share": 10.93,
            "book_valuer_per_share_4q_avg": 10.87,
            "equity": 1106264,
            "current_ratio": 182.62,
            "debt_ratio": 37.74,
            "inventory_turnover_ratio": 1.02,
            "account_receivable_turnover_ratio": 0.81,
            "reinvestment_rate": null,
            "research_to_sale_ratio": 2.6,
            "price_fair": 9.1,
            "eps_avg_yearly": 0.26,
            "eps_latest_yearly": 0.68,
            "eps_growth_yearly": 777.27
        },
        "20213": {
            "year_quarter": 20213,
            "year": 2021,
            "quarter": 3,
            "eps": 0.12,
            "eps_growth_year": null,
            "eps_4q": 0.32,
            "eps_4q_growth_year": null,
            "roe": 1.12,
            "roe_4q": 2.99,
            "gross_profit": 69617,
            "gross_margin": 27.52,
            "gross_margin_4q_avg": 24.47,
            "net_income": 12477,
            "net_income_4q": null,
            "revenue": 252949,
            "revenue_4q": null,
            "common_shares": 1000002,
            "book_valuer_per_share": 11.04,
            "book_valuer_per_share_4q_avg": 10.99,
            "equity": 1117852,
            "current_ratio": 177.44,
            "debt_ratio": 38.36,
            "inventory_turnover_ratio": 0.99,
            "account_receivable_turnover_ratio": 0.83,
            "reinvestment_rate": null,
            "research_to_sale_ratio": 2.12,
            "price_fair": 11.2,
            "eps_avg_yearly": 0.32,
            "eps_latest_yearly": 0.48,
            "eps_growth_yearly": 900
        },
        "20214": {
            "year_quarter": 20214,
            "year": 2021,
            "quarter": 4,
            "eps": -0.09,
            "eps_growth_year": -156.49,
            "eps_4q": 0.06,
            "eps_4q_growth_year": null,
            "roe": -0.79,
            "roe_4q": 0.74,
            "gross_profit": 66758,
            "gross_margin": 27.95,
            "gross_margin_4q_avg": 26.05,
            "net_income": -8848,
            "net_income_4q": null,
            "revenue": 238865,
            "revenue_4q": null,
            "common_shares": 1000002,
            "book_valuer_per_share": 11.05,
            "book_valuer_per_share_4q_avg": 10.99,
            "equity": 1119724,
            "current_ratio": 175.32,
            "debt_ratio": 37.67,
            "inventory_turnover_ratio": 0.88,
            "account_receivable_turnover_ratio": 0.79,
            "reinvestment_rate": null,
            "research_to_sale_ratio": 2.37,
            "price_fair": 11.2,
            "eps_avg_yearly": 0.32,
            "eps_latest_yearly": 0.48,
            "eps_growth_yearly": 900
        },
        "20221": {
            "year_quarter": 20221,
            "year": 2022,
            "quarter": 1,
            "eps": -0.06,
            "eps_growth_year": null,
            "eps_4q": 0.04,
            "eps_4q_growth_year": null,
            "roe": -0.52,
            "roe_4q": 0.55,
            "gross_profit": 51103,
            "gross_margin": 22.34,
            "gross_margin_4q_avg": 26.17,
            "net_income": -5942,
            "net_income_4q": null,
            "revenue": 228746,
            "revenue_4q": null,
            "common_shares": 1000002,
            "book_valuer_per_share": 11.32,
            "book_valuer_per_share_4q_avg": 11.09,
            "equity": 1147159,
            "current_ratio": 171.98,
            "debt_ratio": 37.61,
            "inventory_turnover_ratio": 0.81,
            "account_receivable_turnover_ratio": 0.76,
            "reinvestment_rate": null,
            "research_to_sale_ratio": 2.41,
            "price_fair": 11.2,
            "eps_avg_yearly": 0.32,
            "eps_latest_yearly": 0.48,
            "eps_growth_yearly": 900
        },
        "20222": {
            "year_quarter": 20222,
            "year": 2022,
            "quarter": 2,
            "eps": 0.3,
            "eps_growth_year": 275,
            "eps_4q": 0.27,
            "eps_4q_growth_year": 187.12,
            "roe": 2.69,
            "roe_4q": 2.5,
            "gross_profit": 60340,
            "gross_margin": 24.38,
            "gross_margin_4q_avg": 25.55,
            "net_income": 31069,
            "net_income_4q": null,
            "revenue": 247517,
            "revenue_4q": null,
            "common_shares": 1000002,
            "book_valuer_per_share": 11.52,
            "book_valuer_per_share_4q_avg": 11.23,
            "equity": 1166575,
            "current_ratio": 175.03,
            "debt_ratio": 38.78,
            "inventory_turnover_ratio": 0.84,
            "account_receivable_turnover_ratio": 0.8,
            "reinvestment_rate": null,
            "research_to_sale_ratio": 2.3,
            "price_fair": 14.47,
            "eps_avg_yearly": 0.41,
            "eps_latest_yearly": 0.48,
            "eps_growth_yearly": 1200
        },
        "20223": {
            "year_quarter": 20223,
            "year": 2022,
            "quarter": 3,
            "eps": 0.1,
            "eps_growth_year": -16.67,
            "eps_4q": 0.25,
            "eps_4q_growth_year": -20.53,
            "roe": 0.91,
            "roe_4q": 2.29,
            "gross_profit": 59583,
            "gross_margin": 27.8,
            "gross_margin_4q_avg": 25.62,
            "net_income": 10742,
            "net_income_4q": null,
            "revenue": 214320,
            "revenue_4q": null,
            "common_shares": 1000002,
            "book_valuer_per_share": 11.74,
            "book_valuer_per_share_4q_avg": 11.41,
            "equity": 1188756,
            "current_ratio": 181.27,
            "debt_ratio": 38.36,
            "inventory_turnover_ratio": 0.77,
            "account_receivable_turnover_ratio": 0.71,
            "reinvestment_rate": null,
            "research_to_sale_ratio": 2.36,
            "price_fair": 18.2,
            "eps_avg_yearly": 0.52,
            "eps_latest_yearly": 0.4,
            "eps_growth_yearly": 977.78
        },
        "20224": {
            "year_quarter": 20224,
            "year": 2022,
            "quarter": 4,
            "eps": 0.27,
            "eps_growth_year": null,
            "eps_4q": 0.62,
            "eps_4q_growth_year": 854.22,
            "roe": 2.21,
            "roe_4q": 5.290000000000001,
            "gross_profit": 56083,
            "gross_margin": 28.75,
            "gross_margin_4q_avg": 25.82,
            "net_income": 26423,
            "net_income_4q": null,
            "revenue": 195095,
            "revenue_4q": null,
            "common_shares": 1000002,
            "book_valuer_per_share": 11.88,
            "book_valuer_per_share_4q_avg": 11.62,
            "equity": 1201770,
            "current_ratio": 238.51,
            "debt_ratio": 30.65,
            "inventory_turnover_ratio": 0.72,
            "account_receivable_turnover_ratio": 0.72,
            "reinvestment_rate": null,
            "research_to_sale_ratio": 2.39,
            "price_fair": 22.87,
            "eps_avg_yearly": 0.65,
            "eps_latest_yearly": 1.08,
            "eps_growth_yearly": 204.44
        },
        "20231": {
            "year_quarter": 20231,
            "year": 2023,
            "quarter": 1,
            "eps": -0.09,
            "eps_growth_year": null,
            "eps_4q": 0.59,
            "eps_4q_growth_year": 1324.34,
            "roe": -0.78,
            "roe_4q": 5.029999999999999,
            "gross_profit": 43259,
            "gross_margin": 25.01,
            "gross_margin_4q_avg": 26.49,
            "net_income": -9308,
            "net_income_4q": null,
            "revenue": 172999,
            "revenue_4q": null,
            "common_shares": 1000002,
            "book_valuer_per_share": 11.82,
            "book_valuer_per_share_4q_avg": 11.74,
            "equity": 1195374,
            "current_ratio": 224.53,
            "debt_ratio": 34.61,
            "inventory_turnover_ratio": 0.69,
            "account_receivable_turnover_ratio": 0.69,
            "reinvestment_rate": null,
            "research_to_sale_ratio": 3.76,
            "price_fair": 22.87,
            "eps_avg_yearly": 0.65,
            "eps_latest_yearly": 1.08,
            "eps_growth_yearly": 204.44
        },
        "20232": {
            "year_quarter": 20232,
            "year": 2023,
            "quarter": 2,
            "eps": -0.07,
            "eps_growth_year": -123.33,
            "eps_4q": 0.22,
            "eps_4q_growth_year": -17.51,
            "roe": -0.59,
            "roe_4q": 1.75,
            "gross_profit": 52018,
            "gross_margin": 25.7,
            "gross_margin_4q_avg": 26.82,
            "net_income": -6796,
            "net_income_4q": null,
            "revenue": 202378,
            "revenue_4q": null,
            "common_shares": 1000002,
            "book_valuer_per_share": 10.95,
            "book_valuer_per_share_4q_avg": 11.6,
            "equity": 1107205,
            "current_ratio": 188.32,
            "debt_ratio": 39.8,
            "inventory_turnover_ratio": 0.95,
            "account_receivable_turnover_ratio": 0.83,
            "reinvestment_rate": null,
            "research_to_sale_ratio": 2.4,
            "price_fair": 22.87,
            "eps_avg_yearly": 0.65,
            "eps_latest_yearly": 1.08,
            "eps_growth_yearly": 204.44
        },
        "20233": {
            "year_quarter": 20233,
            "year": 2023,
            "quarter": 3,
            "eps": 0.06,
            "eps_growth_year": -40,
            "eps_4q": 0.18,
            "eps_4q_growth_year": -27.52,
            "roe": 0.49,
            "roe_4q": 1.33,
            "gross_profit": 41827,
            "gross_margin": 26.23,
            "gross_margin_4q_avg": 26.42,
            "net_income": 5483,
            "net_income_4q": null,
            "revenue": 159483,
            "revenue_4q": null,
            "common_shares": 1000002,
            "book_valuer_per_share": 11.2,
            "book_valuer_per_share_4q_avg": 11.46,
            "equity": 1131177,
            "current_ratio": 240.87,
            "debt_ratio": 33.35,
            "inventory_turnover_ratio": 0.9,
            "account_receivable_turnover_ratio": 0.7,
            "reinvestment_rate": -1044.69,
            "research_to_sale_ratio": 3.8,
            "price_fair": 22.87,
            "eps_avg_yearly": 0.65,
            "eps_latest_yearly": 1.08,
            "eps_growth_yearly": 204.44
        }
    },
    "months": {
        "2002-04": {
            "month": "2002-04",
            "price": "22.68",
            "revenue": 63119
        },
        "2002-05": {
            "month": "2002-05",
            "price": "23.00",
            "revenue": 66877
        },
        "2002-06": {
            "month": "2002-06",
            "price": "19.35",
            "revenue": 52040
        },
        "2002-07": {
            "month": "2002-07",
            "price": "17.12",
            "revenue": 53753
        },
        "2002-08": {
            "month": "2002-08",
            "price": "17.74",
            "revenue": 67099
        },
        "2002-09": {
            "month": "2002-09",
            "price": "19.22",
            "revenue": 68085
        },
        "2002-10": {
            "month": "2002-10",
            "price": "17.27",
            "revenue": 70792
        },
        "2002-11": {
            "month": "2002-11",
            "price": "19.51",
            "revenue": 62782
        },
        "2002-12": {
            "month": "2002-12",
            "price": "17.31",
            "revenue": 53870
        },
        "2003-01": {
            "month": "2003-01",
            "price": "16.21",
            "revenue": 54614
        },
        "2003-02": {
            "month": "2003-02",
            "price": "15.07",
            "revenue": 41763
        },
        "2003-03": {
            "month": "2003-03",
            "price": "13.60",
            "revenue": 71306
        },
        "2003-04": {
            "month": "2003-04",
            "price": "13.08",
            "revenue": 63531
        },
        "2003-05": {
            "month": "2003-05",
            "price": "10.87",
            "revenue": 62415
        },
        "2003-06": {
            "month": "2003-06",
            "price": "13.00",
            "revenue": 58843
        },
        "2003-07": {
            "month": "2003-07",
            "price": "13.31",
            "revenue": 61837
        },
        "2003-08": {
            "month": "2003-08",
            "price": "12.31",
            "revenue": 60595
        },
        "2003-09": {
            "month": "2003-09",
            "price": "10.73",
            "revenue": 58205
        },
        "2003-10": {
            "month": "2003-10",
            "price": "10.35",
            "revenue": 71638
        },
        "2003-11": {
            "month": "2003-11",
            "price": "11.04",
            "revenue": 79552
        },
        "2003-12": {
            "month": "2003-12",
            "price": "12.83",
            "revenue": 82422
        },
        "2004-01": {
            "month": "2004-01",
            "price": "14.56",
            "revenue": 79894
        },
        "2004-02": {
            "month": "2004-02",
            "price": "15.14",
            "revenue": 87323
        },
        "2004-03": {
            "month": "2004-03",
            "price": "15.51",
            "revenue": 93896
        },
        "2004-04": {
            "month": "2004-04",
            "price": "17.10",
            "revenue": 83685
        },
        "2004-05": {
            "month": "2004-05",
            "price": "14.17",
            "revenue": 66039
        },
        "2004-06": {
            "month": "2004-06",
            "price": "12.67",
            "revenue": 67947
        },
        "2004-07": {
            "month": "2004-07",
            "price": "11.42",
            "revenue": 74779
        },
        "2004-08": {
            "month": "2004-08",
            "price": "10.66",
            "revenue": 69103
        },
        "2004-09": {
            "month": "2004-09",
            "price": "10.96",
            "revenue": 73700
        },
        "2004-10": {
            "month": "2004-10",
            "price": "10.48",
            "revenue": 66451
        },
        "2004-11": {
            "month": "2004-11",
            "price": "9.56",
            "revenue": 65918
        },
        "2004-12": {
            "month": "2004-12",
            "price": "9.35",
            "revenue": 64121
        },
        "2005-01": {
            "month": "2005-01",
            "price": "8.97",
            "revenue": 79882
        },
        "2005-02": {
            "month": "2005-02",
            "price": "9.16",
            "revenue": 50489
        },
        "2005-03": {
            "month": "2005-03",
            "price": "9.01",
            "revenue": 80994
        },
        "2005-04": {
            "month": "2005-04",
            "price": "8.04",
            "revenue": 80838
        },
        "2005-05": {
            "month": "2005-05",
            "price": "7.34",
            "revenue": 73071
        },
        "2005-06": {
            "month": "2005-06",
            "price": "7.85",
            "revenue": 80084
        },
        "2005-07": {
            "month": "2005-07",
            "price": "11.94",
            "revenue": 73564
        },
        "2005-08": {
            "month": "2005-08",
            "price": "12.29",
            "revenue": 80576
        },
        "2005-09": {
            "month": "2005-09",
            "price": "9.57",
            "revenue": 91899
        },
        "2005-10": {
            "month": "2005-10",
            "price": "11.06",
            "revenue": 77529
        },
        "2005-11": {
            "month": "2005-11",
            "price": "11.25",
            "revenue": 83154
        },
        "2005-12": {
            "month": "2005-12",
            "price": "13.23",
            "revenue": 77940
        },
        "2006-01": {
            "month": "2006-01",
            "price": "14.05",
            "revenue": 79349
        },
        "2006-02": {
            "month": "2006-02",
            "price": "12.29",
            "revenue": 62696
        },
        "2006-03": {
            "month": "2006-03",
            "price": "12.43",
            "revenue": 100470
        },
        "2006-04": {
            "month": "2006-04",
            "price": "14.88",
            "revenue": 96997
        },
        "2006-05": {
            "month": "2006-05",
            "price": "16.76",
            "revenue": 85992
        },
        "2006-06": {
            "month": "2006-06",
            "price": "14.42",
            "revenue": 98569
        },
        "2006-07": {
            "month": "2006-07",
            "price": "14.38",
            "revenue": 103264
        },
        "2006-08": {
            "month": "2006-08",
            "price": "15.03",
            "revenue": 107687
        },
        "2006-09": {
            "month": "2006-09",
            "price": "15.38",
            "revenue": 105281
        },
        "2006-10": {
            "month": "2006-10",
            "price": "14.96",
            "revenue": 96742
        },
        "2006-11": {
            "month": "2006-11",
            "price": "15.83",
            "revenue": 92736
        },
        "2006-12": {
            "month": "2006-12",
            "price": "20.72",
            "revenue": 84893
        },
        "2007-01": {
            "month": "2007-01",
            "price": "22.18",
            "revenue": 104491
        },
        "2007-02": {
            "month": "2007-02",
            "price": "24.15",
            "revenue": 60407
        },
        "2007-03": {
            "month": "2007-03",
            "price": "27.27",
            "revenue": 90336
        },
        "2007-04": {
            "month": "2007-04",
            "price": "28.58",
            "revenue": 126087
        },
        "2007-05": {
            "month": "2007-05",
            "price": "29.07",
            "revenue": 124453
        },
        "2007-06": {
            "month": "2007-06",
            "price": "33.40",
            "revenue": 131822
        },
        "2007-07": {
            "month": "2007-07",
            "price": "40.38",
            "revenue": 112041
        },
        "2007-08": {
            "month": "2007-08",
            "price": "38.47",
            "revenue": 123603
        },
        "2007-09": {
            "month": "2007-09",
            "price": "40.61",
            "revenue": 109863
        },
        "2007-10": {
            "month": "2007-10",
            "price": "40.66",
            "revenue": 101688
        },
        "2007-11": {
            "month": "2007-11",
            "price": "30.97",
            "revenue": 110076
        },
        "2007-12": {
            "month": "2007-12",
            "price": "28.85",
            "revenue": 105704
        },
        "2008-01": {
            "month": "2008-01",
            "price": "25.13",
            "revenue": 112033
        },
        "2008-02": {
            "month": "2008-02",
            "price": "21.82",
            "revenue": 82567
        },
        "2008-03": {
            "month": "2008-03",
            "price": "23.46",
            "revenue": 101187
        },
        "2008-04": {
            "month": "2008-04",
            "price": "24.86",
            "revenue": 131430
        },
        "2008-05": {
            "month": "2008-05",
            "price": "27.55",
            "revenue": 107547
        },
        "2008-06": {
            "month": "2008-06",
            "price": "21.26",
            "revenue": 123556
        },
        "2008-07": {
            "month": "2008-07",
            "price": "18.01",
            "revenue": 118159
        },
        "2008-08": {
            "month": "2008-08",
            "price": "17.98",
            "revenue": 121374
        },
        "2008-09": {
            "month": "2008-09",
            "price": "13.31",
            "revenue": 120442
        },
        "2008-10": {
            "month": "2008-10",
            "price": "10.24",
            "revenue": 128476
        },
        "2008-11": {
            "month": "2008-11",
            "price": "10.36",
            "revenue": 93829
        },
        "2008-12": {
            "month": "2008-12",
            "price": "9.88",
            "revenue": 96677
        },
        "2009-01": {
            "month": "2009-01",
            "price": "11.37",
            "revenue": 70050
        },
        "2009-02": {
            "month": "2009-02",
            "price": "11.91",
            "revenue": 93947
        },
        "2009-03": {
            "month": "2009-03",
            "price": "14.34",
            "revenue": 90085
        },
        "2009-04": {
            "month": "2009-04",
            "price": "17.08",
            "revenue": 114968
        },
        "2009-05": {
            "month": "2009-05",
            "price": "20.32",
            "revenue": 109420
        },
        "2009-06": {
            "month": "2009-06",
            "price": "19.75",
            "revenue": 109789
        },
        "2009-07": {
            "month": "2009-07",
            "price": "20.72",
            "revenue": 123253
        },
        "2009-08": {
            "month": "2009-08",
            "price": "20.94",
            "revenue": 114396
        },
        "2009-09": {
            "month": "2009-09",
            "price": "24.74",
            "revenue": 115448
        },
        "2009-10": {
            "month": "2009-10",
            "price": "24.48",
            "revenue": 141761
        },
        "2009-11": {
            "month": "2009-11",
            "price": "25.78",
            "revenue": 115295
        },
        "2009-12": {
            "month": "2009-12",
            "price": "29.20",
            "revenue": 131340
        },
        "2010-01": {
            "month": "2010-01",
            "price": "28.28",
            "revenue": 157871
        },
        "2010-02": {
            "month": "2010-02",
            "price": "26.79",
            "revenue": 82838
        },
        "2010-03": {
            "month": "2010-03",
            "price": "28.48",
            "revenue": 158338
        },
        "2010-04": {
            "month": "2010-04",
            "price": "28.80",
            "revenue": 179146
        },
        "2010-05": {
            "month": "2010-05",
            "price": "25.94",
            "revenue": 161918
        },
        "2010-06": {
            "month": "2010-06",
            "price": "23.76",
            "revenue": 208442
        },
        "2010-07": {
            "month": "2010-07",
            "price": "25.23",
            "revenue": 169123
        },
        "2010-08": {
            "month": "2010-08",
            "price": "25.55",
            "revenue": 164988
        },
        "2010-09": {
            "month": "2010-09",
            "price": "24.19",
            "revenue": 117204
        },
        "2010-10": {
            "month": "2010-10",
            "price": "22.74",
            "revenue": 101098
        },
        "2010-11": {
            "month": "2010-11",
            "price": "19.85",
            "revenue": 118686
        },
        "2010-12": {
            "month": "2010-12",
            "price": "20.55",
            "revenue": 135030
        },
        "2011-01": {
            "month": "2011-01",
            "price": "24.27",
            "revenue": 143061
        },
        "2011-02": {
            "month": "2011-02",
            "price": "30.02",
            "revenue": 91909
        },
        "2011-03": {
            "month": "2011-03",
            "price": "30.81",
            "revenue": 126137
        },
        "2011-04": {
            "month": "2011-04",
            "price": "27.31",
            "revenue": 166508
        },
        "2011-05": {
            "month": "2011-05",
            "price": "23.88",
            "revenue": 132610
        },
        "2011-06": {
            "month": "2011-06",
            "price": "23.72",
            "revenue": 148537
        },
        "2011-07": {
            "month": "2011-07",
            "price": "22.36",
            "revenue": 134991
        },
        "2011-08": {
            "month": "2011-08",
            "price": "19.51",
            "revenue": 160108
        },
        "2011-09": {
            "month": "2011-09",
            "price": "16.05",
            "revenue": 139804
        },
        "2011-10": {
            "month": "2011-10",
            "price": "15.70",
            "revenue": 88771
        },
        "2011-11": {
            "month": "2011-11",
            "price": "15.40",
            "revenue": 137744
        },
        "2011-12": {
            "month": "2011-12",
            "price": "14.49",
            "revenue": 137836
        },
        "2012-01": {
            "month": "2012-01",
            "price": "14.32",
            "revenue": 123032
        },
        "2012-02": {
            "month": "2012-02",
            "price": "17.00",
            "revenue": 108963
        },
        "2012-03": {
            "month": "2012-03",
            "price": "17.16",
            "revenue": 166674
        },
        "2012-04": {
            "month": "2012-04",
            "price": "15.68",
            "revenue": 148462
        },
        "2012-05": {
            "month": "2012-05",
            "price": "14.30",
            "revenue": 176337
        },
        "2012-06": {
            "month": "2012-06",
            "price": "13.39",
            "revenue": 143555
        },
        "2012-07": {
            "month": "2012-07",
            "price": "12.22",
            "revenue": 133018
        },
        "2012-08": {
            "month": "2012-08",
            "price": "10.94",
            "revenue": 141849
        },
        "2012-09": {
            "month": "2012-09",
            "price": "11.61",
            "revenue": 122634
        },
        "2012-10": {
            "month": "2012-10",
            "price": "10.35",
            "revenue": 135544
        },
        "2012-11": {
            "month": "2012-11",
            "price": "9.99",
            "revenue": 136488
        },
        "2012-12": {
            "month": "2012-12",
            "price": "11.51",
            "revenue": 135202
        },
        "2013-01": {
            "month": "2013-01",
            "price": "11.78",
            "revenue": 147654
        },
        "2013-02": {
            "month": "2013-02",
            "price": "12.75",
            "revenue": 101577
        },
        "2013-03": {
            "month": "2013-03",
            "price": "14.77",
            "revenue": 134459
        },
        "2013-04": {
            "month": "2013-04",
            "price": "14.03",
            "revenue": 153809
        },
        "2013-05": {
            "month": "2013-05",
            "price": "16.50",
            "revenue": 193227
        },
        "2013-06": {
            "month": "2013-06",
            "price": "17.74",
            "revenue": 141391
        },
        "2013-07": {
            "month": "2013-07",
            "price": "16.31",
            "revenue": 152609
        },
        "2013-08": {
            "month": "2013-08",
            "price": "17.24",
            "revenue": 144179
        },
        "2013-09": {
            "month": "2013-09",
            "price": "19.16",
            "revenue": 175159
        },
        "2013-10": {
            "month": "2013-10",
            "price": "18.63",
            "revenue": 116426
        },
        "2013-11": {
            "month": "2013-11",
            "price": "17.09",
            "revenue": 121678
        },
        "2013-12": {
            "month": "2013-12",
            "price": "18.57",
            "revenue": 170014
        },
        "2014-01": {
            "month": "2014-01",
            "price": "22.69",
            "revenue": 136608
        },
        "2014-02": {
            "month": "2014-02",
            "price": "21.60",
            "revenue": 115592
        },
        "2014-03": {
            "month": "2014-03",
            "price": "21.98",
            "revenue": 115323
        },
        "2014-04": {
            "month": "2014-04",
            "price": "20.78",
            "revenue": 144599
        },
        "2014-05": {
            "month": "2014-05",
            "price": "19.43",
            "revenue": 165326
        },
        "2014-06": {
            "month": "2014-06",
            "price": "19.93",
            "revenue": 165372
        },
        "2014-07": {
            "month": "2014-07",
            "price": "19.82",
            "revenue": 187851
        },
        "2014-08": {
            "month": "2014-08",
            "price": "19.68",
            "revenue": 166766
        },
        "2014-09": {
            "month": "2014-09",
            "price": "18.38",
            "revenue": 145016
        },
        "2014-10": {
            "month": "2014-10",
            "price": "15.13",
            "revenue": 134296
        },
        "2014-11": {
            "month": "2014-11",
            "price": "15.03",
            "revenue": 139787
        },
        "2014-12": {
            "month": "2014-12",
            "price": "15.76",
            "revenue": 186474
        },
        "2015-01": {
            "month": "2015-01",
            "price": "16.59",
            "revenue": 143461
        },
        "2015-02": {
            "month": "2015-02",
            "price": "15.76",
            "revenue": 119206
        },
        "2015-03": {
            "month": "2015-03",
            "price": "15.84",
            "revenue": 137319
        },
        "2015-04": {
            "month": "2015-04",
            "price": "15.54",
            "revenue": 144062
        },
        "2015-05": {
            "month": "2015-05",
            "price": "14.39",
            "revenue": 169575
        },
        "2015-06": {
            "month": "2015-06",
            "price": "12.75",
            "revenue": 140735
        },
        "2015-07": {
            "month": "2015-07",
            "price": "10.80",
            "revenue": 140350
        },
        "2015-08": {
            "month": "2015-08",
            "price": "9.75",
            "revenue": 133869
        },
        "2015-09": {
            "month": "2015-09",
            "price": "10.20",
            "revenue": 155764
        },
        "2015-10": {
            "month": "2015-10",
            "price": "11.12",
            "revenue": 113590
        },
        "2015-11": {
            "month": "2015-11",
            "price": "10.60",
            "revenue": 138647
        },
        "2015-12": {
            "month": "2015-12",
            "price": "10.05",
            "revenue": 130591
        },
        "2016-01": {
            "month": "2016-01",
            "price": "9.72",
            "revenue": 144977
        },
        "2016-02": {
            "month": "2016-02",
            "price": "9.91",
            "revenue": 105909
        },
        "2016-03": {
            "month": "2016-03",
            "price": "10.17",
            "revenue": 120224
        },
        "2016-04": {
            "month": "2016-04",
            "price": "9.87",
            "revenue": 131002
        },
        "2016-05": {
            "month": "2016-05",
            "price": "10.06",
            "revenue": 163469
        },
        "2016-06": {
            "month": "2016-06",
            "price": "11.92",
            "revenue": 121008
        },
        "2016-07": {
            "month": "2016-07",
            "price": "12.30",
            "revenue": 116202
        },
        "2016-08": {
            "month": "2016-08",
            "price": "12.03",
            "revenue": 122859
        },
        "2016-09": {
            "month": "2016-09",
            "price": "12.80",
            "revenue": 114723
        },
        "2016-10": {
            "month": "2016-10",
            "price": "12.38",
            "revenue": 94757
        },
        "2016-11": {
            "month": "2016-11",
            "price": "12.82",
            "revenue": 103140
        },
        "2016-12": {
            "month": "2016-12",
            "price": "14.43",
            "revenue": 126235
        },
        "2017-01": {
            "month": "2017-01",
            "price": "14.16",
            "revenue": 101799
        },
        "2017-02": {
            "month": "2017-02",
            "price": "14.43",
            "revenue": 92555
        },
        "2017-03": {
            "month": "2017-03",
            "price": "14.54",
            "revenue": 138122
        },
        "2017-04": {
            "month": "2017-04",
            "price": "14.16",
            "revenue": 131863
        },
        "2017-05": {
            "month": "2017-05",
            "price": "14.12",
            "revenue": 99280
        },
        "2017-06": {
            "month": "2017-06",
            "price": "13.96",
            "revenue": 110652
        },
        "2017-07": {
            "month": "2017-07",
            "price": "12.68",
            "revenue": 94833
        },
        "2017-08": {
            "month": "2017-08",
            "price": "12.44",
            "revenue": 113851
        },
        "2017-09": {
            "month": "2017-09",
            "price": "13.13",
            "revenue": 98128
        },
        "2017-10": {
            "month": "2017-10",
            "price": "13.54",
            "revenue": 78816
        },
        "2017-11": {
            "month": "2017-11",
            "price": "14.11",
            "revenue": 93473
        },
        "2017-12": {
            "month": "2017-12",
            "price": "13.24",
            "revenue": 86514
        },
        "2018-01": {
            "month": "2018-01",
            "price": "13.04",
            "revenue": 96682
        },
        "2018-02": {
            "month": "2018-02",
            "price": "12.35",
            "revenue": 66444
        },
        "2018-03": {
            "month": "2018-03",
            "price": "12.06",
            "revenue": 109053
        },
        "2018-04": {
            "month": "2018-04",
            "price": "10.68",
            "revenue": 128968
        },
        "2018-05": {
            "month": "2018-05",
            "price": "10.27",
            "revenue": 107015
        },
        "2018-06": {
            "month": "2018-06",
            "price": "11.24",
            "revenue": 99219
        },
        "2018-07": {
            "month": "2018-07",
            "price": "10.36",
            "revenue": 79574
        },
        "2018-08": {
            "month": "2018-08",
            "price": "10.16",
            "revenue": 82598
        },
        "2018-09": {
            "month": "2018-09",
            "price": "9.70",
            "revenue": 93205
        },
        "2018-10": {
            "month": "2018-10",
            "price": "8.60",
            "revenue": 83944
        },
        "2018-11": {
            "month": "2018-11",
            "price": "8.47",
            "revenue": 96061
        },
        "2018-12": {
            "month": "2018-12",
            "price": "8.73",
            "revenue": 97454
        },
        "2019-01": {
            "month": "2019-01",
            "price": "8.42",
            "revenue": 98715
        },
        "2019-02": {
            "month": "2019-02",
            "price": "8.79",
            "revenue": 45569
        },
        "2019-03": {
            "month": "2019-03",
            "price": "8.91",
            "revenue": 83316
        },
        "2019-04": {
            "month": "2019-04",
            "price": "8.79",
            "revenue": 91661
        },
        "2019-05": {
            "month": "2019-05",
            "price": "8.07",
            "revenue": 75542
        },
        "2019-06": {
            "month": "2019-06",
            "price": "7.51",
            "revenue": 80208
        },
        "2019-07": {
            "month": "2019-07",
            "price": "7.30",
            "revenue": 80692
        },
        "2019-08": {
            "month": "2019-08",
            "price": "7.07",
            "revenue": 79767
        },
        "2019-09": {
            "month": "2019-09",
            "price": "6.98",
            "revenue": 67530
        },
        "2019-10": {
            "month": "2019-10",
            "price": "6.90",
            "revenue": 57124
        },
        "2019-11": {
            "month": "2019-11",
            "price": "6.73",
            "revenue": 67766
        },
        "2019-12": {
            "month": "2019-12",
            "price": "6.99",
            "revenue": 81123
        },
        "2020-01": {
            "month": "2020-01",
            "price": "6.98",
            "revenue": 76969
        },
        "2020-02": {
            "month": "2020-02",
            "price": "6.69",
            "revenue": 38423
        },
        "2020-03": {
            "month": "2020-03",
            "price": "5.60",
            "revenue": 74991
        },
        "2020-04": {
            "month": "2020-04",
            "price": "5.31",
            "revenue": 82473
        },
        "2020-05": {
            "month": "2020-05",
            "price": "5.69",
            "revenue": 65179
        },
        "2020-06": {
            "month": "2020-06",
            "price": "6.34",
            "revenue": 59752
        },
        "2020-07": {
            "month": "2020-07",
            "price": "6.59",
            "revenue": 54687
        },
        "2020-08": {
            "month": "2020-08",
            "price": "6.28",
            "revenue": 59209
        },
        "2020-09": {
            "month": "2020-09",
            "price": "6.87",
            "revenue": 58039
        },
        "2020-10": {
            "month": "2020-10",
            "price": "7.60",
            "revenue": 50970
        },
        "2020-11": {
            "month": "2020-11",
            "price": "7.32",
            "revenue": 63119
        },
        "2020-12": {
            "month": "2020-12",
            "price": "8.75",
            "revenue": 76802
        },
        "2021-01": {
            "month": "2021-01",
            "price": "11.44",
            "revenue": 90143
        },
        "2021-02": {
            "month": "2021-02",
            "price": "11.45",
            "revenue": 65290
        },
        "2021-03": {
            "month": "2021-03",
            "price": "12.18",
            "revenue": 68365
        },
        "2021-04": {
            "month": "2021-04",
            "price": "12.53",
            "revenue": 76054
        },
        "2021-05": {
            "month": "2021-05",
            "price": "10.34",
            "revenue": 81169
        },
        "2021-06": {
            "month": "2021-06",
            "price": "10.64",
            "revenue": 81710
        },
        "2021-07": {
            "month": "2021-07",
            "price": "12.85",
            "revenue": 85627
        },
        "2021-08": {
            "month": "2021-08",
            "price": "16.62",
            "revenue": 80146
        },
        "2021-09": {
            "month": "2021-09",
            "price": "15.74",
            "revenue": 87176
        },
        "2021-10": {
            "month": "2021-10",
            "price": "14.00",
            "revenue": 65016
        },
        "2021-11": {
            "month": "2021-11",
            "price": "14.48",
            "revenue": 89365
        },
        "2021-12": {
            "month": "2021-12",
            "price": "16.13",
            "revenue": 84484
        },
        "2022-01": {
            "month": "2022-01",
            "price": "15.28",
            "revenue": 92375
        },
        "2022-02": {
            "month": "2022-02",
            "price": "14.56",
            "revenue": 53364
        },
        "2022-03": {
            "month": "2022-03",
            "price": "13.09",
            "revenue": 83007
        },
        "2022-04": {
            "month": "2022-04",
            "price": "13.29",
            "revenue": 90237
        },
        "2022-05": {
            "month": "2022-05",
            "price": "12.53",
            "revenue": 83404
        },
        "2022-06": {
            "month": "2022-06",
            "price": "12.72",
            "revenue": 73875
        },
        "2022-07": {
            "month": "2022-07",
            "price": "10.97",
            "revenue": 89999
        },
        "2022-08": {
            "month": "2022-08",
            "price": "12.38",
            "revenue": 59672
        },
        "2022-09": {
            "month": "2022-09",
            "price": "10.98",
            "revenue": 64651
        },
        "2022-10": {
            "month": "2022-10",
            "price": "9.49",
            "revenue": 54869
        },
        "2022-11": {
            "month": "2022-11",
            "price": "9.96",
            "revenue": 55660
        },
        "2022-12": {
            "month": "2022-12",
            "price": "10.18",
            "revenue": 84565
        },
        "2023-01": {
            "month": "2023-01",
            "price": "10.03",
            "revenue": 54413
        },
        "2023-02": {
            "month": "2023-02",
            "price": "10.42",
            "revenue": 49667
        },
        "2023-03": {
            "month": "2023-03",
            "price": "11.21",
            "revenue": 68919
        },
        "2023-04": {
            "month": "2023-04",
            "price": "11.76",
            "revenue": 71506
        },
        "2023-05": {
            "month": "2023-05",
            "price": "12.13",
            "revenue": 69149
        },
        "2023-06": {
            "month": "2023-06",
            "price": "13.28",
            "revenue": 61723
        },
        "2023-07": {
            "month": "2023-07",
            "price": "11.93",
            "revenue": 48219
        },
        "2023-08": {
            "month": "2023-08",
            "price": "10.88",
            "revenue": 67295
        },
        "2023-09": {
            "month": "2023-09",
            "price": "11.21",
            "revenue": 43969
        },
        "2023-10": {
            "month": "2023-10",
            "price": "10.80",
            "revenue": 60395
        },
        "2023-11": {
            "month": "2023-11",
            "price": "10.78",
            "revenue": 59075
        },
        "2023-12": {
            "month": "2023-12",
            "price": "11.96",
            "revenue": 62741
        }
    }
}
