{
    "summary": {
        "stock_name": "浪凡",
        "stock_id": "6165",
        "category": "其他",
        "main_business": "各種精密機械、零件及儀器之裝配加工、製造、買賣等業務",
        "website_url": "http://www.langinc.com.tw",
        "ceo": "王冠中",
        "pe_ratio": -204,
        "report_year_from": 2001,
        "report_year_to": 2023,
        "age": 22,
        "eps_negative_percentage": 57,
        "eps_growth_avg": {
            "last_all": -25.39,
            "last_2y": 11.88,
            "last_4y": 11.88,
            "last_8y": 11.88,
            "last_12y": -25.42,
            "last_16y": -52.95,
            "last_20y": -25.39,
            "at_2006_last_3y": -10.34,
            "at_2007_last_3y": -35.63,
            "at_2008_last_3y": -29.5,
            "at_2009_last_3y": -94.25,
            "at_2010_last_3y": -100,
            "at_2011_last_3y": -100,
            "at_2012_last_3y": -100,
            "at_2013_last_3y": -100,
            "at_2014_last_3y": null,
            "at_2015_last_3y": null,
            "at_2016_last_3y": null,
            "at_2017_last_3y": null,
            "at_2018_last_3y": null,
            "at_2019_last_3y": null,
            "at_2020_last_3y": null,
            "at_2021_last_3y": 100,
            "at_2022_last_3y": 11.88,
            "at_2023_last_3y": 11.88,
            "at_2006_last_all": -10.45,
            "at_2007_last_all": -25.37,
            "at_2008_last_all": -25.37,
            "at_2009_last_all": -25.37,
            "at_2010_last_all": -36.03,
            "at_2011_last_all": -36.03,
            "at_2012_last_all": -36.03,
            "at_2013_last_all": -36.03,
            "at_2014_last_all": -36.03,
            "at_2015_last_all": -36.03,
            "at_2016_last_all": -36.03,
            "at_2017_last_all": -36.03,
            "at_2018_last_all": -36.03,
            "at_2019_last_all": -36.03,
            "at_2020_last_all": -36.03,
            "at_2021_last_all": -19.03,
            "at_2022_last_all": -25.39,
            "at_2023_last_all": -25.39
        },
        "latest_eps": -0.16,
        "latest_price": 32.65,
        "latest_roe": -1.4,
        "latest_gross_margin": 25.84,
        "latest_equity": 669644,
        "latest_revenue": 664454,
        "latest_gross_profit": 171697,
        "latest_net_income": -38928,
        "latest_debt_ratio": 68.7,
        "latest_current_ratio": 117.52,
        "latest_account_receivable_turnover_ratio": 6.34,
        "latest_inventory_turnover_ratio": null,
        "latest_reinvestment_rate": 406.48,
        "latest_research_to_sale_ratio": 4.76
    },
    "eps_dividends": {
        "2000": {
            "cash": 0,
            "stock": 2,
            "eps": 0
        },
        "2001": {
            "cash": 1,
            "stock": 1.6,
            "eps": 1.93
        },
        "2002": {
            "cash": 0.6,
            "stock": 0.9,
            "eps": 1.72
        },
        "2003": {
            "cash": 1.3,
            "stock": 0.02,
            "eps": 1.74
        },
        "2004": {
            "cash": 1.2,
            "stock": 0.3,
            "eps": 0.8
        },
        "2005": {
            "cash": 0,
            "stock": 0.05,
            "eps": 2.87
        },
        "2006": {
            "cash": 0,
            "stock": 0.2,
            "eps": 0.33
        },
        "2007": {
            "cash": 0,
            "stock": 0.2,
            "eps": -1.23
        },
        "2008": {
            "cash": 0,
            "stock": 0.41,
            "eps": -1.97
        },
        "2009": {
            "cash": 0,
            "stock": 0,
            "eps": 1.53
        },
        "2010": {
            "cash": 0.05,
            "stock": 0.25,
            "eps": -1.33
        },
        "2011": {
            "cash": 0,
            "stock": 0,
            "eps": -1.57
        },
        "2012": {
            "cash": 0,
            "stock": 0,
            "eps": -1.88
        },
        "2013": {
            "cash": 0,
            "stock": 0,
            "eps": -0.87
        },
        "2014": {
            "cash": 0,
            "stock": 0,
            "eps": -1.39
        },
        "2015": {
            "cash": 0,
            "stock": 0,
            "eps": -0.1
        },
        "2016": {
            "cash": 0,
            "stock": 0,
            "eps": -0.52
        },
        "2017": {
            "cash": 0,
            "stock": 0,
            "eps": -0.16
        },
        "2018": {
            "cash": 0,
            "stock": 0,
            "eps": -0.09
        },
        "2019": {
            "cash": 0,
            "stock": 0,
            "eps": -0.54
        },
        "2020": {
            "cash": 0,
            "stock": 0,
            "eps": 1.12
        },
        "2021": {
            "cash": 0,
            "stock": 0,
            "eps": 2.61
        },
        "2022": {
            "cash": 0,
            "stock": 0,
            "eps": 0.62
        },
        "2023": {
            "cash": 0,
            "stock": 0,
            "eps": -0.73
        }
    },
    "dividends": {
        "2000-05-30": {
            "cash": 0,
            "stock": 2
        },
        "2001-05-25": {
            "cash": 1,
            "stock": 1.6
        },
        "2002-06-18": {
            "cash": 0.6,
            "stock": 0.9
        },
        "2003-03-24": {
            "cash": 1.3,
            "stock": 0.02
        },
        "2004-04-07": {
            "cash": 1.2,
            "stock": 0.3
        },
        "2005-04-29": {
            "cash": 0,
            "stock": 0.05
        },
        "2006-03-31": {
            "cash": 0,
            "stock": 0.2
        },
        "2007-04-30": {
            "cash": 0,
            "stock": 0.2
        },
        "2008-04-25": {
            "cash": 0,
            "stock": 0.41
        },
        "2010-07-31": {
            "cash": 0.05,
            "stock": 0.25
        }
    },
    "prices": {
        "200101": "無",
        "200102": "無",
        "200103": "無",
        "200104": "無",
        "200105": "無",
        "200106": "無",
        "200107": "無",
        "200108": "無",
        "200109": "無",
        "200110": "無",
        "200111": "無",
        "200112": "無",
        "200201": "無",
        "200202": "無",
        "200203": "34.05",
        "200204": "32.91",
        "200205": "28.05",
        "200206": "26.88",
        "200207": "24.44",
        "200208": "23.96",
        "200209": "24.76",
        "200210": "23.76",
        "200211": "23.11",
        "200212": "21.66",
        "200301": "22.41",
        "200302": "21.26",
        "200303": "19.72",
        "200304": "19.32",
        "200305": "17.97",
        "200306": "19.62",
        "200307": "19.70",
        "200308": "19.56",
        "200309": "18.89",
        "200310": "19.05",
        "200311": "20.34",
        "200312": "20.87",
        "200401": "23.07",
        "200402": "23.15",
        "200403": "21.73",
        "200404": "24.27",
        "200405": "19.07",
        "200406": "17.55",
        "200407": "14.14",
        "200408": "12.06",
        "200409": "11.88",
        "200410": "11.01",
        "200411": "10.20",
        "200412": "10.92",
        "200501": "10.37",
        "200502": "10.89",
        "200503": "11.23",
        "200504": "10.62",
        "200505": "9.88",
        "200506": "10.35",
        "200507": "11.18",
        "200508": "12.82",
        "200509": "13.37",
        "200510": "14.33",
        "200511": "13.33",
        "200512": "13.76",
        "200601": "14.28",
        "200602": "13.38",
        "200603": "12.86",
        "200604": "13.94",
        "200605": "15.29",
        "200606": "15.71",
        "200607": "14.75",
        "200608": "15.03",
        "200609": "15.68",
        "200610": "18.44",
        "200611": "18.30",
        "200612": "19.76",
        "200701": "19.04",
        "200702": "18.98",
        "200703": "20.30",
        "200704": "21.42",
        "200705": "21.96",
        "200706": "22.47",
        "200707": "23.93",
        "200708": "25.27",
        "200709": "23.96",
        "200710": "23.30",
        "200711": "22.76",
        "200712": "22.72",
        "200801": "22.11",
        "200802": "21.28",
        "200803": "21.98",
        "200804": "26.80",
        "200805": "26.67",
        "200806": "23.74",
        "200807": "19.02",
        "200808": "18.88",
        "200809": "17.10",
        "200810": "15.37",
        "200811": "14.95",
        "200812": "14.02",
        "200901": "10.85",
        "200902": "4.16",
        "200903": "6.52",
        "200904": "7.02",
        "200905": "6.18",
        "200906": "6.03",
        "200907": "6.85",
        "200908": "8.42",
        "200909": "8.50",
        "200910": "9.55",
        "200911": "12.22",
        "200912": "12.69",
        "201001": "12.91",
        "201002": "10.30",
        "201003": "10.77",
        "201004": "12.42",
        "201005": "15.18",
        "201006": "13.30",
        "201007": "11.60",
        "201008": "12.42",
        "201009": "10.64",
        "201010": "9.90",
        "201011": "8.49",
        "201012": "8.90",
        "201101": "8.50",
        "201102": "8.43",
        "201103": "7.63",
        "201104": "7.26",
        "201105": "6.91",
        "201106": "6.81",
        "201107": "6.80",
        "201108": "5.30",
        "201109": "4.92",
        "201110": "4.49",
        "201111": "3.87",
        "201112": "3.52",
        "201201": "3.68",
        "201202": "5.26",
        "201203": "4.94",
        "201204": "4.13",
        "201205": "3.98",
        "201206": "3.91",
        "201207": "3.92",
        "201208": "4.63",
        "201209": "4.41",
        "201210": "4.03",
        "201211": "3.82",
        "201212": "4.10",
        "201301": "4.25",
        "201302": "4.77",
        "201303": "5.60",
        "201304": "5.86",
        "201305": "5.71",
        "201306": "6.43",
        "201307": "6.63",
        "201308": "6.86",
        "201309": "7.00",
        "201310": "8.58",
        "201311": "6.06",
        "201312": "6.80",
        "201401": "6.73",
        "201402": "6.28",
        "201403": "7.13",
        "201404": "7.08",
        "201405": "9.14",
        "201406": "10.17",
        "201407": "9.80",
        "201408": "11.77",
        "201409": "11.18",
        "201410": "11.33",
        "201411": "10.54",
        "201412": "10.38",
        "201501": "11.66",
        "201502": "12.00",
        "201503": "11.75",
        "201504": "11.84",
        "201505": "10.19",
        "201506": "7.18",
        "201507": "6.98",
        "201508": "10.28",
        "201509": "11.69",
        "201510": "12.19",
        "201511": "11.77",
        "201512": "11.79",
        "201601": "10.40",
        "201602": "10.89",
        "201603": "10.73",
        "201604": "9.91",
        "201605": "9.88",
        "201606": "9.81",
        "201607": "12.54",
        "201608": "15.49",
        "201609": "16.48",
        "201610": "18.84",
        "201611": "15.43",
        "201612": "14.11",
        "201701": "14.11",
        "201702": "20.35",
        "201703": "38.54",
        "201704": "38.25",
        "201705": "50.29",
        "201706": "60.47",
        "201707": "52.16",
        "201708": "30.21",
        "201709": "46.33",
        "201710": "46.99",
        "201711": "37.38",
        "201712": "35.67",
        "201801": "26.77",
        "201802": "19.40",
        "201803": "17.09",
        "201804": "18.28",
        "201805": "16.70",
        "201806": "16.28",
        "201807": "13.19",
        "201808": "11.42",
        "201809": "9.38",
        "201810": "8.44",
        "201811": "7.56",
        "201812": "8.57",
        "201901": "8.12",
        "201902": "8.21",
        "201903": "8.58",
        "201904": "8.20",
        "201905": "7.97",
        "201906": "7.99",
        "201907": "7.81",
        "201908": "9.94",
        "201909": "10.48",
        "201910": "10.94",
        "201911": "13.01",
        "201912": "18.13",
        "202001": "18.71",
        "202002": "21.88",
        "202003": "19.20",
        "202004": "21.66",
        "202005": "28.64",
        "202006": "31.30",
        "202007": "33.19",
        "202008": "42.89",
        "202009": "60.69",
        "202010": "74.77",
        "202011": "57.13",
        "202012": "51.14",
        "202101": "39.77",
        "202102": "42.63",
        "202103": "45.73",
        "202104": "43.05",
        "202105": "33.53",
        "202106": "35.37",
        "202107": "36.76",
        "202108": "34.42",
        "202109": "34.20",
        "202110": "41.47",
        "202111": "38.49",
        "202112": "38.30",
        "202201": "37.74",
        "202202": "35.65",
        "202203": "33.45",
        "202204": "29.27",
        "202205": "25.64",
        "202206": "25.77",
        "202207": "26.07",
        "202208": "27.37",
        "202209": "25.67",
        "202210": "25.08",
        "202211": "27.01",
        "202212": "27.50",
        "202301": "27.12",
        "202302": "32.22",
        "202303": "30.08",
        "202304": "30.38",
        "202305": "31.50",
        "202306": "33.22"
    },
    "quarters": {
        "20011": {
            "year_quarter": 20011,
            "year": 2001,
            "quarter": 1,
            "eps": 0.42,
            "eps_growth_year": null,
            "eps_4q": null,
            "eps_4q_growth_year": null,
            "roe": 2.9,
            "roe_4q": 2.9,
            "gross_profit": 39772,
            "gross_margin": 23.25,
            "gross_margin_4q_avg": 23.25,
            "net_income": 24220,
            "revenue": 171032,
            "common_shares": 575000,
            "book_valuer_per_share": 14.74,
            "book_valuer_per_share_4q_avg": 14.74,
            "equity": 847753,
            "current_ratio": 241.92,
            "debt_ratio": 25.55,
            "inventory_turnover_ratio": 1.37,
            "account_receivable_turnover_ratio": null,
            "reinvestment_rate": null,
            "research_to_sale_ratio": null,
            "price_fair": 0,
            "eps_avg_yearly": 0,
            "eps_latest_yearly": 0,
            "eps_growth_yearly": 0
        },
        "20012": {
            "year_quarter": 20012,
            "year": 2001,
            "quarter": 2,
            "eps": 0.56,
            "eps_growth_year": null,
            "eps_4q": null,
            "eps_4q_growth_year": null,
            "roe": 4.48,
            "roe_4q": 7.380000000000001,
            "gross_profit": 50741,
            "gross_margin": 25.75,
            "gross_margin_4q_avg": 24.5,
            "net_income": 37958,
            "revenue": 197070,
            "common_shares": 575000,
            "book_valuer_per_share": 14.74,
            "book_valuer_per_share_4q_avg": 14.74,
            "equity": 847429,
            "current_ratio": 232.36,
            "debt_ratio": 25.25,
            "inventory_turnover_ratio": 4.8,
            "account_receivable_turnover_ratio": null,
            "reinvestment_rate": null,
            "research_to_sale_ratio": null,
            "price_fair": 0,
            "eps_avg_yearly": 0,
            "eps_latest_yearly": 0,
            "eps_growth_yearly": 0
        },
        "20013": {
            "year_quarter": 20013,
            "year": 2001,
            "quarter": 3,
            "eps": 0.5,
            "eps_growth_year": null,
            "eps_4q": null,
            "eps_4q_growth_year": null,
            "roe": 3.85,
            "roe_4q": 11.23,
            "gross_profit": 45325,
            "gross_margin": 26.04,
            "gross_margin_4q_avg": 25.01,
            "net_income": 33327,
            "revenue": 174037,
            "common_shares": 575000,
            "book_valuer_per_share": 15.34,
            "book_valuer_per_share_4q_avg": 14.94,
            "equity": 882022,
            "current_ratio": 249.01,
            "debt_ratio": 23.98,
            "inventory_turnover_ratio": 4.96,
            "account_receivable_turnover_ratio": null,
            "reinvestment_rate": null,
            "research_to_sale_ratio": null,
            "price_fair": 0,
            "eps_avg_yearly": 0,
            "eps_latest_yearly": 0,
            "eps_growth_yearly": 0
        },
        "20014": {
            "year_quarter": 20014,
            "year": 2001,
            "quarter": 4,
            "eps": 0.45,
            "eps_growth_year": null,
            "eps_4q": 1.86,
            "eps_4q_growth_year": null,
            "roe": 3.38,
            "roe_4q": 14.610000000000001,
            "gross_profit": 40839,
            "gross_margin": 25.8,
            "gross_margin_4q_avg": 25.21,
            "net_income": 30454,
            "revenue": 158283,
            "common_shares": 673000,
            "book_valuer_per_share": 13.67,
            "book_valuer_per_share_4q_avg": 14.62,
            "equity": 919772,
            "current_ratio": 411.07,
            "debt_ratio": 24.56,
            "inventory_turnover_ratio": 1.65,
            "account_receivable_turnover_ratio": null,
            "reinvestment_rate": null,
            "research_to_sale_ratio": null,
            "price_fair": 0,
            "eps_avg_yearly": 0,
            "eps_latest_yearly": 0,
            "eps_growth_yearly": 0
        },
        "20021": {
            "year_quarter": 20021,
            "year": 2002,
            "quarter": 1,
            "eps": 0.35,
            "eps_growth_year": -16.67,
            "eps_4q": 1.85,
            "eps_4q_growth_year": null,
            "roe": 2.55,
            "roe_4q": 14.26,
            "gross_profit": 41407,
            "gross_margin": 23.83,
            "gross_margin_4q_avg": 25.36,
            "net_income": 23802,
            "revenue": 173791,
            "common_shares": 673000,
            "book_valuer_per_share": 14.03,
            "book_valuer_per_share_4q_avg": 14.45,
            "equity": 944110,
            "current_ratio": 258.44,
            "debt_ratio": 23.08,
            "inventory_turnover_ratio": 1.89,
            "account_receivable_turnover_ratio": null,
            "reinvestment_rate": null,
            "research_to_sale_ratio": null,
            "price_fair": 4.2,
            "eps_avg_yearly": 1.4,
            "eps_latest_yearly": 1.4,
            "eps_growth_yearly": -88.89
        },
        "20022": {
            "year_quarter": 20022,
            "year": 2002,
            "quarter": 2,
            "eps": 0.55,
            "eps_growth_year": -1.79,
            "eps_4q": 1.85,
            "eps_4q_growth_year": null,
            "roe": 3.95,
            "roe_4q": 13.729999999999999,
            "gross_profit": 55499,
            "gross_margin": 25.88,
            "gross_margin_4q_avg": 25.39,
            "net_income": 37060,
            "revenue": 214480,
            "common_shares": 673000,
            "book_valuer_per_share": 13.89,
            "book_valuer_per_share_4q_avg": 14.23,
            "equity": 934641,
            "current_ratio": 176.07,
            "debt_ratio": 29.52,
            "inventory_turnover_ratio": 7.41,
            "account_receivable_turnover_ratio": null,
            "reinvestment_rate": null,
            "research_to_sale_ratio": null,
            "price_fair": 63,
            "eps_avg_yearly": 1.8,
            "eps_latest_yearly": 2.2,
            "eps_growth_yearly": 69.84
        },
        "20023": {
            "year_quarter": 20023,
            "year": 2002,
            "quarter": 3,
            "eps": 0.62,
            "eps_growth_year": 24,
            "eps_4q": 1.85,
            "eps_4q_growth_year": null,
            "roe": 4.81,
            "roe_4q": 14.689999999999998,
            "gross_profit": 45753,
            "gross_margin": 23.81,
            "gross_margin_4q_avg": 24.83,
            "net_income": 46058,
            "revenue": 192167,
            "common_shares": 742570,
            "book_valuer_per_share": 13.2,
            "book_valuer_per_share_4q_avg": 13.7,
            "equity": 980452,
            "current_ratio": 109.36,
            "debt_ratio": 32.22,
            "inventory_turnover_ratio": 9.18,
            "account_receivable_turnover_ratio": null,
            "reinvestment_rate": null,
            "research_to_sale_ratio": null,
            "price_fair": 70.93,
            "eps_avg_yearly": 2.03,
            "eps_latest_yearly": 2.48,
            "eps_growth_yearly": 63.53
        },
        "20024": {
            "year_quarter": 20024,
            "year": 2002,
            "quarter": 4,
            "eps": 0.2,
            "eps_growth_year": -55.56,
            "eps_4q": 1.61,
            "eps_4q_growth_year": -13.71,
            "roe": 1.55,
            "roe_4q": 12.86,
            "gross_profit": 35626,
            "gross_margin": 21.3,
            "gross_margin_4q_avg": 23.71,
            "net_income": 15208,
            "revenue": 167278,
            "common_shares": 742570,
            "book_valuer_per_share": 13.24,
            "book_valuer_per_share_4q_avg": 13.59,
            "equity": 983216,
            "current_ratio": 587.45,
            "debt_ratio": 40.67,
            "inventory_turnover_ratio": 2.18,
            "account_receivable_turnover_ratio": null,
            "reinvestment_rate": null,
            "research_to_sale_ratio": null,
            "price_fair": 5.16,
            "eps_avg_yearly": 1.72,
            "eps_latest_yearly": 0.8,
            "eps_growth_yearly": -20.09
        },
        "20031": {
            "year_quarter": 20031,
            "year": 2003,
            "quarter": 1,
            "eps": 0.28,
            "eps_growth_year": -20,
            "eps_4q": 1.61,
            "eps_4q_growth_year": -12.53,
            "roe": 2.08,
            "roe_4q": 12.39,
            "gross_profit": 45911,
            "gross_margin": 25.16,
            "gross_margin_4q_avg": 24.04,
            "net_income": 20626,
            "revenue": 182496,
            "common_shares": 742570,
            "book_valuer_per_share": 13.46,
            "book_valuer_per_share_4q_avg": 13.45,
            "equity": 999372,
            "current_ratio": 302.97,
            "debt_ratio": 40.16,
            "inventory_turnover_ratio": 2.19,
            "account_receivable_turnover_ratio": null,
            "reinvestment_rate": null,
            "research_to_sale_ratio": null,
            "price_fair": 41.48,
            "eps_avg_yearly": 1.6,
            "eps_latest_yearly": 1.12,
            "eps_growth_yearly": 15.92
        },
        "20032": {
            "year_quarter": 20032,
            "year": 2003,
            "quarter": 2,
            "eps": 0.44,
            "eps_growth_year": -20,
            "eps_4q": 1.55,
            "eps_4q_growth_year": -16.35,
            "roe": 3.37,
            "roe_4q": 11.809999999999999,
            "gross_profit": 53568,
            "gross_margin": 25.79,
            "gross_margin_4q_avg": 24.02,
            "net_income": 32538,
            "revenue": 207747,
            "common_shares": 761113,
            "book_valuer_per_share": 12.28,
            "book_valuer_per_share_4q_avg": 13.05,
            "equity": 934360,
            "current_ratio": 268.5,
            "debt_ratio": 41.91,
            "inventory_turnover_ratio": 9.02,
            "account_receivable_turnover_ratio": null,
            "reinvestment_rate": null,
            "research_to_sale_ratio": null,
            "price_fair": 56.93,
            "eps_avg_yearly": 1.63,
            "eps_latest_yearly": 1.76,
            "eps_growth_yearly": 51.37
        },
        "20033": {
            "year_quarter": 20033,
            "year": 2003,
            "quarter": 3,
            "eps": 0.56,
            "eps_growth_year": -9.68,
            "eps_4q": 1.46,
            "eps_4q_growth_year": -20.88,
            "roe": 4.47,
            "roe_4q": 11.47,
            "gross_profit": 51593,
            "gross_margin": 24.02,
            "gross_margin_4q_avg": 24.07,
            "net_income": 42398,
            "revenue": 214816,
            "common_shares": 763134,
            "book_valuer_per_share": 12.61,
            "book_valuer_per_share_4q_avg": 12.9,
            "equity": 962269,
            "current_ratio": 286.82,
            "debt_ratio": 41.36,
            "inventory_turnover_ratio": 10.95,
            "account_receivable_turnover_ratio": null,
            "reinvestment_rate": null,
            "research_to_sale_ratio": null,
            "price_fair": 60,
            "eps_avg_yearly": 1.71,
            "eps_latest_yearly": 2.24,
            "eps_growth_yearly": 59.61
        },
        "20034": {
            "year_quarter": 20034,
            "year": 2003,
            "quarter": 4,
            "eps": 0.46,
            "eps_growth_year": 130,
            "eps_4q": 1.7,
            "eps_4q_growth_year": 6.09,
            "roe": 3.58,
            "roe_4q": 13.500000000000002,
            "gross_profit": 53937,
            "gross_margin": 24.35,
            "gross_margin_4q_avg": 24.83,
            "net_income": 35337,
            "revenue": 221548,
            "common_shares": 795175,
            "book_valuer_per_share": 12.76,
            "book_valuer_per_share_4q_avg": 12.78,
            "equity": 1014353,
            "current_ratio": 505.04,
            "debt_ratio": 40.51,
            "inventory_turnover_ratio": 2.89,
            "account_receivable_turnover_ratio": null,
            "reinvestment_rate": null,
            "research_to_sale_ratio": null,
            "price_fair": 60.55,
            "eps_avg_yearly": 1.73,
            "eps_latest_yearly": 1.84,
            "eps_growth_yearly": 43.23
        },
        "20041": {
            "year_quarter": 20041,
            "year": 2004,
            "quarter": 1,
            "eps": 0.27,
            "eps_growth_year": -3.57,
            "eps_4q": 1.64,
            "eps_4q_growth_year": 1.51,
            "roe": 2.02,
            "roe_4q": 13.440000000000001,
            "gross_profit": 47244,
            "gross_margin": 23.12,
            "gross_margin_4q_avg": 24.32,
            "net_income": 21745,
            "revenue": 204329,
            "common_shares": 863357,
            "book_valuer_per_share": 13.15,
            "book_valuer_per_share_4q_avg": 12.7,
            "equity": 1135601,
            "current_ratio": 256.4,
            "debt_ratio": 33.79,
            "inventory_turnover_ratio": 2.7,
            "account_receivable_turnover_ratio": null,
            "reinvestment_rate": null,
            "research_to_sale_ratio": null,
            "price_fair": 49.85,
            "eps_avg_yearly": 1.66,
            "eps_latest_yearly": 1.08,
            "eps_growth_yearly": 20.07
        },
        "20042": {
            "year_quarter": 20042,
            "year": 2004,
            "quarter": 2,
            "eps": 0.36,
            "eps_growth_year": -18.18,
            "eps_4q": 1.57,
            "eps_4q_growth_year": 1.49,
            "roe": 2.67,
            "roe_4q": 12.739999999999998,
            "gross_profit": 51961,
            "gross_margin": 22.83,
            "gross_margin_4q_avg": 23.58,
            "net_income": 29588,
            "revenue": 227581,
            "common_shares": 863357,
            "book_valuer_per_share": 12.51,
            "book_valuer_per_share_4q_avg": 12.76,
            "equity": 1080035,
            "current_ratio": 168.17,
            "debt_ratio": 35.25,
            "inventory_turnover_ratio": 12.53,
            "account_receivable_turnover_ratio": null,
            "reinvestment_rate": null,
            "research_to_sale_ratio": null,
            "price_fair": 57.26,
            "eps_avg_yearly": 1.64,
            "eps_latest_yearly": 1.44,
            "eps_growth_yearly": 31.4
        },
        "20043": {
            "year_quarter": 20043,
            "year": 2004,
            "quarter": 3,
            "eps": -0.16,
            "eps_growth_year": -128.57,
            "eps_4q": 0.78,
            "eps_4q_growth_year": -46.86,
            "roe": -1.23,
            "roe_4q": 7.04,
            "gross_profit": 60410,
            "gross_margin": 22.88,
            "gross_margin_4q_avg": 23.3,
            "net_income": -14285,
            "revenue": 264010,
            "common_shares": 930992,
            "book_valuer_per_share": 13.4,
            "book_valuer_per_share_4q_avg": 12.96,
            "equity": 1247347,
            "current_ratio": 179.36,
            "debt_ratio": 25.43,
            "inventory_turnover_ratio": 15.35,
            "account_receivable_turnover_ratio": null,
            "reinvestment_rate": null,
            "research_to_sale_ratio": null,
            "price_fair": 57.26,
            "eps_avg_yearly": 1.64,
            "eps_latest_yearly": 1.44,
            "eps_growth_yearly": 31.4
        },
        "20044": {
            "year_quarter": 20044,
            "year": 2004,
            "quarter": 4,
            "eps": 0.33,
            "eps_growth_year": -28.26,
            "eps_4q": 0.75,
            "eps_4q_growth_year": -55.8,
            "roe": 2.37,
            "roe_4q": 5.83,
            "gross_profit": 44356,
            "gross_margin": 22.4,
            "gross_margin_4q_avg": 22.81,
            "net_income": 28895,
            "revenue": 198022,
            "common_shares": 1042522,
            "book_valuer_per_share": 11.46,
            "book_valuer_per_share_4q_avg": 12.63,
            "equity": 1194681,
            "current_ratio": 334.4,
            "debt_ratio": 22.7,
            "inventory_turnover_ratio": 2.28,
            "account_receivable_turnover_ratio": null,
            "reinvestment_rate": 6.15,
            "research_to_sale_ratio": null,
            "price_fair": 57.26,
            "eps_avg_yearly": 1.64,
            "eps_latest_yearly": 1.44,
            "eps_growth_yearly": 31.4
        },
        "20051": {
            "year_quarter": 20051,
            "year": 2005,
            "quarter": 1,
            "eps": 0.13,
            "eps_growth_year": -51.85,
            "eps_4q": 0.6,
            "eps_4q_growth_year": -63.36,
            "roe": 1.03,
            "roe_4q": 4.84,
            "gross_profit": 42206,
            "gross_margin": 22.39,
            "gross_margin_4q_avg": 22.63,
            "net_income": 12207,
            "revenue": 188470,
            "common_shares": 1012322,
            "book_valuer_per_share": 11.68,
            "book_valuer_per_share_4q_avg": 12.26,
            "equity": 1182143,
            "current_ratio": 122.41,
            "debt_ratio": 24.86,
            "inventory_turnover_ratio": 2.08,
            "account_receivable_turnover_ratio": null,
            "reinvestment_rate": -6.74,
            "research_to_sale_ratio": null,
            "price_fair": 25.33,
            "eps_avg_yearly": 1.53,
            "eps_latest_yearly": 0.52,
            "eps_growth_yearly": 6.5
        },
        "20052": {
            "year_quarter": 20052,
            "year": 2005,
            "quarter": 2,
            "eps": 0.14,
            "eps_growth_year": -61.11,
            "eps_4q": 0.43,
            "eps_4q_growth_year": -72.64,
            "roe": 1.11,
            "roe_4q": 3.28,
            "gross_profit": 43234,
            "gross_margin": 18.79,
            "gross_margin_4q_avg": 21.62,
            "net_income": 12964,
            "revenue": 230148,
            "common_shares": 963822,
            "book_valuer_per_share": 11.9,
            "book_valuer_per_share_4q_avg": 12.11,
            "equity": 1147367,
            "current_ratio": 90.66,
            "debt_ratio": 31.71,
            "inventory_turnover_ratio": 10.12,
            "account_receivable_turnover_ratio": null,
            "reinvestment_rate": -7.62,
            "research_to_sale_ratio": null,
            "price_fair": 26.93,
            "eps_avg_yearly": 1.45,
            "eps_latest_yearly": 0.56,
            "eps_growth_yearly": 8.53
        },
        "20053": {
            "year_quarter": 20053,
            "year": 2005,
            "quarter": 3,
            "eps": 0.27,
            "eps_growth_year": null,
            "eps_4q": 0.84,
            "eps_4q_growth_year": 8.68,
            "roe": 2.17,
            "roe_4q": 6.680000000000001,
            "gross_profit": 57055,
            "gross_margin": 16.25,
            "gross_margin_4q_avg": 19.96,
            "net_income": 25389,
            "revenue": 351195,
            "common_shares": 970915,
            "book_valuer_per_share": 12.29,
            "book_valuer_per_share_4q_avg": 11.83,
            "equity": 1193609,
            "current_ratio": 90.25,
            "debt_ratio": 41.24,
            "inventory_turnover_ratio": 17.6,
            "account_receivable_turnover_ratio": null,
            "reinvestment_rate": -8.08,
            "research_to_sale_ratio": null,
            "price_fair": 49.86,
            "eps_avg_yearly": 1.42,
            "eps_latest_yearly": 1.08,
            "eps_growth_yearly": 36.44
        },
        "20054": {
            "year_quarter": 20054,
            "year": 2005,
            "quarter": 4,
            "eps": 2.33,
            "eps_growth_year": 606.06,
            "eps_4q": 2.88,
            "eps_4q_growth_year": 282.52,
            "roe": 16.73,
            "roe_4q": 21.04,
            "gross_profit": 49882,
            "gross_margin": 18.2,
            "gross_margin_4q_avg": 18.91,
            "net_income": 213887,
            "revenue": 274057,
            "common_shares": 970915,
            "book_valuer_per_share": 14.04,
            "book_valuer_per_share_4q_avg": 12.48,
            "equity": 1363167,
            "current_ratio": 449.92,
            "debt_ratio": 22.34,
            "inventory_turnover_ratio": 2.53,
            "account_receivable_turnover_ratio": null,
            "reinvestment_rate": 10.17,
            "research_to_sale_ratio": null,
            "price_fair": 69.6,
            "eps_avg_yearly": 1.99,
            "eps_latest_yearly": 9.32,
            "eps_growth_yearly": 251.83
        },
        "20061": {
            "year_quarter": 20061,
            "year": 2006,
            "quarter": 1,
            "eps": 0.04,
            "eps_growth_year": -69.23,
            "eps_4q": 3.19,
            "eps_4q_growth_year": 431.72,
            "roe": 0.23,
            "roe_4q": 20.240000000000002,
            "gross_profit": 36056,
            "gross_margin": 19.59,
            "gross_margin_4q_avg": 18.21,
            "net_income": 3199,
            "revenue": 184052,
            "common_shares": 904735,
            "book_valuer_per_share": 15.04,
            "book_valuer_per_share_4q_avg": 13.32,
            "equity": 1360411,
            "current_ratio": 458.94,
            "debt_ratio": 16.33,
            "inventory_turnover_ratio": 1.63,
            "account_receivable_turnover_ratio": null,
            "reinvestment_rate": -6.09,
            "research_to_sale_ratio": null,
            "price_fair": 66.5,
            "eps_avg_yearly": 1.9,
            "eps_latest_yearly": 0.16,
            "eps_growth_yearly": 230.1
        },
        "20062": {
            "year_quarter": 20062,
            "year": 2006,
            "quarter": 2,
            "eps": -0.12,
            "eps_growth_year": -185.71,
            "eps_4q": 2.56,
            "eps_4q_growth_year": 495.93,
            "roe": -0.82,
            "roe_4q": 18.310000000000002,
            "gross_profit": 42739,
            "gross_margin": 19.94,
            "gross_margin_4q_avg": 18.5,
            "net_income": -10853,
            "revenue": 214371,
            "common_shares": 904735,
            "book_valuer_per_share": 14.26,
            "book_valuer_per_share_4q_avg": 13.91,
            "equity": 1289913,
            "current_ratio": 328.92,
            "debt_ratio": 20.4,
            "inventory_turnover_ratio": 8.93,
            "account_receivable_turnover_ratio": null,
            "reinvestment_rate": -17.86,
            "research_to_sale_ratio": null,
            "price_fair": 65.69,
            "eps_avg_yearly": 1.88,
            "eps_latest_yearly": 0.16,
            "eps_growth_yearly": 230.21
        },
        "20063": {
            "year_quarter": 20063,
            "year": 2006,
            "quarter": 3,
            "eps": -0.06,
            "eps_growth_year": -122.22,
            "eps_4q": 2.16,
            "eps_4q_growth_year": 155.38,
            "roe": -0.39,
            "roe_4q": 15.75,
            "gross_profit": 35398,
            "gross_margin": 14.01,
            "gross_margin_4q_avg": 17.94,
            "net_income": -5066,
            "revenue": 252644,
            "common_shares": 932230,
            "book_valuer_per_share": 14.01,
            "book_valuer_per_share_4q_avg": 14.34,
            "equity": 1305842,
            "current_ratio": 371.12,
            "debt_ratio": 18.56,
            "inventory_turnover_ratio": 10.79,
            "account_receivable_turnover_ratio": null,
            "reinvestment_rate": -63.07,
            "research_to_sale_ratio": null,
            "price_fair": 63.93,
            "eps_avg_yearly": 1.83,
            "eps_latest_yearly": 0.16,
            "eps_growth_yearly": 245.16
        },
        "20064": {
            "year_quarter": 20064,
            "year": 2006,
            "quarter": 4,
            "eps": 0.47,
            "eps_growth_year": -79.83,
            "eps_4q": 0.33,
            "eps_4q_growth_year": -88.54,
            "roe": 3.24,
            "roe_4q": 2.2600000000000002,
            "gross_profit": 32797,
            "gross_margin": 15.54,
            "gross_margin_4q_avg": 17.27,
            "net_income": 42756,
            "revenue": 211070,
            "common_shares": 932230,
            "book_valuer_per_share": 14.34,
            "book_valuer_per_share_4q_avg": 14.41,
            "equity": 1336697,
            "current_ratio": 491.23,
            "debt_ratio": 17.56,
            "inventory_turnover_ratio": 2.35,
            "account_receivable_turnover_ratio": null,
            "reinvestment_rate": -48.56,
            "research_to_sale_ratio": null,
            "price_fair": 67.2,
            "eps_avg_yearly": 1.92,
            "eps_latest_yearly": 0.16,
            "eps_growth_yearly": 292.08
        },
        "20071": {
            "year_quarter": 20071,
            "year": 2007,
            "quarter": 1,
            "eps": -0.12,
            "eps_growth_year": -400,
            "eps_4q": 0.18,
            "eps_4q_growth_year": -94.51,
            "roe": -0.81,
            "roe_4q": 1.2200000000000002,
            "gross_profit": 29094,
            "gross_margin": 16.34,
            "gross_margin_4q_avg": 16.46,
            "net_income": -10906,
            "revenue": 178055,
            "common_shares": 932230,
            "book_valuer_per_share": 14.46,
            "book_valuer_per_share_4q_avg": 14.27,
            "equity": 1347647,
            "current_ratio": 470.03,
            "debt_ratio": 12.53,
            "inventory_turnover_ratio": 2,
            "account_receivable_turnover_ratio": null,
            "reinvestment_rate": -62.67,
            "research_to_sale_ratio": null,
            "price_fair": 70,
            "eps_avg_yearly": 2,
            "eps_latest_yearly": 0.16,
            "eps_growth_yearly": 305.28
        },
        "20072": {
            "year_quarter": 20072,
            "year": 2007,
            "quarter": 2,
            "eps": -0.29,
            "eps_growth_year": null,
            "eps_4q": 0,
            "eps_4q_growth_year": -99.89,
            "roe": -2.03,
            "roe_4q": 0.010000000000000342,
            "gross_profit": 30331,
            "gross_margin": 15.21,
            "gross_margin_4q_avg": 15.28,
            "net_income": -26517,
            "revenue": 199396,
            "common_shares": 932230,
            "book_valuer_per_share": 13.58,
            "book_valuer_per_share_4q_avg": 14.1,
            "equity": 1266110,
            "current_ratio": 158.37,
            "debt_ratio": 23.64,
            "inventory_turnover_ratio": 10.03,
            "account_receivable_turnover_ratio": null,
            "reinvestment_rate": 7.14,
            "research_to_sale_ratio": null,
            "price_fair": 70.93,
            "eps_avg_yearly": 2.03,
            "eps_latest_yearly": 0.16,
            "eps_growth_yearly": 313.81
        },
        "20073": {
            "year_quarter": 20073,
            "year": 2007,
            "quarter": 3,
            "eps": -0.05,
            "eps_growth_year": null,
            "eps_4q": 0.01,
            "eps_4q_growth_year": -99.49,
            "roe": -0.34,
            "roe_4q": 0.0600000000000005,
            "gross_profit": 38077,
            "gross_margin": 13.55,
            "gross_margin_4q_avg": 15.16,
            "net_income": -4313,
            "revenue": 280917,
            "common_shares": 923175,
            "book_valuer_per_share": 13.69,
            "book_valuer_per_share_4q_avg": 14.02,
            "equity": 1263800,
            "current_ratio": 144.96,
            "debt_ratio": 56.61,
            "inventory_turnover_ratio": 15.92,
            "account_receivable_turnover_ratio": null,
            "reinvestment_rate": 363.33,
            "research_to_sale_ratio": null,
            "price_fair": 70,
            "eps_avg_yearly": 2,
            "eps_latest_yearly": 0.16,
            "eps_growth_yearly": 339.4
        },
        "20074": {
            "year_quarter": 20074,
            "year": 2007,
            "quarter": 4,
            "eps": -0.77,
            "eps_growth_year": -263.83,
            "eps_4q": -1.22,
            "eps_4q_growth_year": -469.5,
            "roe": -5.74,
            "roe_4q": -8.92,
            "gross_profit": 46525,
            "gross_margin": 17.02,
            "gross_margin_4q_avg": 15.53,
            "net_income": -70806,
            "revenue": 273325,
            "common_shares": 923175,
            "book_valuer_per_share": 13.05,
            "book_valuer_per_share_4q_avg": 13.7,
            "equity": 1204806,
            "current_ratio": 174.53,
            "debt_ratio": 59.78,
            "inventory_turnover_ratio": 2.59,
            "account_receivable_turnover_ratio": null,
            "reinvestment_rate": 270.18,
            "research_to_sale_ratio": null,
            "price_fair": 70.8,
            "eps_avg_yearly": 2.02,
            "eps_latest_yearly": 0.16,
            "eps_growth_yearly": 398.09
        },
        "20081": {
            "year_quarter": 20081,
            "year": 2008,
            "quarter": 1,
            "eps": -0.46,
            "eps_growth_year": null,
            "eps_4q": -1.55,
            "eps_4q_growth_year": -987.01,
            "roe": -3.64,
            "roe_4q": -11.75,
            "gross_profit": 44789,
            "gross_margin": 11.91,
            "gross_margin_4q_avg": 14.42,
            "net_income": -42702,
            "revenue": 376194,
            "common_shares": 923175,
            "book_valuer_per_share": 12.38,
            "book_valuer_per_share_4q_avg": 13.18,
            "equity": 1143020,
            "current_ratio": 167.92,
            "debt_ratio": 60.96,
            "inventory_turnover_ratio": 1.91,
            "account_receivable_turnover_ratio": null,
            "reinvestment_rate": 415.79,
            "research_to_sale_ratio": null,
            "price_fair": 76.3,
            "eps_avg_yearly": 2.18,
            "eps_latest_yearly": 0.16,
            "eps_growth_yearly": 491.97
        },
        "20082": {
            "year_quarter": 20082,
            "year": 2008,
            "quarter": 2,
            "eps": -0.87,
            "eps_growth_year": null,
            "eps_4q": -2.14,
            "eps_4q_growth_year": -74989.18,
            "roe": -7.24,
            "roe_4q": -16.96,
            "gross_profit": 52840,
            "gross_margin": 18.88,
            "gross_margin_4q_avg": 15.34,
            "net_income": -80184,
            "revenue": 279825,
            "common_shares": 923175,
            "book_valuer_per_share": 11.6,
            "book_valuer_per_share_4q_avg": 12.68,
            "equity": 1071294,
            "current_ratio": 148.71,
            "debt_ratio": 63.62,
            "inventory_turnover_ratio": 1.14,
            "account_receivable_turnover_ratio": null,
            "reinvestment_rate": 993.95,
            "research_to_sale_ratio": null,
            "price_fair": 81.48,
            "eps_avg_yearly": 2.33,
            "eps_latest_yearly": 0.16,
            "eps_growth_yearly": 563.7
        },
        "20083": {
            "year_quarter": 20083,
            "year": 2008,
            "quarter": 3,
            "eps": -0.12,
            "eps_growth_year": null,
            "eps_4q": -2.21,
            "eps_4q_growth_year": -20144.49,
            "roe": -1.03,
            "roe_4q": -17.65,
            "gross_profit": 53064,
            "gross_margin": 13.77,
            "gross_margin_4q_avg": 15.4,
            "net_income": -10765,
            "revenue": 385326,
            "common_shares": 923175,
            "book_valuer_per_share": 11.14,
            "book_valuer_per_share_4q_avg": 12.04,
            "equity": 1028071,
            "current_ratio": 135.82,
            "debt_ratio": 64.86,
            "inventory_turnover_ratio": 1.59,
            "account_receivable_turnover_ratio": null,
            "reinvestment_rate": 944.66,
            "research_to_sale_ratio": null,
            "price_fair": 81.48,
            "eps_avg_yearly": 2.33,
            "eps_latest_yearly": 0.16,
            "eps_growth_yearly": 563.7
        },
        "20084": {
            "year_quarter": 20084,
            "year": 2008,
            "quarter": 4,
            "eps": -0.52,
            "eps_growth_year": null,
            "eps_4q": -1.92,
            "eps_4q_growth_year": null,
            "roe": -5,
            "roe_4q": -16.91,
            "gross_profit": 36961,
            "gross_margin": 19.3,
            "gross_margin_4q_avg": 15.97,
            "net_income": -49744,
            "revenue": 191471,
            "common_shares": 960102,
            "book_valuer_per_share": 10.02,
            "book_valuer_per_share_4q_avg": 11.29,
            "equity": 962049,
            "current_ratio": 127.75,
            "debt_ratio": 65.71,
            "inventory_turnover_ratio": 0.87,
            "account_receivable_turnover_ratio": 1.35,
            "reinvestment_rate": null,
            "research_to_sale_ratio": null,
            "price_fair": 81.48,
            "eps_avg_yearly": 2.33,
            "eps_latest_yearly": 0.16,
            "eps_growth_yearly": 563.7
        },
        "20091": {
            "year_quarter": 20091,
            "year": 2009,
            "quarter": 1,
            "eps": -0.29,
            "eps_growth_year": null,
            "eps_4q": -1.75,
            "eps_4q_growth_year": null,
            "roe": -2.89,
            "roe_4q": -16.16,
            "gross_profit": 27124,
            "gross_margin": 12.4,
            "gross_margin_4q_avg": 16.09,
            "net_income": -27670,
            "revenue": 218828,
            "common_shares": 960102,
            "book_valuer_per_share": 9.92,
            "book_valuer_per_share_4q_avg": 10.67,
            "equity": 952573,
            "current_ratio": 129.57,
            "debt_ratio": 65.15,
            "inventory_turnover_ratio": 1.33,
            "account_receivable_turnover_ratio": 0.83,
            "reinvestment_rate": null,
            "research_to_sale_ratio": null,
            "price_fair": 97.3,
            "eps_avg_yearly": 2.78,
            "eps_latest_yearly": 0.16,
            "eps_growth_yearly": 765.23
        },
        "20092": {
            "year_quarter": 20092,
            "year": 2009,
            "quarter": 2,
            "eps": -0.53,
            "eps_growth_year": null,
            "eps_4q": -1.45,
            "eps_4q_growth_year": null,
            "roe": -5.47,
            "roe_4q": -14.389999999999999,
            "gross_profit": 49137,
            "gross_margin": 15.39,
            "gross_margin_4q_avg": 15.22,
            "net_income": -50607,
            "revenue": 319269,
            "common_shares": 960102,
            "book_valuer_per_share": 9.34,
            "book_valuer_per_share_4q_avg": 10.11,
            "equity": 896887,
            "current_ratio": 120.52,
            "debt_ratio": 66.94,
            "inventory_turnover_ratio": 2.1,
            "account_receivable_turnover_ratio": 1.16,
            "reinvestment_rate": null,
            "research_to_sale_ratio": null,
            "price_fair": 123.2,
            "eps_avg_yearly": 3.52,
            "eps_latest_yearly": 0.16,
            "eps_growth_yearly": 1010.05
        },
        "20093": {
            "year_quarter": 20093,
            "year": 2009,
            "quarter": 3,
            "eps": 0.18,
            "eps_growth_year": null,
            "eps_4q": -1.14,
            "eps_4q_growth_year": null,
            "roe": 1.93,
            "roe_4q": -11.43,
            "gross_profit": 87604,
            "gross_margin": 18.71,
            "gross_margin_4q_avg": 16.45,
            "net_income": 17417,
            "revenue": 468128,
            "common_shares": 960102,
            "book_valuer_per_share": 9.49,
            "book_valuer_per_share_4q_avg": 9.69,
            "equity": 911577,
            "current_ratio": 137.11,
            "debt_ratio": 66.14,
            "inventory_turnover_ratio": 2.92,
            "account_receivable_turnover_ratio": 1.53,
            "reinvestment_rate": null,
            "research_to_sale_ratio": null,
            "price_fair": 165.9,
            "eps_avg_yearly": 4.74,
            "eps_latest_yearly": 0.16,
            "eps_growth_yearly": 1329.36
        },
        "20094": {
            "year_quarter": 20094,
            "year": 2009,
            "quarter": 4,
            "eps": 2.17,
            "eps_growth_year": null,
            "eps_4q": 1.53,
            "eps_4q_growth_year": null,
            "roe": 19.81,
            "roe_4q": 13.379999999999999,
            "gross_profit": 57790,
            "gross_margin": 29.5,
            "gross_margin_4q_avg": 19,
            "net_income": 205633,
            "revenue": 195885,
            "common_shares": 960102,
            "book_valuer_per_share": 12.27,
            "book_valuer_per_share_4q_avg": 10.26,
            "equity": 1163994,
            "current_ratio": 343.28,
            "debt_ratio": 23.57,
            "inventory_turnover_ratio": 1.11,
            "account_receivable_turnover_ratio": 1.05,
            "reinvestment_rate": null,
            "research_to_sale_ratio": null,
            "price_fair": 154.7,
            "eps_avg_yearly": 4.42,
            "eps_latest_yearly": 8.68,
            "eps_growth_yearly": 2014.54
        },
        "20101": {
            "year_quarter": 20101,
            "year": 2010,
            "quarter": 1,
            "eps": -0.12,
            "eps_growth_year": null,
            "eps_4q": 1.7,
            "eps_4q_growth_year": null,
            "roe": -0.97,
            "roe_4q": 15.3,
            "gross_profit": 35249,
            "gross_margin": 13.49,
            "gross_margin_4q_avg": 19.27,
            "net_income": -11307,
            "revenue": 261370,
            "common_shares": 960102,
            "book_valuer_per_share": 12.23,
            "book_valuer_per_share_4q_avg": 10.83,
            "equity": 1159692,
            "current_ratio": 366.11,
            "debt_ratio": 21.88,
            "inventory_turnover_ratio": 1.96,
            "account_receivable_turnover_ratio": 0.79,
            "reinvestment_rate": null,
            "research_to_sale_ratio": 1.27,
            "price_fair": 303.8,
            "eps_avg_yearly": 8.68,
            "eps_latest_yearly": 8.68,
            "eps_growth_yearly": 4422.22
        },
        "20102": {
            "year_quarter": 20102,
            "year": 2010,
            "quarter": 2,
            "eps": -0.9,
            "eps_growth_year": null,
            "eps_4q": 1.33,
            "eps_4q_growth_year": null,
            "roe": -7.67,
            "roe_4q": 13.099999999999998,
            "gross_profit": 45983,
            "gross_margin": 14.73,
            "gross_margin_4q_avg": 19.11,
            "net_income": -85693,
            "revenue": 312232,
            "common_shares": 960102,
            "book_valuer_per_share": 11.33,
            "book_valuer_per_share_4q_avg": 11.33,
            "equity": 1074065,
            "current_ratio": 310.75,
            "debt_ratio": 24.8,
            "inventory_turnover_ratio": 2,
            "account_receivable_turnover_ratio": 1.01,
            "reinvestment_rate": null,
            "research_to_sale_ratio": 1.11,
            "price_fair": 303.8,
            "eps_avg_yearly": 8.68,
            "eps_latest_yearly": 8.68,
            "eps_growth_yearly": 4422.22
        },
        "20103": {
            "year_quarter": 20103,
            "year": 2010,
            "quarter": 3,
            "eps": -0.18,
            "eps_growth_year": -200.84,
            "eps_4q": 0.96,
            "eps_4q_growth_year": null,
            "roe": -1.61,
            "roe_4q": 9.559999999999999,
            "gross_profit": 38741,
            "gross_margin": 13.12,
            "gross_margin_4q_avg": 17.71,
            "net_income": -17214,
            "revenue": 295238,
            "common_shares": 960102,
            "book_valuer_per_share": 11.17,
            "book_valuer_per_share_4q_avg": 11.75,
            "equity": 1059191,
            "current_ratio": 283.47,
            "debt_ratio": 26.9,
            "inventory_turnover_ratio": 1.7,
            "account_receivable_turnover_ratio": 0.89,
            "reinvestment_rate": null,
            "research_to_sale_ratio": 1.14,
            "price_fair": 303.8,
            "eps_avg_yearly": 8.68,
            "eps_latest_yearly": 8.68,
            "eps_growth_yearly": 4422.22
        },
        "20104": {
            "year_quarter": 20104,
            "year": 2010,
            "quarter": 4,
            "eps": -0.13,
            "eps_growth_year": -106.05,
            "eps_4q": -1.33,
            "eps_4q_growth_year": -187.35,
            "roe": -1.21,
            "roe_4q": -11.46,
            "gross_profit": 38039,
            "gross_margin": 15.04,
            "gross_margin_4q_avg": 14.1,
            "net_income": -12471,
            "revenue": 252968,
            "common_shares": 983812,
            "book_valuer_per_share": 10.63,
            "book_valuer_per_share_4q_avg": 11.34,
            "equity": 1010272,
            "current_ratio": 342.93,
            "debt_ratio": 22.35,
            "inventory_turnover_ratio": 1.49,
            "account_receivable_turnover_ratio": 0.81,
            "reinvestment_rate": null,
            "research_to_sale_ratio": 1.18,
            "price_fair": 303.8,
            "eps_avg_yearly": 8.68,
            "eps_latest_yearly": 8.68,
            "eps_growth_yearly": 4422.22
        },
        "20111": {
            "year_quarter": 20111,
            "year": 2011,
            "quarter": 1,
            "eps": -0.43,
            "eps_growth_year": null,
            "eps_4q": -1.68,
            "eps_4q_growth_year": -199.11,
            "roe": -4.13,
            "roe_4q": -14.620000000000001,
            "gross_profit": 16945,
            "gross_margin": 8.77,
            "gross_margin_4q_avg": 12.92,
            "net_income": -40909,
            "revenue": 193314,
            "common_shares": 961811,
            "book_valuer_per_share": 10.47,
            "book_valuer_per_share_4q_avg": 10.9,
            "equity": 972071,
            "current_ratio": 374.67,
            "debt_ratio": 20.49,
            "inventory_turnover_ratio": 1.4,
            "account_receivable_turnover_ratio": 0.8,
            "reinvestment_rate": null,
            "research_to_sale_ratio": 1.51,
            "price_fair": 303.8,
            "eps_avg_yearly": 8.68,
            "eps_latest_yearly": 8.68,
            "eps_growth_yearly": 4422.22
        },
        "20112": {
            "year_quarter": 20112,
            "year": 2011,
            "quarter": 2,
            "eps": -0.29,
            "eps_growth_year": null,
            "eps_4q": -1.04,
            "eps_4q_growth_year": -178.08,
            "roe": -2.93,
            "roe_4q": -9.879999999999999,
            "gross_profit": 25100,
            "gross_margin": 11.62,
            "gross_margin_4q_avg": 12.14,
            "net_income": -27998,
            "revenue": 215974,
            "common_shares": 961812,
            "book_valuer_per_share": 9.9,
            "book_valuer_per_share_4q_avg": 10.54,
            "equity": 940841,
            "current_ratio": 379.37,
            "debt_ratio": 20.34,
            "inventory_turnover_ratio": 1.49,
            "account_receivable_turnover_ratio": 1.1,
            "reinvestment_rate": null,
            "research_to_sale_ratio": 1.53,
            "price_fair": 303.8,
            "eps_avg_yearly": 8.68,
            "eps_latest_yearly": 8.68,
            "eps_growth_yearly": 4422.22
        },
        "20113": {
            "year_quarter": 20113,
            "year": 2011,
            "quarter": 3,
            "eps": -0.37,
            "eps_growth_year": null,
            "eps_4q": -1.23,
            "eps_4q_growth_year": -227.25,
            "roe": -3.78,
            "roe_4q": -12.05,
            "gross_profit": 13839,
            "gross_margin": 6.06,
            "gross_margin_4q_avg": 10.37,
            "net_income": -35161,
            "revenue": 228404,
            "common_shares": 950091,
            "book_valuer_per_share": 9.66,
            "book_valuer_per_share_4q_avg": 10.17,
            "equity": 917841,
            "current_ratio": 339.3,
            "debt_ratio": 22.07,
            "inventory_turnover_ratio": 1.59,
            "account_receivable_turnover_ratio": 0.98,
            "reinvestment_rate": null,
            "research_to_sale_ratio": 1.42,
            "price_fair": 303.8,
            "eps_avg_yearly": 8.68,
            "eps_latest_yearly": 8.68,
            "eps_growth_yearly": 4422.22
        },
        "20114": {
            "year_quarter": 20114,
            "year": 2011,
            "quarter": 4,
            "eps": -0.48,
            "eps_growth_year": null,
            "eps_4q": -1.58,
            "eps_4q_growth_year": null,
            "roe": -5.15,
            "roe_4q": -15.989999999999998,
            "gross_profit": 4432,
            "gross_margin": 2.29,
            "gross_margin_4q_avg": 7.19,
            "net_income": -45967,
            "revenue": 193639,
            "common_shares": 950091,
            "book_valuer_per_share": 9.14,
            "book_valuer_per_share_4q_avg": 9.79,
            "equity": 868847,
            "current_ratio": 344.1,
            "debt_ratio": 20.86,
            "inventory_turnover_ratio": 1.54,
            "account_receivable_turnover_ratio": 0.79,
            "reinvestment_rate": null,
            "research_to_sale_ratio": 1.61,
            "price_fair": 303.8,
            "eps_avg_yearly": 8.68,
            "eps_latest_yearly": 8.68,
            "eps_growth_yearly": 4422.22
        },
        "20121": {
            "year_quarter": 20121,
            "year": 2012,
            "quarter": 1,
            "eps": -0.31,
            "eps_growth_year": null,
            "eps_4q": -1.46,
            "eps_4q_growth_year": null,
            "roe": -3.45,
            "roe_4q": -15.31,
            "gross_profit": 17022,
            "gross_margin": 9.28,
            "gross_margin_4q_avg": 7.31,
            "net_income": -29485,
            "revenue": 183501,
            "common_shares": 950091,
            "book_valuer_per_share": 8.83,
            "book_valuer_per_share_4q_avg": 9.38,
            "equity": 839101,
            "current_ratio": 344.51,
            "debt_ratio": 20.93,
            "inventory_turnover_ratio": 1.42,
            "account_receivable_turnover_ratio": 0.86,
            "reinvestment_rate": null,
            "research_to_sale_ratio": 1.79,
            "price_fair": 303.8,
            "eps_avg_yearly": 8.68,
            "eps_latest_yearly": 8.68,
            "eps_growth_yearly": 4422.22
        },
        "20122": {
            "year_quarter": 20122,
            "year": 2012,
            "quarter": 2,
            "eps": -0.58,
            "eps_growth_year": null,
            "eps_4q": -1.74,
            "eps_4q_growth_year": null,
            "roe": -6.82,
            "roe_4q": -19.2,
            "gross_profit": 6816,
            "gross_margin": 2.29,
            "gross_margin_4q_avg": 4.98,
            "net_income": -55144,
            "revenue": 297302,
            "common_shares": 950091,
            "book_valuer_per_share": 8.19,
            "book_valuer_per_share_4q_avg": 8.96,
            "equity": 778239,
            "current_ratio": 367.9,
            "debt_ratio": 20.25,
            "inventory_turnover_ratio": 2.7,
            "account_receivable_turnover_ratio": 1.26,
            "reinvestment_rate": null,
            "research_to_sale_ratio": 1.1,
            "price_fair": 303.8,
            "eps_avg_yearly": 8.68,
            "eps_latest_yearly": 8.68,
            "eps_growth_yearly": 4422.22
        },
        "20123": {
            "year_quarter": 20123,
            "year": 2012,
            "quarter": 3,
            "eps": -0.3,
            "eps_growth_year": null,
            "eps_4q": -1.68,
            "eps_4q_growth_year": null,
            "roe": -3.77,
            "roe_4q": -19.189999999999998,
            "gross_profit": 18901,
            "gross_margin": 5.53,
            "gross_margin_4q_avg": 4.85,
            "net_income": -28851,
            "revenue": 342057,
            "common_shares": 950091,
            "book_valuer_per_share": 7.91,
            "book_valuer_per_share_4q_avg": 8.52,
            "equity": 751900,
            "current_ratio": 304.82,
            "debt_ratio": 23.61,
            "inventory_turnover_ratio": 3.48,
            "account_receivable_turnover_ratio": 1.2,
            "reinvestment_rate": null,
            "research_to_sale_ratio": 0.97,
            "price_fair": 303.8,
            "eps_avg_yearly": 8.68,
            "eps_latest_yearly": 8.68,
            "eps_growth_yearly": 4422.22
        },
        "20124": {
            "year_quarter": 20124,
            "year": 2012,
            "quarter": 4,
            "eps": -0.69,
            "eps_growth_year": null,
            "eps_4q": -1.88,
            "eps_4q_growth_year": null,
            "roe": -9.1,
            "roe_4q": -23.139999999999997,
            "gross_profit": 3654,
            "gross_margin": 1.27,
            "gross_margin_4q_avg": 4.59,
            "net_income": -65534,
            "revenue": 286657,
            "common_shares": 950091,
            "book_valuer_per_share": 7.25,
            "book_valuer_per_share_4q_avg": 8.05,
            "equity": 688431,
            "current_ratio": 246.85,
            "debt_ratio": 27.02,
            "inventory_turnover_ratio": 3.3,
            "account_receivable_turnover_ratio": 0.99,
            "reinvestment_rate": null,
            "research_to_sale_ratio": 1.06,
            "price_fair": 303.8,
            "eps_avg_yearly": 8.68,
            "eps_latest_yearly": 8.68,
            "eps_growth_yearly": 4422.22
        },
        "20131": {
            "year_quarter": 20131,
            "year": 2013,
            "quarter": 1,
            "eps": -0.35,
            "eps_growth_year": null,
            "eps_4q": -1.93,
            "eps_4q_growth_year": null,
            "roe": -4.91,
            "roe_4q": -24.6,
            "gross_profit": 2711,
            "gross_margin": 1.5,
            "gross_margin_4q_avg": 2.65,
            "net_income": -33487,
            "revenue": 180557,
            "common_shares": 950091,
            "book_valuer_per_share": 7.11,
            "book_valuer_per_share_4q_avg": 7.62,
            "equity": 675703,
            "current_ratio": 240.11,
            "debt_ratio": 26.16,
            "inventory_turnover_ratio": 2.31,
            "account_receivable_turnover_ratio": 0.67,
            "reinvestment_rate": null,
            "research_to_sale_ratio": 1.5,
            "price_fair": 303.8,
            "eps_avg_yearly": 8.68,
            "eps_latest_yearly": 8.68,
            "eps_growth_yearly": 4422.22
        },
        "20132": {
            "year_quarter": 20132,
            "year": 2013,
            "quarter": 2,
            "eps": -0.1,
            "eps_growth_year": null,
            "eps_4q": -1.45,
            "eps_4q_growth_year": null,
            "roe": -1.41,
            "roe_4q": -19.19,
            "gross_profit": 9855,
            "gross_margin": 6.32,
            "gross_margin_4q_avg": 3.66,
            "net_income": -9485,
            "revenue": 155894,
            "common_shares": 950091,
            "book_valuer_per_share": 7.02,
            "book_valuer_per_share_4q_avg": 7.32,
            "equity": 666902,
            "current_ratio": 240.23,
            "debt_ratio": 26.35,
            "inventory_turnover_ratio": 1.81,
            "account_receivable_turnover_ratio": 0.63,
            "reinvestment_rate": null,
            "research_to_sale_ratio": 1.85,
            "price_fair": 303.8,
            "eps_avg_yearly": 8.68,
            "eps_latest_yearly": 8.68,
            "eps_growth_yearly": 4422.22
        },
        "20133": {
            "year_quarter": 20133,
            "year": 2013,
            "quarter": 3,
            "eps": -0.19,
            "eps_growth_year": null,
            "eps_4q": -1.34,
            "eps_4q_growth_year": null,
            "roe": -2.8,
            "roe_4q": -18.22,
            "gross_profit": 19307,
            "gross_margin": 11.67,
            "gross_margin_4q_avg": 5.19,
            "net_income": -18385,
            "revenue": 165488,
            "common_shares": 950091,
            "book_valuer_per_share": 6.78,
            "book_valuer_per_share_4q_avg": 7.04,
            "equity": 644196,
            "current_ratio": 244.01,
            "debt_ratio": 25.99,
            "inventory_turnover_ratio": 1.92,
            "account_receivable_turnover_ratio": 0.66,
            "reinvestment_rate": null,
            "research_to_sale_ratio": 1.76,
            "price_fair": 303.8,
            "eps_avg_yearly": 8.68,
            "eps_latest_yearly": 8.68,
            "eps_growth_yearly": 4422.22
        },
        "20134": {
            "year_quarter": 20134,
            "year": 2013,
            "quarter": 4,
            "eps": -0.23,
            "eps_growth_year": null,
            "eps_4q": -0.88,
            "eps_4q_growth_year": null,
            "roe": -3.45,
            "roe_4q": -12.57,
            "gross_profit": 13039,
            "gross_margin": 11.01,
            "gross_margin_4q_avg": 7.63,
            "net_income": -21898,
            "revenue": 118378,
            "common_shares": 950091,
            "book_valuer_per_share": 6.58,
            "book_valuer_per_share_4q_avg": 6.87,
            "equity": 625217,
            "current_ratio": 270.13,
            "debt_ratio": 22.65,
            "inventory_turnover_ratio": 1.68,
            "account_receivable_turnover_ratio": 0.49,
            "reinvestment_rate": null,
            "research_to_sale_ratio": 3.89,
            "price_fair": 0,
            "eps_avg_yearly": 0,
            "eps_latest_yearly": 0,
            "eps_growth_yearly": 0
        },
        "20141": {
            "year_quarter": 20141,
            "year": 2014,
            "quarter": 1,
            "eps": -0.28,
            "eps_growth_year": null,
            "eps_4q": -0.8,
            "eps_4q_growth_year": null,
            "roe": -4.3,
            "roe_4q": -11.96,
            "gross_profit": 10554,
            "gross_margin": 10.8,
            "gross_margin_4q_avg": 9.95,
            "net_income": -26298,
            "revenue": 97719,
            "common_shares": 950091,
            "book_valuer_per_share": 6.31,
            "book_valuer_per_share_4q_avg": 6.67,
            "equity": 599121,
            "current_ratio": 242.92,
            "debt_ratio": 25.23,
            "inventory_turnover_ratio": 1.62,
            "account_receivable_turnover_ratio": 0.42,
            "reinvestment_rate": null,
            "research_to_sale_ratio": 1.63,
            "price_fair": 0,
            "eps_avg_yearly": 0,
            "eps_latest_yearly": 0,
            "eps_growth_yearly": 0
        },
        "20142": {
            "year_quarter": 20142,
            "year": 2014,
            "quarter": 2,
            "eps": -0.11,
            "eps_growth_year": null,
            "eps_4q": -0.81,
            "eps_4q_growth_year": null,
            "roe": -1.77,
            "roe_4q": -12.32,
            "gross_profit": 21852,
            "gross_margin": 17.97,
            "gross_margin_4q_avg": 12.86,
            "net_income": -10481,
            "revenue": 121614,
            "common_shares": 950091,
            "book_valuer_per_share": 6.19,
            "book_valuer_per_share_4q_avg": 6.47,
            "equity": 588148,
            "current_ratio": 232.42,
            "debt_ratio": 26.95,
            "inventory_turnover_ratio": 2.35,
            "account_receivable_turnover_ratio": 0.49,
            "reinvestment_rate": null,
            "research_to_sale_ratio": 1.34,
            "price_fair": 0,
            "eps_avg_yearly": 0,
            "eps_latest_yearly": 0,
            "eps_growth_yearly": 0
        },
        "20143": {
            "year_quarter": 20143,
            "year": 2014,
            "quarter": 3,
            "eps": -0.86,
            "eps_growth_year": null,
            "eps_4q": -1.48,
            "eps_4q_growth_year": null,
            "roe": -14.94,
            "roe_4q": -24.46,
            "gross_profit": 11813,
            "gross_margin": 12.58,
            "gross_margin_4q_avg": 13.09,
            "net_income": -81845,
            "revenue": 93926,
            "common_shares": 950091,
            "book_valuer_per_share": 5.34,
            "book_valuer_per_share_4q_avg": 6.11,
            "equity": 507309,
            "current_ratio": 208.22,
            "debt_ratio": 26.92,
            "inventory_turnover_ratio": 2.2,
            "account_receivable_turnover_ratio": 0.47,
            "reinvestment_rate": null,
            "research_to_sale_ratio": 2.1,
            "price_fair": 0,
            "eps_avg_yearly": 0,
            "eps_latest_yearly": 0,
            "eps_growth_yearly": 0
        },
        "20144": {
            "year_quarter": 20144,
            "year": 2014,
            "quarter": 4,
            "eps": -0.14,
            "eps_growth_year": null,
            "eps_4q": -1.39,
            "eps_4q_growth_year": null,
            "roe": -2.63,
            "roe_4q": -23.64,
            "gross_profit": 14901,
            "gross_margin": 17.79,
            "gross_margin_4q_avg": 14.79,
            "net_income": -13147,
            "revenue": 83753,
            "common_shares": 950091,
            "book_valuer_per_share": 5.16,
            "book_valuer_per_share_4q_avg": 5.75,
            "equity": 490701,
            "current_ratio": 215.78,
            "debt_ratio": 26.83,
            "inventory_turnover_ratio": 1.83,
            "account_receivable_turnover_ratio": 0.7,
            "reinvestment_rate": null,
            "research_to_sale_ratio": 1.69,
            "price_fair": 0,
            "eps_avg_yearly": 0,
            "eps_latest_yearly": 0,
            "eps_growth_yearly": 0
        },
        "20151": {
            "year_quarter": 20151,
            "year": 2015,
            "quarter": 1,
            "eps": -0.29,
            "eps_growth_year": null,
            "eps_4q": -1.4,
            "eps_4q_growth_year": null,
            "roe": -5.81,
            "roe_4q": -25.15,
            "gross_profit": 9291,
            "gross_margin": 13.52,
            "gross_margin_4q_avg": 15.47,
            "net_income": -27508,
            "revenue": 68727,
            "common_shares": 950091,
            "book_valuer_per_share": 4.8,
            "book_valuer_per_share_4q_avg": 5.37,
            "equity": 456506,
            "current_ratio": 201.14,
            "debt_ratio": 26.8,
            "inventory_turnover_ratio": 1.55,
            "account_receivable_turnover_ratio": 0.8,
            "reinvestment_rate": null,
            "research_to_sale_ratio": 3.68,
            "price_fair": 0,
            "eps_avg_yearly": 0,
            "eps_latest_yearly": 0,
            "eps_growth_yearly": 0
        },
        "20152": {
            "year_quarter": 20152,
            "year": 2015,
            "quarter": 2,
            "eps": -0.16,
            "eps_growth_year": null,
            "eps_4q": -2.76,
            "eps_4q_growth_year": null,
            "roe": -3.3,
            "roe_4q": -26.68,
            "gross_profit": 14204,
            "gross_margin": 18.82,
            "gross_margin_4q_avg": 15.68,
            "net_income": -14775,
            "revenue": 75460,
            "common_shares": 496824,
            "book_valuer_per_share": 8.84,
            "book_valuer_per_share_4q_avg": 6.04,
            "equity": 439431,
            "current_ratio": 234.01,
            "debt_ratio": 28.57,
            "inventory_turnover_ratio": 2.76,
            "account_receivable_turnover_ratio": 1.28,
            "reinvestment_rate": null,
            "research_to_sale_ratio": 1.64,
            "price_fair": 0,
            "eps_avg_yearly": 0,
            "eps_latest_yearly": 0,
            "eps_growth_yearly": 0
        },
        "20153": {
            "year_quarter": 20153,
            "year": 2015,
            "quarter": 3,
            "eps": 0.44,
            "eps_growth_year": null,
            "eps_4q": -0.68,
            "eps_4q_growth_year": null,
            "roe": 4.71,
            "roe_4q": -7.029999999999999,
            "gross_profit": 8231,
            "gross_margin": 23.62,
            "gross_margin_4q_avg": 18.44,
            "net_income": 21643,
            "revenue": 34846,
            "common_shares": 496824,
            "book_valuer_per_share": 9.66,
            "book_valuer_per_share_4q_avg": 7.12,
            "equity": 479738,
            "current_ratio": 807.46,
            "debt_ratio": 8.44,
            "inventory_turnover_ratio": 8.28,
            "account_receivable_turnover_ratio": 0.77,
            "reinvestment_rate": null,
            "research_to_sale_ratio": 14.79,
            "price_fair": 0,
            "eps_avg_yearly": 0,
            "eps_latest_yearly": 0,
            "eps_growth_yearly": 0
        },
        "20154": {
            "year_quarter": 20154,
            "year": 2015,
            "quarter": 4,
            "eps": -0.09,
            "eps_growth_year": null,
            "eps_4q": -0.51,
            "eps_4q_growth_year": null,
            "roe": -0.98,
            "roe_4q": -5.379999999999999,
            "gross_profit": 8471,
            "gross_margin": 24.7,
            "gross_margin_4q_avg": 20.17,
            "net_income": -4664,
            "revenue": 34289,
            "common_shares": 496824,
            "book_valuer_per_share": 9.53,
            "book_valuer_per_share_4q_avg": 8.21,
            "equity": 473244,
            "current_ratio": 1098.79,
            "debt_ratio": 5.62,
            "inventory_turnover_ratio": 9.82,
            "account_receivable_turnover_ratio": 0.83,
            "reinvestment_rate": null,
            "research_to_sale_ratio": 4.28,
            "price_fair": 0,
            "eps_avg_yearly": 0,
            "eps_latest_yearly": 0,
            "eps_growth_yearly": 0
        },
        "20161": {
            "year_quarter": 20161,
            "year": 2016,
            "quarter": 1,
            "eps": -0.18,
            "eps_growth_year": null,
            "eps_4q": -0.13,
            "eps_4q_growth_year": null,
            "roe": -1.88,
            "roe_4q": -1.4499999999999997,
            "gross_profit": 3019,
            "gross_margin": 9.22,
            "gross_margin_4q_avg": 19.09,
            "net_income": -8806,
            "revenue": 32730,
            "common_shares": 496824,
            "book_valuer_per_share": 9.33,
            "book_valuer_per_share_4q_avg": 9.34,
            "equity": 463708,
            "current_ratio": 860.2,
            "debt_ratio": 7.02,
            "inventory_turnover_ratio": 12.17,
            "account_receivable_turnover_ratio": 1.03,
            "reinvestment_rate": null,
            "research_to_sale_ratio": 1.68,
            "price_fair": 0,
            "eps_avg_yearly": 0,
            "eps_latest_yearly": 0,
            "eps_growth_yearly": 0
        },
        "20162": {
            "year_quarter": 20162,
            "year": 2016,
            "quarter": 2,
            "eps": -0.12,
            "eps_growth_year": null,
            "eps_4q": 0.04,
            "eps_4q_growth_year": null,
            "roe": -1.3,
            "roe_4q": 0.5499999999999998,
            "gross_profit": 7384,
            "gross_margin": 18.29,
            "gross_margin_4q_avg": 18.96,
            "net_income": -6006,
            "revenue": 40373,
            "common_shares": 496824,
            "book_valuer_per_share": 9.2,
            "book_valuer_per_share_4q_avg": 9.43,
            "equity": 456997,
            "current_ratio": 934.01,
            "debt_ratio": 6.57,
            "inventory_turnover_ratio": 13.4,
            "account_receivable_turnover_ratio": 1.22,
            "reinvestment_rate": null,
            "research_to_sale_ratio": 1.4,
            "price_fair": 0,
            "eps_avg_yearly": 0,
            "eps_latest_yearly": 0,
            "eps_growth_yearly": 0
        },
        "20163": {
            "year_quarter": 20163,
            "year": 2016,
            "quarter": 3,
            "eps": -0.18,
            "eps_growth_year": -140.91,
            "eps_4q": -0.57,
            "eps_4q_growth_year": null,
            "roe": -1.99,
            "roe_4q": -6.15,
            "gross_profit": 2876,
            "gross_margin": 14.47,
            "gross_margin_4q_avg": 16.67,
            "net_income": -8971,
            "revenue": 19881,
            "common_shares": 496824,
            "book_valuer_per_share": 8.98,
            "book_valuer_per_share_4q_avg": 9.26,
            "equity": 445970,
            "current_ratio": 1252.98,
            "debt_ratio": 4.85,
            "inventory_turnover_ratio": 7.81,
            "account_receivable_turnover_ratio": 0.74,
            "reinvestment_rate": null,
            "research_to_sale_ratio": 0.8,
            "price_fair": 0,
            "eps_avg_yearly": 0,
            "eps_latest_yearly": 0,
            "eps_growth_yearly": 0
        },
        "20164": {
            "year_quarter": 20164,
            "year": 2016,
            "quarter": 4,
            "eps": -0.04,
            "eps_growth_year": null,
            "eps_4q": -0.51,
            "eps_4q_growth_year": null,
            "roe": -0.4,
            "roe_4q": -5.57,
            "gross_profit": 2257,
            "gross_margin": 18.62,
            "gross_margin_4q_avg": 15.15,
            "net_income": -1799,
            "revenue": 12123,
            "common_shares": 496824,
            "book_valuer_per_share": 8.95,
            "book_valuer_per_share_4q_avg": 9.12,
            "equity": 444466,
            "current_ratio": 1518.53,
            "debt_ratio": 4.16,
            "inventory_turnover_ratio": 7.86,
            "account_receivable_turnover_ratio": 0.67,
            "reinvestment_rate": null,
            "research_to_sale_ratio": 1.09,
            "price_fair": 0,
            "eps_avg_yearly": 0,
            "eps_latest_yearly": 0,
            "eps_growth_yearly": 0
        },
        "20171": {
            "year_quarter": 20171,
            "year": 2017,
            "quarter": 1,
            "eps": -0.24,
            "eps_growth_year": null,
            "eps_4q": -0.58,
            "eps_4q_growth_year": null,
            "roe": -2.75,
            "roe_4q": -6.4399999999999995,
            "gross_profit": -153,
            "gross_margin": -3.27,
            "gross_margin_4q_avg": 12.03,
            "net_income": -12005,
            "revenue": 4676,
            "common_shares": 496824,
            "book_valuer_per_share": 8.64,
            "book_valuer_per_share_4q_avg": 8.94,
            "equity": 429345,
            "current_ratio": 1584.12,
            "debt_ratio": 3.87,
            "inventory_turnover_ratio": 6.25,
            "account_receivable_turnover_ratio": 0.39,
            "reinvestment_rate": null,
            "research_to_sale_ratio": 0,
            "price_fair": 0,
            "eps_avg_yearly": 0,
            "eps_latest_yearly": 0,
            "eps_growth_yearly": 0
        },
        "20172": {
            "year_quarter": 20172,
            "year": 2017,
            "quarter": 2,
            "eps": -0.04,
            "eps_growth_year": null,
            "eps_4q": -0.5,
            "eps_4q_growth_year": -1240.93,
            "roe": -0.45,
            "roe_4q": -5.59,
            "gross_profit": 1072,
            "gross_margin": 10.42,
            "gross_margin_4q_avg": 10.06,
            "net_income": -1949,
            "revenue": 10287,
            "common_shares": 496824,
            "book_valuer_per_share": 8.61,
            "book_valuer_per_share_4q_avg": 8.8,
            "equity": 427875,
            "current_ratio": 1517.63,
            "debt_ratio": 3.99,
            "inventory_turnover_ratio": 13.92,
            "account_receivable_turnover_ratio": 1.05,
            "reinvestment_rate": null,
            "research_to_sale_ratio": 0,
            "price_fair": 0,
            "eps_avg_yearly": 0,
            "eps_latest_yearly": 0,
            "eps_growth_yearly": 0
        },
        "20173": {
            "year_quarter": 20173,
            "year": 2017,
            "quarter": 3,
            "eps": 0.33,
            "eps_growth_year": null,
            "eps_4q": 0.02,
            "eps_4q_growth_year": null,
            "roe": 3.8,
            "roe_4q": 0.19999999999999962,
            "gross_profit": 121,
            "gross_margin": 1.85,
            "gross_margin_4q_avg": 6.91,
            "net_income": 16601,
            "revenue": 6526,
            "common_shares": 496824,
            "book_valuer_per_share": 8.95,
            "book_valuer_per_share_4q_avg": 8.79,
            "equity": 444750,
            "current_ratio": 1439.62,
            "debt_ratio": 4.32,
            "inventory_turnover_ratio": 17.17,
            "account_receivable_turnover_ratio": 0.59,
            "reinvestment_rate": null,
            "research_to_sale_ratio": 0,
            "price_fair": 0,
            "eps_avg_yearly": 0,
            "eps_latest_yearly": 0,
            "eps_growth_yearly": 0
        },
        "20174": {
            "year_quarter": 20174,
            "year": 2017,
            "quarter": 4,
            "eps": -0.21,
            "eps_growth_year": null,
            "eps_4q": -0.16,
            "eps_4q_growth_year": null,
            "roe": -2.39,
            "roe_4q": -1.7900000000000003,
            "gross_profit": 47,
            "gross_margin": 1.22,
            "gross_margin_4q_avg": 2.56,
            "net_income": -10500,
            "revenue": 3867,
            "common_shares": 496824,
            "book_valuer_per_share": 8.75,
            "book_valuer_per_share_4q_avg": 8.74,
            "equity": 434515,
            "current_ratio": 1513.34,
            "debt_ratio": 3.83,
            "inventory_turnover_ratio": 13.92,
            "account_receivable_turnover_ratio": 0.43,
            "reinvestment_rate": null,
            "research_to_sale_ratio": 0,
            "price_fair": 0,
            "eps_avg_yearly": 0,
            "eps_latest_yearly": 0,
            "eps_growth_yearly": 0
        },
        "20181": {
            "year_quarter": 20181,
            "year": 2018,
            "quarter": 1,
            "eps": 0.2,
            "eps_growth_year": null,
            "eps_4q": 0.28,
            "eps_4q_growth_year": null,
            "roe": 2.21,
            "roe_4q": 3.1699999999999995,
            "gross_profit": 296,
            "gross_margin": 12.71,
            "gross_margin_4q_avg": 6.55,
            "net_income": 9730,
            "revenue": 2329,
            "common_shares": 496824,
            "book_valuer_per_share": 8.95,
            "book_valuer_per_share_4q_avg": 8.82,
            "equity": 444872,
            "current_ratio": 1592.16,
            "debt_ratio": 3.61,
            "inventory_turnover_ratio": 6.46,
            "account_receivable_turnover_ratio": 0.39,
            "reinvestment_rate": null,
            "research_to_sale_ratio": 0,
            "price_fair": 0,
            "eps_avg_yearly": 0,
            "eps_latest_yearly": 0,
            "eps_growth_yearly": 0
        },
        "20182": {
            "year_quarter": 20182,
            "year": 2018,
            "quarter": 2,
            "eps": -0.06,
            "eps_growth_year": null,
            "eps_4q": 0.26,
            "eps_4q_growth_year": null,
            "roe": -0.67,
            "roe_4q": 2.9499999999999997,
            "gross_profit": -414,
            "gross_margin": -17.56,
            "gross_margin_4q_avg": -0.45,
            "net_income": -2977,
            "revenue": 2358,
            "common_shares": 496824,
            "book_valuer_per_share": 8.89,
            "book_valuer_per_share_4q_avg": 8.89,
            "equity": 441873,
            "current_ratio": 1984.68,
            "debt_ratio": 3.05,
            "inventory_turnover_ratio": 15.27,
            "account_receivable_turnover_ratio": 0.68,
            "reinvestment_rate": null,
            "research_to_sale_ratio": 0,
            "price_fair": 0,
            "eps_avg_yearly": 0,
            "eps_latest_yearly": 0,
            "eps_growth_yearly": 0
        },
        "20183": {
            "year_quarter": 20183,
            "year": 2018,
            "quarter": 3,
            "eps": -0.08,
            "eps_growth_year": -124.24,
            "eps_4q": -0.16,
            "eps_4q_growth_year": -1010.75,
            "roe": -0.91,
            "roe_4q": -1.7600000000000002,
            "gross_profit": 177,
            "gross_margin": 9.74,
            "gross_margin_4q_avg": 1.53,
            "net_income": -3976,
            "revenue": 1817,
            "common_shares": 496824,
            "book_valuer_per_share": 8.78,
            "book_valuer_per_share_4q_avg": 8.84,
            "equity": 436262,
            "current_ratio": 994.6,
            "debt_ratio": 6.17,
            "inventory_turnover_ratio": null,
            "account_receivable_turnover_ratio": 0.72,
            "reinvestment_rate": null,
            "research_to_sale_ratio": 0,
            "price_fair": 0,
            "eps_avg_yearly": 0,
            "eps_latest_yearly": 0,
            "eps_growth_yearly": 0
        },
        "20184": {
            "year_quarter": 20184,
            "year": 2018,
            "quarter": 4,
            "eps": -0.15,
            "eps_growth_year": null,
            "eps_4q": -0.09,
            "eps_4q_growth_year": null,
            "roe": -1.7,
            "roe_4q": -1.0699999999999998,
            "gross_profit": 47,
            "gross_margin": 7.86,
            "gross_margin_4q_avg": 3.19,
            "net_income": -7344,
            "revenue": 598,
            "common_shares": 496824,
            "book_valuer_per_share": 8.64,
            "book_valuer_per_share_4q_avg": 8.82,
            "equity": 429385,
            "current_ratio": 1098.96,
            "debt_ratio": 4.87,
            "inventory_turnover_ratio": 4.37,
            "account_receivable_turnover_ratio": 0.39,
            "reinvestment_rate": null,
            "research_to_sale_ratio": null,
            "price_fair": 0,
            "eps_avg_yearly": 0,
            "eps_latest_yearly": 0,
            "eps_growth_yearly": 0
        },
        "20191": {
            "year_quarter": 20191,
            "year": 2019,
            "quarter": 1,
            "eps": -0.05,
            "eps_growth_year": -125,
            "eps_4q": -0.34,
            "eps_4q_growth_year": -220.8,
            "roe": -0.58,
            "roe_4q": -3.86,
            "gross_profit": 76,
            "gross_margin": 8.97,
            "gross_margin_4q_avg": 2.25,
            "net_income": -2472,
            "revenue": 847,
            "common_shares": 496824,
            "book_valuer_per_share": 8.62,
            "book_valuer_per_share_4q_avg": 8.73,
            "equity": 428054,
            "current_ratio": 964.15,
            "debt_ratio": 5.58,
            "inventory_turnover_ratio": 6.12,
            "account_receivable_turnover_ratio": 1,
            "reinvestment_rate": null,
            "research_to_sale_ratio": 0,
            "price_fair": 0,
            "eps_avg_yearly": 0,
            "eps_latest_yearly": 0,
            "eps_growth_yearly": 0
        },
        "20192": {
            "year_quarter": 20192,
            "year": 2019,
            "quarter": 2,
            "eps": -0.14,
            "eps_growth_year": null,
            "eps_4q": -0.42,
            "eps_4q_growth_year": -262.36,
            "roe": -1.67,
            "roe_4q": -4.86,
            "gross_profit": 35,
            "gross_margin": 9.21,
            "gross_margin_4q_avg": 8.95,
            "net_income": -7078,
            "revenue": 380,
            "common_shares": 496824,
            "book_valuer_per_share": 8.46,
            "book_valuer_per_share_4q_avg": 8.63,
            "equity": 420504,
            "current_ratio": 1063.91,
            "debt_ratio": 5.11,
            "inventory_turnover_ratio": null,
            "account_receivable_turnover_ratio": 0.7,
            "reinvestment_rate": null,
            "research_to_sale_ratio": 0,
            "price_fair": 0,
            "eps_avg_yearly": 0,
            "eps_latest_yearly": 0,
            "eps_growth_yearly": 0
        },
        "20193": {
            "year_quarter": 20193,
            "year": 2019,
            "quarter": 3,
            "eps": -0.12,
            "eps_growth_year": null,
            "eps_4q": -0.46,
            "eps_4q_growth_year": null,
            "roe": -1.48,
            "roe_4q": -5.43,
            "gross_profit": 40,
            "gross_margin": 7.41,
            "gross_margin_4q_avg": 8.36,
            "net_income": -6160,
            "revenue": 540,
            "common_shares": 496824,
            "book_valuer_per_share": 8.3,
            "book_valuer_per_share_4q_avg": 8.51,
            "equity": 412596,
            "current_ratio": 1019.01,
            "debt_ratio": 5.3,
            "inventory_turnover_ratio": null,
            "account_receivable_turnover_ratio": 0.97,
            "reinvestment_rate": null,
            "research_to_sale_ratio": 0,
            "price_fair": 0,
            "eps_avg_yearly": 0,
            "eps_latest_yearly": 0,
            "eps_growth_yearly": 0
        },
        "20194": {
            "year_quarter": 20194,
            "year": 2019,
            "quarter": 4,
            "eps": -0.23,
            "eps_growth_year": null,
            "eps_4q": -0.54,
            "eps_4q_growth_year": null,
            "roe": -2.78,
            "roe_4q": -6.51,
            "gross_profit": 40,
            "gross_margin": 8.03,
            "gross_margin_4q_avg": 8.41,
            "net_income": -11297,
            "revenue": 498,
            "common_shares": 496824,
            "book_valuer_per_share": 8.06,
            "book_valuer_per_share_4q_avg": 8.36,
            "equity": 400471,
            "current_ratio": 1014.83,
            "debt_ratio": 5.24,
            "inventory_turnover_ratio": null,
            "account_receivable_turnover_ratio": 1.22,
            "reinvestment_rate": null,
            "research_to_sale_ratio": null,
            "price_fair": 0,
            "eps_avg_yearly": 0,
            "eps_latest_yearly": 0,
            "eps_growth_yearly": 0
        },
        "20201": {
            "year_quarter": 20201,
            "year": 2020,
            "quarter": 1,
            "eps": -0.08,
            "eps_growth_year": null,
            "eps_4q": -0.57,
            "eps_4q_growth_year": null,
            "roe": -0.94,
            "roe_4q": -6.869999999999999,
            "gross_profit": 40,
            "gross_margin": 7.46,
            "gross_margin_4q_avg": 8.03,
            "net_income": -3736,
            "revenue": 536,
            "common_shares": 496824,
            "book_valuer_per_share": 7.98,
            "book_valuer_per_share_4q_avg": 8.2,
            "equity": 396369,
            "current_ratio": 1034.7,
            "debt_ratio": 5.11,
            "inventory_turnover_ratio": null,
            "account_receivable_turnover_ratio": 1.86,
            "reinvestment_rate": null,
            "research_to_sale_ratio": null,
            "price_fair": 0,
            "eps_avg_yearly": 0,
            "eps_latest_yearly": 0,
            "eps_growth_yearly": 0
        },
        "20202": {
            "year_quarter": 20202,
            "year": 2020,
            "quarter": 2,
            "eps": 0.18,
            "eps_growth_year": null,
            "eps_4q": -0.23,
            "eps_4q_growth_year": null,
            "roe": 2.09,
            "roe_4q": -3.11,
            "gross_profit": 23,
            "gross_margin": 7.4,
            "gross_margin_4q_avg": 7.58,
            "net_income": 9192,
            "revenue": 311,
            "common_shares": 532424,
            "book_valuer_per_share": 9.11,
            "book_valuer_per_share_4q_avg": 8.36,
            "equity": 485220,
            "current_ratio": 1915.07,
            "debt_ratio": 30.61,
            "inventory_turnover_ratio": null,
            "account_receivable_turnover_ratio": 1.16,
            "reinvestment_rate": null,
            "research_to_sale_ratio": 0,
            "price_fair": 0,
            "eps_avg_yearly": 0,
            "eps_latest_yearly": 0,
            "eps_growth_yearly": 0
        },
        "20203": {
            "year_quarter": 20203,
            "year": 2020,
            "quarter": 3,
            "eps": 0.26,
            "eps_growth_year": null,
            "eps_4q": 0.15,
            "eps_4q_growth_year": null,
            "roe": 2.79,
            "roe_4q": 1.1600000000000001,
            "gross_profit": 62733,
            "gross_margin": 24.33,
            "gross_margin_4q_avg": 11.81,
            "net_income": 13744,
            "revenue": 257894,
            "common_shares": 532424,
            "book_valuer_per_share": 9.38,
            "book_valuer_per_share_4q_avg": 8.63,
            "equity": 499525,
            "current_ratio": 154.65,
            "debt_ratio": 53.75,
            "inventory_turnover_ratio": null,
            "account_receivable_turnover_ratio": 4.41,
            "reinvestment_rate": null,
            "research_to_sale_ratio": null,
            "price_fair": 36.4,
            "eps_avg_yearly": 1.04,
            "eps_latest_yearly": 1.04,
            "eps_growth_yearly": 177.78
        },
        "20204": {
            "year_quarter": 20204,
            "year": 2020,
            "quarter": 4,
            "eps": 0.76,
            "eps_growth_year": null,
            "eps_4q": 1.13,
            "eps_4q_growth_year": null,
            "roe": 8.28,
            "roe_4q": 12.22,
            "gross_profit": 126881,
            "gross_margin": 21.63,
            "gross_margin_4q_avg": 15.21,
            "net_income": 43192,
            "revenue": 586621,
            "common_shares": 532424,
            "book_valuer_per_share": 10.17,
            "book_valuer_per_share_4q_avg": 9.16,
            "equity": 543779,
            "current_ratio": 128.3,
            "debt_ratio": 54.92,
            "inventory_turnover_ratio": null,
            "account_receivable_turnover_ratio": 5.11,
            "reinvestment_rate": -76.54,
            "research_to_sale_ratio": null,
            "price_fair": 71.4,
            "eps_avg_yearly": 2.04,
            "eps_latest_yearly": 3.04,
            "eps_growth_yearly": 473.5
        },
        "20211": {
            "year_quarter": 20211,
            "year": 2021,
            "quarter": 1,
            "eps": 0.3,
            "eps_growth_year": null,
            "eps_4q": 1.5,
            "eps_4q_growth_year": null,
            "roe": 2.37,
            "roe_4q": 15.529999999999998,
            "gross_profit": 138461,
            "gross_margin": 24.19,
            "gross_margin_4q_avg": 19.39,
            "net_income": 13013,
            "revenue": 572371,
            "common_shares": 532424,
            "book_valuer_per_share": 10.4,
            "book_valuer_per_share_4q_avg": 9.77,
            "equity": 553056,
            "current_ratio": 128.06,
            "debt_ratio": 56.26,
            "inventory_turnover_ratio": null,
            "account_receivable_turnover_ratio": 4.93,
            "reinvestment_rate": -20.78,
            "research_to_sale_ratio": 6.54,
            "price_fair": 61.6,
            "eps_avg_yearly": 1.76,
            "eps_latest_yearly": 1.2,
            "eps_growth_yearly": 234.97
        },
        "20212": {
            "year_quarter": 20212,
            "year": 2021,
            "quarter": 2,
            "eps": 2.41,
            "eps_growth_year": 1238.89,
            "eps_4q": 3.73,
            "eps_4q_growth_year": null,
            "roe": 20.48,
            "roe_4q": 33.92,
            "gross_profit": 185350,
            "gross_margin": 27.88,
            "gross_margin_4q_avg": 24.51,
            "net_income": 126534,
            "revenue": 664917,
            "common_shares": 532424,
            "book_valuer_per_share": 12.78,
            "book_valuer_per_share_4q_avg": 10.68,
            "equity": 682926,
            "current_ratio": 156.84,
            "debt_ratio": 51.45,
            "inventory_turnover_ratio": null,
            "account_receivable_turnover_ratio": 4.64,
            "reinvestment_rate": -4.24,
            "research_to_sale_ratio": 6.24,
            "price_fair": 130.55,
            "eps_avg_yearly": 3.73,
            "eps_latest_yearly": 9.64,
            "eps_growth_yearly": 879.56
        },
        "20213": {
            "year_quarter": 20213,
            "year": 2021,
            "quarter": 3,
            "eps": 0.81,
            "eps_growth_year": 211.54,
            "eps_4q": 4.28,
            "eps_4q_growth_year": 2781.91,
            "roe": 5.8,
            "roe_4q": 36.93,
            "gross_profit": 221471,
            "gross_margin": 31.41,
            "gross_margin_4q_avg": 26.28,
            "net_income": 40789,
            "revenue": 705180,
            "common_shares": 532424,
            "book_valuer_per_share": 13.57,
            "book_valuer_per_share_4q_avg": 11.73,
            "equity": 722959,
            "current_ratio": 158.54,
            "debt_ratio": 51.27,
            "inventory_turnover_ratio": null,
            "account_receivable_turnover_ratio": 4.41,
            "reinvestment_rate": -6.22,
            "research_to_sale_ratio": 5.64,
            "price_fair": 127.12,
            "eps_avg_yearly": 3.63,
            "eps_latest_yearly": 3.24,
            "eps_growth_yearly": 650.54
        },
        "20214": {
            "year_quarter": 20214,
            "year": 2021,
            "quarter": 4,
            "eps": -0.91,
            "eps_growth_year": -218.82,
            "eps_4q": 2.6,
            "eps_4q_growth_year": 131.51,
            "roe": -7.18,
            "roe_4q": 21.470000000000002,
            "gross_profit": 161679,
            "gross_margin": 20.9,
            "gross_margin_4q_avg": 26.1,
            "net_income": -50137,
            "revenue": 773725,
            "common_shares": 532424,
            "book_valuer_per_share": 12.67,
            "book_valuer_per_share_4q_avg": 12.36,
            "equity": 672881,
            "current_ratio": 135.65,
            "debt_ratio": 56.47,
            "inventory_turnover_ratio": null,
            "account_receivable_turnover_ratio": 5.44,
            "reinvestment_rate": -15.87,
            "research_to_sale_ratio": -4.69,
            "price_fair": 127.12,
            "eps_avg_yearly": 3.63,
            "eps_latest_yearly": 3.24,
            "eps_growth_yearly": 650.54
        },
        "20221": {
            "year_quarter": 20221,
            "year": 2022,
            "quarter": 1,
            "eps": 0.06,
            "eps_growth_year": -80,
            "eps_4q": 2.36,
            "eps_4q_growth_year": 57.62,
            "roe": 0.31,
            "roe_4q": 19.41,
            "gross_profit": 184288,
            "gross_margin": 26.47,
            "gross_margin_4q_avg": 26.67,
            "net_income": 2130,
            "revenue": 696288,
            "common_shares": 532424,
            "book_valuer_per_share": 12.8,
            "book_valuer_per_share_4q_avg": 12.96,
            "equity": 682453,
            "current_ratio": 138.47,
            "debt_ratio": 57.11,
            "inventory_turnover_ratio": null,
            "account_receivable_turnover_ratio": 5.89,
            "reinvestment_rate": -10.97,
            "research_to_sale_ratio": 4.17,
            "price_fair": 127.12,
            "eps_avg_yearly": 3.63,
            "eps_latest_yearly": 3.24,
            "eps_growth_yearly": 650.54
        },
        "20222": {
            "year_quarter": 20222,
            "year": 2022,
            "quarter": 2,
            "eps": 0.37,
            "eps_growth_year": -84.65,
            "eps_4q": 0.33,
            "eps_4q_growth_year": -91.12,
            "roe": 2.85,
            "roe_4q": 1.7800000000000002,
            "gross_profit": 215419,
            "gross_margin": 29.45,
            "gross_margin_4q_avg": 27.06,
            "net_income": 19709,
            "revenue": 731443,
            "common_shares": 532424,
            "book_valuer_per_share": 13.18,
            "book_valuer_per_share_4q_avg": 13.06,
            "equity": 702399,
            "current_ratio": 103.33,
            "debt_ratio": 55.65,
            "inventory_turnover_ratio": null,
            "account_receivable_turnover_ratio": 6.5,
            "reinvestment_rate": 23.47,
            "research_to_sale_ratio": 3.58,
            "price_fair": 114.57,
            "eps_avg_yearly": 3.27,
            "eps_latest_yearly": 1.48,
            "eps_growth_yearly": 886.56
        },
        "20223": {
            "year_quarter": 20223,
            "year": 2022,
            "quarter": 3,
            "eps": 0.49,
            "eps_growth_year": -39.51,
            "eps_4q": 0.01,
            "eps_4q_growth_year": -99.69,
            "roe": 3.55,
            "roe_4q": -0.46999999999999975,
            "gross_profit": 232995,
            "gross_margin": 29.26,
            "gross_margin_4q_avg": 26.52,
            "net_income": 25435,
            "revenue": 796350,
            "common_shares": 532424,
            "book_valuer_per_share": 13.68,
            "book_valuer_per_share_4q_avg": 13.08,
            "equity": 728855,
            "current_ratio": 134.15,
            "debt_ratio": 55.33,
            "inventory_turnover_ratio": null,
            "account_receivable_turnover_ratio": 6.55,
            "reinvestment_rate": 18.35,
            "research_to_sale_ratio": 3.82,
            "price_fair": 108,
            "eps_avg_yearly": 3.09,
            "eps_latest_yearly": 1.96,
            "eps_growth_yearly": 778.44
        },
        "20224": {
            "year_quarter": 20224,
            "year": 2022,
            "quarter": 4,
            "eps": -0.3,
            "eps_growth_year": null,
            "eps_4q": 0.62,
            "eps_4q_growth_year": -76.05,
            "roe": -2.18,
            "roe_4q": 4.529999999999999,
            "gross_profit": 210632,
            "gross_margin": 26.75,
            "gross_margin_4q_avg": 27.98,
            "net_income": -15714,
            "revenue": 787342,
            "common_shares": 532424,
            "book_valuer_per_share": 13.32,
            "book_valuer_per_share_4q_avg": 13.25,
            "equity": 709872,
            "current_ratio": 120.08,
            "debt_ratio": 59.81,
            "inventory_turnover_ratio": null,
            "account_receivable_turnover_ratio": 6.4,
            "reinvestment_rate": 18.21,
            "research_to_sale_ratio": 4.15,
            "price_fair": 108,
            "eps_avg_yearly": 3.09,
            "eps_latest_yearly": 1.96,
            "eps_growth_yearly": 778.44
        },
        "20231": {
            "year_quarter": 20231,
            "year": 2023,
            "quarter": 1,
            "eps": -0.73,
            "eps_growth_year": -1316.67,
            "eps_4q": -0.16,
            "eps_4q_growth_year": -106.78,
            "roe": -5.64,
            "roe_4q": -1.4200000000000004,
            "gross_profit": 171697,
            "gross_margin": 25.84,
            "gross_margin_4q_avg": 27.83,
            "net_income": -38928,
            "revenue": 664454,
            "common_shares": 532424,
            "book_valuer_per_share": 12.58,
            "book_valuer_per_share_4q_avg": 13.19,
            "equity": 669644,
            "current_ratio": 117.52,
            "debt_ratio": 68.7,
            "inventory_turnover_ratio": null,
            "account_receivable_turnover_ratio": 6.34,
            "reinvestment_rate": 406.48,
            "research_to_sale_ratio": 4.76,
            "price_fair": 108,
            "eps_avg_yearly": 3.09,
            "eps_latest_yearly": 1.96,
            "eps_growth_yearly": 778.44
        }
    },
    "months": {
        "2002-03": {
            "month": "2002-03",
            "price": "34.05",
            "revenue": 74758
        },
        "2002-04": {
            "month": "2002-04",
            "price": "32.91",
            "revenue": 79890
        },
        "2002-05": {
            "month": "2002-05",
            "price": "28.05",
            "revenue": 76653
        },
        "2002-06": {
            "month": "2002-06",
            "price": "26.88",
            "revenue": 57937
        },
        "2002-07": {
            "month": "2002-07",
            "price": "24.44",
            "revenue": 61528
        },
        "2002-08": {
            "month": "2002-08",
            "price": "23.96",
            "revenue": 66783
        },
        "2002-09": {
            "month": "2002-09",
            "price": "24.76",
            "revenue": 63856
        },
        "2002-10": {
            "month": "2002-10",
            "price": "23.76",
            "revenue": 63846
        },
        "2002-11": {
            "month": "2002-11",
            "price": "23.11",
            "revenue": 56032
        },
        "2002-12": {
            "month": "2002-12",
            "price": "21.66",
            "revenue": 47400
        },
        "2003-01": {
            "month": "2003-01",
            "price": "22.41",
            "revenue": 58220
        },
        "2003-02": {
            "month": "2003-02",
            "price": "21.26",
            "revenue": 48300
        },
        "2003-03": {
            "month": "2003-03",
            "price": "19.72",
            "revenue": 75976
        },
        "2003-04": {
            "month": "2003-04",
            "price": "19.32",
            "revenue": 77445
        },
        "2003-05": {
            "month": "2003-05",
            "price": "17.97",
            "revenue": 68077
        },
        "2003-06": {
            "month": "2003-06",
            "price": "19.62",
            "revenue": 62224
        },
        "2003-07": {
            "month": "2003-07",
            "price": "19.70",
            "revenue": 65856
        },
        "2003-08": {
            "month": "2003-08",
            "price": "19.56",
            "revenue": 68631
        },
        "2003-09": {
            "month": "2003-09",
            "price": "18.89",
            "revenue": 80331
        },
        "2003-10": {
            "month": "2003-10",
            "price": "19.05",
            "revenue": 81500
        },
        "2003-11": {
            "month": "2003-11",
            "price": "20.34",
            "revenue": 70242
        },
        "2003-12": {
            "month": "2003-12",
            "price": "20.87",
            "revenue": 69806
        },
        "2004-01": {
            "month": "2004-01",
            "price": "23.07",
            "revenue": 53036
        },
        "2004-02": {
            "month": "2004-02",
            "price": "23.15",
            "revenue": 72085
        },
        "2004-03": {
            "month": "2004-03",
            "price": "21.73",
            "revenue": 79208
        },
        "2004-04": {
            "month": "2004-04",
            "price": "24.27",
            "revenue": 71913
        },
        "2004-05": {
            "month": "2004-05",
            "price": "19.07",
            "revenue": 77036
        },
        "2004-06": {
            "month": "2004-06",
            "price": "17.55",
            "revenue": 78632
        },
        "2004-07": {
            "month": "2004-07",
            "price": "14.14",
            "revenue": 87474
        },
        "2004-08": {
            "month": "2004-08",
            "price": "12.06",
            "revenue": 86816
        },
        "2004-09": {
            "month": "2004-09",
            "price": "11.88",
            "revenue": 89719
        },
        "2004-10": {
            "month": "2004-10",
            "price": "11.01",
            "revenue": 77150
        },
        "2004-11": {
            "month": "2004-11",
            "price": "10.20",
            "revenue": 64222
        },
        "2004-12": {
            "month": "2004-12",
            "price": "10.92",
            "revenue": 56651
        },
        "2005-01": {
            "month": "2005-01",
            "price": "10.37",
            "revenue": 62105
        },
        "2005-02": {
            "month": "2005-02",
            "price": "10.89",
            "revenue": 46348
        },
        "2005-03": {
            "month": "2005-03",
            "price": "11.23",
            "revenue": 80017
        },
        "2005-04": {
            "month": "2005-04",
            "price": "10.62",
            "revenue": 76976
        },
        "2005-05": {
            "month": "2005-05",
            "price": "9.88",
            "revenue": 77112
        },
        "2005-06": {
            "month": "2005-06",
            "price": "10.35",
            "revenue": 76060
        },
        "2005-07": {
            "month": "2005-07",
            "price": "11.18",
            "revenue": 98180
        },
        "2005-08": {
            "month": "2005-08",
            "price": "12.82",
            "revenue": 120768
        },
        "2005-09": {
            "month": "2005-09",
            "price": "13.37",
            "revenue": 132248
        },
        "2005-10": {
            "month": "2005-10",
            "price": "14.33",
            "revenue": 111382
        },
        "2005-11": {
            "month": "2005-11",
            "price": "13.33",
            "revenue": 106381
        },
        "2005-12": {
            "month": "2005-12",
            "price": "13.76",
            "revenue": 56293
        },
        "2006-01": {
            "month": "2006-01",
            "price": "14.28",
            "revenue": 54448
        },
        "2006-02": {
            "month": "2006-02",
            "price": "13.38",
            "revenue": 48853
        },
        "2006-03": {
            "month": "2006-03",
            "price": "12.86",
            "revenue": 80752
        },
        "2006-04": {
            "month": "2006-04",
            "price": "13.94",
            "revenue": 84266
        },
        "2006-05": {
            "month": "2006-05",
            "price": "15.29",
            "revenue": 68599
        },
        "2006-06": {
            "month": "2006-06",
            "price": "15.71",
            "revenue": 61505
        },
        "2006-07": {
            "month": "2006-07",
            "price": "14.75",
            "revenue": 70347
        },
        "2006-08": {
            "month": "2006-08",
            "price": "15.03",
            "revenue": 96181
        },
        "2006-09": {
            "month": "2006-09",
            "price": "15.68",
            "revenue": 86116
        },
        "2006-10": {
            "month": "2006-10",
            "price": "18.44",
            "revenue": 78068
        },
        "2006-11": {
            "month": "2006-11",
            "price": "18.30",
            "revenue": 81589
        },
        "2006-12": {
            "month": "2006-12",
            "price": "19.76",
            "revenue": 51411
        },
        "2007-01": {
            "month": "2007-01",
            "price": "19.04",
            "revenue": 65245
        },
        "2007-02": {
            "month": "2007-02",
            "price": "18.98",
            "revenue": 57383
        },
        "2007-03": {
            "month": "2007-03",
            "price": "20.30",
            "revenue": 98681
        },
        "2007-04": {
            "month": "2007-04",
            "price": "21.42",
            "revenue": 102016
        },
        "2007-05": {
            "month": "2007-05",
            "price": "21.96",
            "revenue": 92247
        },
        "2007-06": {
            "month": "2007-06",
            "price": "22.47",
            "revenue": 91325
        },
        "2007-07": {
            "month": "2007-07",
            "price": "23.93",
            "revenue": 104062
        },
        "2007-08": {
            "month": "2007-08",
            "price": "25.27",
            "revenue": 125291
        },
        "2007-09": {
            "month": "2007-09",
            "price": "23.96",
            "revenue": 141780
        },
        "2007-10": {
            "month": "2007-10",
            "price": "23.30",
            "revenue": 139327
        },
        "2007-11": {
            "month": "2007-11",
            "price": "22.76",
            "revenue": 121207
        },
        "2007-12": {
            "month": "2007-12",
            "price": "22.72",
            "revenue": 95118
        },
        "2008-01": {
            "month": "2008-01",
            "price": "22.11",
            "revenue": 118855
        },
        "2008-02": {
            "month": "2008-02",
            "price": "21.28",
            "revenue": 66018
        },
        "2008-03": {
            "month": "2008-03",
            "price": "21.98",
            "revenue": 119395
        },
        "2008-04": {
            "month": "2008-04",
            "price": "26.80",
            "revenue": 121450
        },
        "2008-05": {
            "month": "2008-05",
            "price": "26.67",
            "revenue": 73189
        },
        "2008-06": {
            "month": "2008-06",
            "price": "23.74",
            "revenue": 111998
        },
        "2008-07": {
            "month": "2008-07",
            "price": "19.02",
            "revenue": 119272
        },
        "2008-08": {
            "month": "2008-08",
            "price": "18.88",
            "revenue": 122108
        },
        "2008-09": {
            "month": "2008-09",
            "price": "17.10",
            "revenue": 118768
        },
        "2008-10": {
            "month": "2008-10",
            "price": "15.37",
            "revenue": 117341
        },
        "2008-11": {
            "month": "2008-11",
            "price": "14.95",
            "revenue": 94041
        },
        "2008-12": {
            "month": "2008-12",
            "price": "14.02",
            "revenue": 63831
        },
        "2009-01": {
            "month": "2009-01",
            "price": "10.85",
            "revenue": 58346
        },
        "2009-02": {
            "month": "2009-02",
            "price": "4.16",
            "revenue": 68585
        },
        "2009-03": {
            "month": "2009-03",
            "price": "6.52",
            "revenue": 91003
        },
        "2009-04": {
            "month": "2009-04",
            "price": "7.02",
            "revenue": 100890
        },
        "2009-05": {
            "month": "2009-05",
            "price": "6.18",
            "revenue": 111638
        },
        "2009-06": {
            "month": "2009-06",
            "price": "6.03",
            "revenue": 95970
        },
        "2009-07": {
            "month": "2009-07",
            "price": "6.85",
            "revenue": 104318
        },
        "2009-08": {
            "month": "2009-08",
            "price": "8.42",
            "revenue": 98368
        },
        "2009-09": {
            "month": "2009-09",
            "price": "8.50",
            "revenue": 125415
        },
        "2009-10": {
            "month": "2009-10",
            "price": "9.55",
            "revenue": 111576
        },
        "2009-11": {
            "month": "2009-11",
            "price": "12.22",
            "revenue": 101863
        },
        "2009-12": {
            "month": "2009-12",
            "price": "12.69",
            "revenue": 104882
        },
        "2010-01": {
            "month": "2010-01",
            "price": "12.91",
            "revenue": 90957
        },
        "2010-02": {
            "month": "2010-02",
            "price": "10.30",
            "revenue": 60603
        },
        "2010-03": {
            "month": "2010-03",
            "price": "10.77",
            "revenue": 107723
        },
        "2010-04": {
            "month": "2010-04",
            "price": "12.42",
            "revenue": 108012
        },
        "2010-05": {
            "month": "2010-05",
            "price": "15.18",
            "revenue": 105419
        },
        "2010-06": {
            "month": "2010-06",
            "price": "13.30",
            "revenue": 96152
        },
        "2010-07": {
            "month": "2010-07",
            "price": "11.60",
            "revenue": 99744
        },
        "2010-08": {
            "month": "2010-08",
            "price": "12.42",
            "revenue": 104063
        },
        "2010-09": {
            "month": "2010-09",
            "price": "10.64",
            "revenue": 96167
        },
        "2010-10": {
            "month": "2010-10",
            "price": "9.90",
            "revenue": 93729
        },
        "2010-11": {
            "month": "2010-11",
            "price": "8.49",
            "revenue": 79936
        },
        "2010-12": {
            "month": "2010-12",
            "price": "8.90",
            "revenue": 68697
        },
        "2011-01": {
            "month": "2011-01",
            "price": "8.50",
            "revenue": 67330
        },
        "2011-02": {
            "month": "2011-02",
            "price": "8.43",
            "revenue": 56472
        },
        "2011-03": {
            "month": "2011-03",
            "price": "7.63",
            "revenue": 65055
        },
        "2011-04": {
            "month": "2011-04",
            "price": "7.26",
            "revenue": 72761
        },
        "2011-05": {
            "month": "2011-05",
            "price": "6.91",
            "revenue": 68396
        },
        "2011-06": {
            "month": "2011-06",
            "price": "6.81",
            "revenue": 70012
        },
        "2011-07": {
            "month": "2011-07",
            "price": "6.80",
            "revenue": 69538
        },
        "2011-08": {
            "month": "2011-08",
            "price": "5.30",
            "revenue": 82443
        },
        "2011-09": {
            "month": "2011-09",
            "price": "4.92",
            "revenue": 79322
        },
        "2011-10": {
            "month": "2011-10",
            "price": "4.49",
            "revenue": 82562
        },
        "2011-11": {
            "month": "2011-11",
            "price": "3.87",
            "revenue": 63667
        },
        "2011-12": {
            "month": "2011-12",
            "price": "3.52",
            "revenue": 52123
        },
        "2012-01": {
            "month": "2012-01",
            "price": "3.68",
            "revenue": 41946
        },
        "2012-02": {
            "month": "2012-02",
            "price": "5.26",
            "revenue": 55615
        },
        "2012-03": {
            "month": "2012-03",
            "price": "4.94",
            "revenue": 67924
        },
        "2012-04": {
            "month": "2012-04",
            "price": "4.13",
            "revenue": 98479
        },
        "2012-05": {
            "month": "2012-05",
            "price": "3.98",
            "revenue": 101916
        },
        "2012-06": {
            "month": "2012-06",
            "price": "3.91",
            "revenue": 111874
        },
        "2012-07": {
            "month": "2012-07",
            "price": "3.92",
            "revenue": 112463
        },
        "2012-08": {
            "month": "2012-08",
            "price": "4.63",
            "revenue": 111842
        },
        "2012-09": {
            "month": "2012-09",
            "price": "4.41",
            "revenue": 107926
        },
        "2012-10": {
            "month": "2012-10",
            "price": "4.03",
            "revenue": 105530
        },
        "2012-11": {
            "month": "2012-11",
            "price": "3.82",
            "revenue": 116737
        },
        "2012-12": {
            "month": "2012-12",
            "price": "4.10",
            "revenue": 61861
        },
        "2013-01": {
            "month": "2013-01",
            "price": "4.25",
            "revenue": 74331
        },
        "2013-02": {
            "month": "2013-02",
            "price": "4.77",
            "revenue": 36838
        },
        "2013-03": {
            "month": "2013-03",
            "price": "5.60",
            "revenue": 63154
        },
        "2013-04": {
            "month": "2013-04",
            "price": "5.86",
            "revenue": 64503
        },
        "2013-05": {
            "month": "2013-05",
            "price": "5.71",
            "revenue": 61477
        },
        "2013-06": {
            "month": "2013-06",
            "price": "6.43",
            "revenue": 39580
        },
        "2013-07": {
            "month": "2013-07",
            "price": "6.63",
            "revenue": 58381
        },
        "2013-08": {
            "month": "2013-08",
            "price": "6.86",
            "revenue": 51541
        },
        "2013-09": {
            "month": "2013-09",
            "price": "7.00",
            "revenue": 47914
        },
        "2013-10": {
            "month": "2013-10",
            "price": "8.58",
            "revenue": 44238
        },
        "2013-11": {
            "month": "2013-11",
            "price": "6.06",
            "revenue": 38196
        },
        "2013-12": {
            "month": "2013-12",
            "price": "6.80",
            "revenue": 39149
        },
        "2014-01": {
            "month": "2014-01",
            "price": "6.73",
            "revenue": 33037
        },
        "2014-02": {
            "month": "2014-02",
            "price": "6.28",
            "revenue": 24816
        },
        "2014-03": {
            "month": "2014-03",
            "price": "7.13",
            "revenue": 37354
        },
        "2014-04": {
            "month": "2014-04",
            "price": "7.08",
            "revenue": 46395
        },
        "2014-05": {
            "month": "2014-05",
            "price": "9.14",
            "revenue": 41846
        },
        "2014-06": {
            "month": "2014-06",
            "price": "10.17",
            "revenue": 32905
        },
        "2014-07": {
            "month": "2014-07",
            "price": "9.80",
            "revenue": 35863
        },
        "2014-08": {
            "month": "2014-08",
            "price": "11.77",
            "revenue": 31409
        },
        "2014-09": {
            "month": "2014-09",
            "price": "11.18",
            "revenue": 29319
        },
        "2014-10": {
            "month": "2014-10",
            "price": "11.33",
            "revenue": 29569
        },
        "2014-11": {
            "month": "2014-11",
            "price": "10.54",
            "revenue": 26786
        },
        "2014-12": {
            "month": "2014-12",
            "price": "10.38",
            "revenue": 30629
        },
        "2015-01": {
            "month": "2015-01",
            "price": "11.66",
            "revenue": 29609
        },
        "2015-02": {
            "month": "2015-02",
            "price": "12.00",
            "revenue": 17639
        },
        "2015-03": {
            "month": "2015-03",
            "price": "11.75",
            "revenue": 22448
        },
        "2015-04": {
            "month": "2015-04",
            "price": "11.84",
            "revenue": 23330
        },
        "2015-05": {
            "month": "2015-05",
            "price": "10.19",
            "revenue": 25620
        },
        "2015-06": {
            "month": "2015-06",
            "price": "7.18",
            "revenue": 26034
        },
        "2015-07": {
            "month": "2015-07",
            "price": "6.98",
            "revenue": 16105
        },
        "2015-08": {
            "month": "2015-08",
            "price": "10.28",
            "revenue": 11010
        },
        "2015-09": {
            "month": "2015-09",
            "price": "11.69",
            "revenue": 11429
        },
        "2015-10": {
            "month": "2015-10",
            "price": "12.19",
            "revenue": 8450
        },
        "2015-11": {
            "month": "2015-11",
            "price": "11.77",
            "revenue": 12948
        },
        "2015-12": {
            "month": "2015-12",
            "price": "11.79",
            "revenue": 12216
        },
        "2016-01": {
            "month": "2016-01",
            "price": "10.40",
            "revenue": 13426
        },
        "2016-02": {
            "month": "2016-02",
            "price": "10.89",
            "revenue": 6343
        },
        "2016-03": {
            "month": "2016-03",
            "price": "10.73",
            "revenue": 12960
        },
        "2016-04": {
            "month": "2016-04",
            "price": "9.91",
            "revenue": 15614
        },
        "2016-05": {
            "month": "2016-05",
            "price": "9.88",
            "revenue": 13456
        },
        "2016-06": {
            "month": "2016-06",
            "price": "9.81",
            "revenue": 11303
        },
        "2016-07": {
            "month": "2016-07",
            "price": "12.54",
            "revenue": 7947
        },
        "2016-08": {
            "month": "2016-08",
            "price": "15.49",
            "revenue": 7877
        },
        "2016-09": {
            "month": "2016-09",
            "price": "16.48",
            "revenue": 4058
        },
        "2016-10": {
            "month": "2016-10",
            "price": "18.84",
            "revenue": 2571
        },
        "2016-11": {
            "month": "2016-11",
            "price": "15.43",
            "revenue": 6378
        },
        "2016-12": {
            "month": "2016-12",
            "price": "14.11",
            "revenue": 3174
        },
        "2017-01": {
            "month": "2017-01",
            "price": "14.11",
            "revenue": 1564
        },
        "2017-02": {
            "month": "2017-02",
            "price": "20.35",
            "revenue": 1049
        },
        "2017-03": {
            "month": "2017-03",
            "price": "38.54",
            "revenue": 2063
        },
        "2017-04": {
            "month": "2017-04",
            "price": "38.25",
            "revenue": 2723
        },
        "2017-05": {
            "month": "2017-05",
            "price": "50.29",
            "revenue": 4750
        },
        "2017-06": {
            "month": "2017-06",
            "price": "60.47",
            "revenue": 2814
        },
        "2017-07": {
            "month": "2017-07",
            "price": "52.16",
            "revenue": 914
        },
        "2017-08": {
            "month": "2017-08",
            "price": "30.21",
            "revenue": 3852
        },
        "2017-09": {
            "month": "2017-09",
            "price": "46.33",
            "revenue": 1759
        },
        "2017-10": {
            "month": "2017-10",
            "price": "46.99",
            "revenue": 861
        },
        "2017-11": {
            "month": "2017-11",
            "price": "37.38",
            "revenue": 1822
        },
        "2017-12": {
            "month": "2017-12",
            "price": "35.67",
            "revenue": 1185
        },
        "2018-01": {
            "month": "2018-01",
            "price": "26.77",
            "revenue": 1159
        },
        "2018-02": {
            "month": "2018-02",
            "price": "19.40",
            "revenue": 372
        },
        "2018-03": {
            "month": "2018-03",
            "price": "17.09",
            "revenue": 798
        },
        "2018-04": {
            "month": "2018-04",
            "price": "18.28",
            "revenue": 794
        },
        "2018-05": {
            "month": "2018-05",
            "price": "16.70",
            "revenue": 1225
        },
        "2018-06": {
            "month": "2018-06",
            "price": "16.28",
            "revenue": 339
        },
        "2018-07": {
            "month": "2018-07",
            "price": "13.19",
            "revenue": 683
        },
        "2018-08": {
            "month": "2018-08",
            "price": "11.42",
            "revenue": 769
        },
        "2018-09": {
            "month": "2018-09",
            "price": "9.38",
            "revenue": 365
        },
        "2018-10": {
            "month": "2018-10",
            "price": "8.44",
            "revenue": 246
        },
        "2018-11": {
            "month": "2018-11",
            "price": "7.56",
            "revenue": 276
        },
        "2018-12": {
            "month": "2018-12",
            "price": "8.57",
            "revenue": 76
        },
        "2019-01": {
            "month": "2019-01",
            "price": "8.12",
            "revenue": 454
        },
        "2019-02": {
            "month": "2019-02",
            "price": "8.21",
            "revenue": 188
        },
        "2019-03": {
            "month": "2019-03",
            "price": "8.58",
            "revenue": 205
        },
        "2019-04": {
            "month": "2019-04",
            "price": "8.20",
            "revenue": 153
        },
        "2019-05": {
            "month": "2019-05",
            "price": "7.97",
            "revenue": 174
        },
        "2019-06": {
            "month": "2019-06",
            "price": "7.99",
            "revenue": 53
        },
        "2019-07": {
            "month": "2019-07",
            "price": "7.81",
            "revenue": 220
        },
        "2019-08": {
            "month": "2019-08",
            "price": "9.94",
            "revenue": 181
        },
        "2019-09": {
            "month": "2019-09",
            "price": "10.48",
            "revenue": 139
        },
        "2019-10": {
            "month": "2019-10",
            "price": "10.94",
            "revenue": 180
        },
        "2019-11": {
            "month": "2019-11",
            "price": "13.01",
            "revenue": 119
        },
        "2019-12": {
            "month": "2019-12",
            "price": "18.13",
            "revenue": 199
        },
        "2020-01": {
            "month": "2020-01",
            "price": "18.71",
            "revenue": 68
        },
        "2020-02": {
            "month": "2020-02",
            "price": "21.88",
            "revenue": 116
        },
        "2020-03": {
            "month": "2020-03",
            "price": "19.20",
            "revenue": 352
        },
        "2020-04": {
            "month": "2020-04",
            "price": "21.66",
            "revenue": 63
        },
        "2020-05": {
            "month": "2020-05",
            "price": "28.64",
            "revenue": 87
        },
        "2020-06": {
            "month": "2020-06",
            "price": "31.30",
            "revenue": 161
        },
        "2020-07": {
            "month": "2020-07",
            "price": "33.19",
            "revenue": 51
        },
        "2020-08": {
            "month": "2020-08",
            "price": "42.89",
            "revenue": 83606
        },
        "2020-09": {
            "month": "2020-09",
            "price": "60.69",
            "revenue": 173011
        },
        "2020-10": {
            "month": "2020-10",
            "price": "74.77",
            "revenue": 189592
        },
        "2020-11": {
            "month": "2020-11",
            "price": "57.13",
            "revenue": 184019
        },
        "2020-12": {
            "month": "2020-12",
            "price": "51.14",
            "revenue": 232152
        },
        "2021-01": {
            "month": "2021-01",
            "price": "39.77",
            "revenue": 176069
        },
        "2021-02": {
            "month": "2021-02",
            "price": "42.63",
            "revenue": 184388
        },
        "2021-03": {
            "month": "2021-03",
            "price": "45.73",
            "revenue": 215797
        },
        "2021-04": {
            "month": "2021-04",
            "price": "43.05",
            "revenue": 198881
        },
        "2021-05": {
            "month": "2021-05",
            "price": "33.53",
            "revenue": 218516
        },
        "2021-06": {
            "month": "2021-06",
            "price": "35.37",
            "revenue": 246650
        },
        "2021-07": {
            "month": "2021-07",
            "price": "36.76",
            "revenue": 251158
        },
        "2021-08": {
            "month": "2021-08",
            "price": "34.42",
            "revenue": 261332
        },
        "2021-09": {
            "month": "2021-09",
            "price": "34.20",
            "revenue": 243866
        },
        "2021-10": {
            "month": "2021-10",
            "price": "41.47",
            "revenue": 223616
        },
        "2021-11": {
            "month": "2021-11",
            "price": "38.49",
            "revenue": 219129
        },
        "2021-12": {
            "month": "2021-12",
            "price": "38.30",
            "revenue": 343942
        },
        "2022-01": {
            "month": "2022-01",
            "price": "37.74",
            "revenue": 218644
        },
        "2022-02": {
            "month": "2022-02",
            "price": "35.65",
            "revenue": 220500
        },
        "2022-03": {
            "month": "2022-03",
            "price": "33.45",
            "revenue": 256868
        },
        "2022-04": {
            "month": "2022-04",
            "price": "29.27",
            "revenue": 221370
        },
        "2022-05": {
            "month": "2022-05",
            "price": "25.64",
            "revenue": 244423
        },
        "2022-06": {
            "month": "2022-06",
            "price": "25.77",
            "revenue": 259957
        },
        "2022-07": {
            "month": "2022-07",
            "price": "26.07",
            "revenue": 242920
        },
        "2022-08": {
            "month": "2022-08",
            "price": "27.37",
            "revenue": 265625
        },
        "2022-09": {
            "month": "2022-09",
            "price": "25.67",
            "revenue": 287673
        },
        "2022-10": {
            "month": "2022-10",
            "price": "25.08",
            "revenue": 248818
        },
        "2022-11": {
            "month": "2022-11",
            "price": "27.01",
            "revenue": 211260
        },
        "2022-12": {
            "month": "2022-12",
            "price": "27.50",
            "revenue": 321622
        },
        "2023-01": {
            "month": "2023-01",
            "price": "27.12",
            "revenue": 223171
        },
        "2023-02": {
            "month": "2023-02",
            "price": "32.22",
            "revenue": 201100
        },
        "2023-03": {
            "month": "2023-03",
            "price": "30.08",
            "revenue": 226307
        },
        "2023-04": {
            "month": "2023-04",
            "price": "30.38",
            "revenue": 228724
        },
        "2023-05": {
            "month": "2023-05",
            "price": "31.50",
            "revenue": 230492
        }
    }
}
