{
    "summary": {
        "stock_name": "凌華",
        "stock_id": "6166",
        "category": "電腦及週邊設備",
        "main_business": "通訊暨電腦產品<br>量測及自動化產品",
        "website_url": "http://www.adlinktech.com",
        "ceo": "黃怡暾",
        "pe_ratio": 42,
        "report_year_from": 2001,
        "report_year_to": 2023,
        "age": 23,
        "eps_negative_percentage": 0,
        "eps_growth_avg": {
            "last_all": 0.48,
            "last_2y": -6.42,
            "last_4y": 3.23,
            "last_8y": -7.88,
            "last_12y": -3.22,
            "last_16y": -0.54,
            "last_20y": -0.04,
            "at_2006_last_3y": 2.09,
            "at_2007_last_3y": 2.77,
            "at_2008_last_3y": -6.66,
            "at_2009_last_3y": -19.61,
            "at_2010_last_3y": 8.18,
            "at_2011_last_3y": -4.02,
            "at_2012_last_3y": -8.26,
            "at_2013_last_3y": 23.82,
            "at_2014_last_3y": 7.26,
            "at_2015_last_3y": 15.61,
            "at_2016_last_3y": 21.49,
            "at_2017_last_3y": -4.12,
            "at_2018_last_3y": -21.78,
            "at_2019_last_3y": -0.57,
            "at_2020_last_3y": -2.76,
            "at_2021_last_3y": -13.08,
            "at_2022_last_3y": 21.14,
            "at_2023_last_3y": -16.09,
            "at_2024_last_3y": -16.09,
            "at_2006_last_all": 3.96,
            "at_2007_last_all": 5.15,
            "at_2008_last_all": -1.71,
            "at_2009_last_all": -5.93,
            "at_2010_last_all": 5.84,
            "at_2011_last_all": 1.48,
            "at_2012_last_all": -4.1,
            "at_2013_last_all": 3.98,
            "at_2014_last_all": 6.27,
            "at_2015_last_all": 5.52,
            "at_2016_last_all": 2.73,
            "at_2017_last_all": 1.96,
            "at_2018_last_all": -0.33,
            "at_2019_last_all": 4.17,
            "at_2020_last_all": 1.57,
            "at_2021_last_all": -1.05,
            "at_2022_last_all": 3.76,
            "at_2023_last_all": 0.48,
            "at_2024_last_all": 0.48
        },
        "latest_eps": 1.57,
        "latest_price": 65.7,
        "latest_roe": 5.76,
        "latest_gross_margin": 37.44,
        "latest_equity": 5455201,
        "latest_revenue": 2671859,
        "latest_gross_profit": 1000358,
        "latest_net_income": 96853,
        "latest_debt_ratio": 58.99,
        "latest_current_ratio": 167.19,
        "latest_account_receivable_turnover_ratio": 1.35,
        "latest_inventory_turnover_ratio": 0.43,
        "latest_reinvestment_rate": 235.5,
        "latest_research_to_sale_ratio": 16.25
    },
    "eps_dividends": {
        "2001": {
            "cash": 0,
            "stock": 2.1,
            "eps": 2.89
        },
        "2002": {
            "cash": 0,
            "stock": 2.5,
            "eps": 3.22
        },
        "2003": {
            "cash": 0.48,
            "stock": 1.92,
            "eps": 3.49
        },
        "2004": {
            "cash": 0.5,
            "stock": 2.48,
            "eps": 3.31
        },
        "2005": {
            "cash": 1.12,
            "stock": 1.12,
            "eps": 3.85
        },
        "2006": {
            "cash": 0.99,
            "stock": 2.02,
            "eps": 3.42
        },
        "2007": {
            "cash": 1.95,
            "stock": 0.44,
            "eps": 3.8
        },
        "2008": {
            "cash": 2,
            "stock": 0.8,
            "eps": 2.17
        },
        "2009": {
            "cash": 1,
            "stock": 0.5,
            "eps": 1.4
        },
        "2010": {
            "cash": 1.2,
            "stock": 0,
            "eps": 5.04
        },
        "2011": {
            "cash": 3.5,
            "stock": 3,
            "eps": 3.14
        },
        "2012": {
            "cash": 0,
            "stock": 0,
            "eps": 1.26
        },
        "2013": {
            "cash": 1,
            "stock": 0,
            "eps": 2.43
        },
        "2014": {
            "cash": 1.5,
            "stock": 0.7,
            "eps": 3.25
        },
        "2015": {
            "cash": 1.9,
            "stock": 0.9,
            "eps": 3.11
        },
        "2016": {
            "cash": 2.4,
            "stock": 0,
            "eps": 1.98
        },
        "2017": {
            "cash": 1.8,
            "stock": 0,
            "eps": 1.79
        },
        "2018": {
            "cash": 1.5,
            "stock": 0,
            "eps": 1.13
        },
        "2019": {
            "cash": 1.3,
            "stock": 0,
            "eps": 2.04
        },
        "2020": {
            "cash": 1.6,
            "stock": 0,
            "eps": 1.12
        },
        "2021": {
            "cash": 1,
            "stock": 0,
            "eps": 0.55
        },
        "2022": {
            "cash": 0.3,
            "stock": 0,
            "eps": 3.7
        },
        "2023": {
            "cash": 2.5,
            "stock": 0,
            "eps": 1.17
        }
    },
    "dividends": {
        "2001-05-07": {
            "cash": 0,
            "stock": 2.1
        },
        "2002-04-30": {
            "cash": 0,
            "stock": 2.5
        },
        "2003-02-21": {
            "cash": 0.48,
            "stock": 1.92
        },
        "2004-03-05": {
            "cash": 0.5,
            "stock": 2.48
        },
        "2005-02-25": {
            "cash": 1.12,
            "stock": 1.12
        },
        "2006-03-10": {
            "cash": 0.99,
            "stock": 2.02
        },
        "2007-03-01": {
            "cash": 1.95,
            "stock": 0.44
        },
        "2008-02-27": {
            "cash": 2,
            "stock": 0.8
        },
        "2009-03-02": {
            "cash": 1,
            "stock": 0.5
        },
        "2010-03-02": {
            "cash": 1.2,
            "stock": 0
        },
        "2011-01-01": {
            "cash": 1,
            "stock": 1.5
        },
        "2011-02-24": {
            "cash": 2.5,
            "stock": 1.5
        },
        "2013-03-05": {
            "cash": 1,
            "stock": 0
        },
        "2014-08-22": {
            "cash": 1.5,
            "stock": 0.7
        },
        "2015-08-24": {
            "cash": 1.9,
            "stock": 0.9
        },
        "2016-08-19": {
            "cash": 2.4,
            "stock": 0
        },
        "2017-08-18": {
            "cash": 1.8,
            "stock": 0
        },
        "2018-08-08": {
            "cash": 1.5,
            "stock": 0
        },
        "2019-08-07": {
            "cash": 1.3,
            "stock": 0
        },
        "2020-08-07": {
            "cash": 1.6,
            "stock": 0
        },
        "2021-09-30": {
            "cash": 1,
            "stock": 0
        },
        "2022-08-08": {
            "cash": 0.3,
            "stock": 0
        },
        "2023-08-08": {
            "cash": 2.5,
            "stock": 0
        }
    },
    "prices": {
        "200101": "無",
        "200102": "無",
        "200103": "無",
        "200104": "無",
        "200105": "無",
        "200106": "無",
        "200107": "無",
        "200108": "無",
        "200109": "無",
        "200110": "無",
        "200111": "無",
        "200112": "無",
        "200201": "無",
        "200202": "無",
        "200203": "60.50",
        "200204": "67.33",
        "200205": "58.09",
        "200206": "51.48",
        "200207": "48.47",
        "200208": "49.59",
        "200209": "43.31",
        "200210": "38.36",
        "200211": "37.35",
        "200212": "37.10",
        "200301": "37.56",
        "200302": "36.07",
        "200303": "35.76",
        "200304": "36.19",
        "200305": "43.35",
        "200306": "49.49",
        "200307": "44.68",
        "200308": "42.79",
        "200309": "41.98",
        "200310": "43.74",
        "200311": "42.87",
        "200312": "44.04",
        "200401": "48.59",
        "200402": "49.92",
        "200403": "51.75",
        "200404": "52.89",
        "200405": "45.93",
        "200406": "39.08",
        "200407": "34.87",
        "200408": "32.42",
        "200409": "30.46",
        "200410": "26.12",
        "200411": "25.14",
        "200412": "24.81",
        "200501": "25.62",
        "200502": "28.11",
        "200503": "30.39",
        "200504": "30.39",
        "200505": "28.00",
        "200506": "29.06",
        "200507": "26.97",
        "200508": "27.13",
        "200509": "26.75",
        "200510": "26.45",
        "200511": "28.37",
        "200512": "31.76",
        "200601": "34.32",
        "200602": "34.91",
        "200603": "36.94",
        "200604": "41.12",
        "200605": "40.03",
        "200606": "37.48",
        "200607": "33.35",
        "200608": "31.71",
        "200609": "31.87",
        "200610": "32.82",
        "200611": "32.69",
        "200612": "34.38",
        "200701": "36.62",
        "200702": "39.33",
        "200703": "39.27",
        "200704": "40.59",
        "200705": "39.40",
        "200706": "42.51",
        "200707": "47.77",
        "200708": "50.22",
        "200709": "48.92",
        "200710": "44.37",
        "200711": "37.35",
        "200712": "34.48",
        "200801": "34.38",
        "200802": "33.27",
        "200803": "36.10",
        "200804": "39.85",
        "200805": "40.00",
        "200806": "37.61",
        "200807": "31.56",
        "200808": "27.90",
        "200809": "23.81",
        "200810": "20.64",
        "200811": "18.06",
        "200812": "16.68",
        "200901": "16.70",
        "200902": "16.72",
        "200903": "18.88",
        "200904": "20.52",
        "200905": "20.80",
        "200906": "19.37",
        "200907": "19.89",
        "200908": "21.20",
        "200909": "21.28",
        "200910": "23.81",
        "200911": "23.88",
        "200912": "27.15",
        "201001": "28.52",
        "201002": "25.84",
        "201003": "29.73",
        "201004": "38.29",
        "201005": "41.89",
        "201006": "44.76",
        "201007": "44.20",
        "201008": "45.66",
        "201009": "52.52",
        "201010": "56.60",
        "201011": "53.38",
        "201012": "53.77",
        "201101": "50.90",
        "201102": "48.98",
        "201103": "53.45",
        "201104": "58.02",
        "201105": "57.50",
        "201106": "58.36",
        "201107": "55.52",
        "201108": "49.79",
        "201109": "41.22",
        "201110": "32.73",
        "201111": "32.15",
        "201112": "30.58",
        "201201": "31.54",
        "201202": "39.55",
        "201203": "42.05",
        "201204": "41.13",
        "201205": "37.85",
        "201206": "34.68",
        "201207": "35.28",
        "201208": "32.80",
        "201209": "31.63",
        "201210": "31.39",
        "201211": "31.47",
        "201212": "33.59",
        "201301": "33.80",
        "201302": "33.87",
        "201303": "33.55",
        "201304": "32.66",
        "201305": "34.01",
        "201306": "36.28",
        "201307": "43.82",
        "201308": "48.53",
        "201309": "51.34",
        "201310": "53.28",
        "201311": "53.20",
        "201312": "51.56",
        "201401": "49.57",
        "201402": "51.03",
        "201403": "56.39",
        "201404": "58.29",
        "201405": "58.06",
        "201406": "70.06",
        "201407": "75.91",
        "201408": "77.26",
        "201409": "77.50",
        "201410": "74.04",
        "201411": "73.14",
        "201412": "72.72",
        "201501": "76.56",
        "201502": "80.45",
        "201503": "80.60",
        "201504": "91.25",
        "201505": "98.00",
        "201506": "109.07",
        "201507": "96.80",
        "201508": "78.60",
        "201509": "83.13",
        "201510": "89.98",
        "201511": "82.65",
        "201512": "79.54",
        "201601": "69.57",
        "201602": "73.67",
        "201603": "76.36",
        "201604": "73.16",
        "201605": "63.63",
        "201606": "64.64",
        "201607": "67.23",
        "201608": "59.52",
        "201609": "60.63",
        "201610": "62.44",
        "201611": "55.81",
        "201612": "57.19",
        "201701": "64.44",
        "201702": "72.96",
        "201703": "72.42",
        "201704": "67.33",
        "201705": "66.66",
        "201706": "66.20",
        "201707": "62.36",
        "201708": "64.10",
        "201709": "65.52",
        "201710": "68.55",
        "201711": "66.21",
        "201712": "62.70",
        "201801": "63.64",
        "201802": "61.88",
        "201803": "61.45",
        "201804": "59.02",
        "201805": "57.21",
        "201806": "55.74",
        "201807": "50.25",
        "201808": "48.37",
        "201809": "48.68",
        "201810": "40.03",
        "201811": "33.70",
        "201812": "31.86",
        "201901": "36.38",
        "201902": "44.97",
        "201903": "43.08",
        "201904": "44.17",
        "201905": "40.00",
        "201906": "38.28",
        "201907": "41.05",
        "201908": "46.81",
        "201909": "50.32",
        "201910": "47.35",
        "201911": "47.25",
        "201912": "46.92",
        "202001": "48.24",
        "202002": "54.03",
        "202003": "58.73",
        "202004": "65.34",
        "202005": "66.32",
        "202006": "74.18",
        "202007": "77.79",
        "202008": "67.74",
        "202009": "68.20",
        "202010": "66.21",
        "202011": "66.34",
        "202012": "65.40",
        "202101": "58.05",
        "202102": "57.86",
        "202103": "60.92",
        "202104": "66.09",
        "202105": "58.27",
        "202106": "62.36",
        "202107": "64.27",
        "202108": "62.68",
        "202109": "65.07",
        "202110": "65.16",
        "202111": "66.31",
        "202112": "63.33",
        "202201": "62.64",
        "202202": "59.74",
        "202203": "58.56",
        "202204": "57.94",
        "202205": "55.83",
        "202206": "55.50",
        "202207": "55.53",
        "202208": "57.73",
        "202209": "51.71",
        "202210": "50.24",
        "202211": "50.75",
        "202212": "53.19",
        "202301": "55.80",
        "202302": "60.80",
        "202303": "62.43",
        "202304": "61.20",
        "202305": "61.80",
        "202306": "70.76",
        "202307": "75.88",
        "202308": "65.59",
        "202309": "62.17",
        "202310": "62.48",
        "202311": "58.61",
        "202312": "59.80"
    },
    "quarters": {
        "20011": {
            "year_quarter": 20011,
            "year": 2001,
            "quarter": 1,
            "eps": 0.77,
            "eps_growth_year": null,
            "eps_4q": null,
            "eps_4q_growth_year": null,
            "roe": 5.12,
            "roe_4q": 5.12,
            "gross_profit": 42174,
            "gross_margin": 46.54,
            "gross_margin_4q_avg": 46.54,
            "net_income": 15318,
            "net_income_4q": null,
            "revenue": 90622,
            "revenue_4q": null,
            "common_shares": 198000,
            "book_valuer_per_share": 15.41,
            "book_valuer_per_share_4q_avg": 15.41,
            "equity": 305116,
            "current_ratio": 218.5,
            "debt_ratio": 38.77,
            "inventory_turnover_ratio": 0.33,
            "account_receivable_turnover_ratio": null,
            "reinvestment_rate": null,
            "research_to_sale_ratio": null,
            "price_fair": 0,
            "eps_avg_yearly": 0,
            "eps_latest_yearly": 0,
            "eps_growth_yearly": 0
        },
        "20012": {
            "year_quarter": 20012,
            "year": 2001,
            "quarter": 2,
            "eps": 0.77,
            "eps_growth_year": null,
            "eps_4q": null,
            "eps_4q_growth_year": null,
            "roe": 5.21,
            "roe_4q": 10.33,
            "gross_profit": 48185,
            "gross_margin": 44.91,
            "gross_margin_4q_avg": 45.73,
            "net_income": 19092,
            "net_income_4q": null,
            "revenue": 107295,
            "revenue_4q": null,
            "common_shares": 293000,
            "book_valuer_per_share": 14.59,
            "book_valuer_per_share_4q_avg": 15,
            "equity": 427555,
            "current_ratio": 286.47,
            "debt_ratio": 30.23,
            "inventory_turnover_ratio": 0.35,
            "account_receivable_turnover_ratio": null,
            "reinvestment_rate": null,
            "research_to_sale_ratio": null,
            "price_fair": 0,
            "eps_avg_yearly": 0,
            "eps_latest_yearly": 0,
            "eps_growth_yearly": 0
        },
        "20013": {
            "year_quarter": 20013,
            "year": 2001,
            "quarter": 3,
            "eps": 0.46,
            "eps_growth_year": null,
            "eps_4q": null,
            "eps_4q_growth_year": null,
            "roe": 2.81,
            "roe_4q": 13.14,
            "gross_profit": 47912,
            "gross_margin": 44.17,
            "gross_margin_4q_avg": 45.21,
            "net_income": 12185,
            "net_income_4q": null,
            "revenue": 108476,
            "revenue_4q": null,
            "common_shares": 293000,
            "book_valuer_per_share": 15.01,
            "book_valuer_per_share_4q_avg": 15,
            "equity": 439740,
            "current_ratio": 309.62,
            "debt_ratio": 25.13,
            "inventory_turnover_ratio": 0.34,
            "account_receivable_turnover_ratio": null,
            "reinvestment_rate": null,
            "research_to_sale_ratio": null,
            "price_fair": 0,
            "eps_avg_yearly": 0,
            "eps_latest_yearly": 0,
            "eps_growth_yearly": 0
        },
        "20014": {
            "year_quarter": 20014,
            "year": 2001,
            "quarter": 4,
            "eps": 0.89,
            "eps_growth_year": null,
            "eps_4q": 2.62,
            "eps_4q_growth_year": null,
            "roe": 5.19,
            "roe_4q": 18.330000000000002,
            "gross_profit": 63767,
            "gross_margin": 46.25,
            "gross_margin_4q_avg": 45.47,
            "net_income": 24010,
            "net_income_4q": null,
            "revenue": 137877,
            "revenue_4q": null,
            "common_shares": 293000,
            "book_valuer_per_share": 15.88,
            "book_valuer_per_share_4q_avg": 15.22,
            "equity": 485462,
            "current_ratio": 350.41,
            "debt_ratio": 24.8,
            "inventory_turnover_ratio": 0.37,
            "account_receivable_turnover_ratio": null,
            "reinvestment_rate": null,
            "research_to_sale_ratio": null,
            "price_fair": 0,
            "eps_avg_yearly": 0,
            "eps_latest_yearly": 0,
            "eps_growth_yearly": 0
        },
        "20021": {
            "year_quarter": 20021,
            "year": 2002,
            "quarter": 1,
            "eps": 0.52,
            "eps_growth_year": -32.47,
            "eps_4q": 2.42,
            "eps_4q_growth_year": null,
            "roe": 3.13,
            "roe_4q": 16.34,
            "gross_profit": 58629,
            "gross_margin": 43.31,
            "gross_margin_4q_avg": 44.66,
            "net_income": 15128,
            "net_income_4q": null,
            "revenue": 135365,
            "revenue_4q": null,
            "common_shares": 293000,
            "book_valuer_per_share": 16.38,
            "book_valuer_per_share_4q_avg": 15.47,
            "equity": 479964,
            "current_ratio": 271.23,
            "debt_ratio": 26.9,
            "inventory_turnover_ratio": 0.38,
            "account_receivable_turnover_ratio": null,
            "reinvestment_rate": null,
            "research_to_sale_ratio": null,
            "price_fair": 6.24,
            "eps_avg_yearly": 2.08,
            "eps_latest_yearly": 2.08,
            "eps_growth_yearly": -166.29
        },
        "20022": {
            "year_quarter": 20022,
            "year": 2002,
            "quarter": 2,
            "eps": 1.09,
            "eps_growth_year": 41.56,
            "eps_4q": 2.83,
            "eps_4q_growth_year": null,
            "roe": 6.49,
            "roe_4q": 17.62,
            "gross_profit": 75019,
            "gross_margin": 43.66,
            "gross_margin_4q_avg": 44.35,
            "net_income": 32065,
            "net_income_4q": null,
            "revenue": 171817,
            "revenue_4q": null,
            "common_shares": 293000,
            "book_valuer_per_share": 17.32,
            "book_valuer_per_share_4q_avg": 16.15,
            "equity": 507457,
            "current_ratio": 453.71,
            "debt_ratio": 50.86,
            "inventory_turnover_ratio": 0.5,
            "account_receivable_turnover_ratio": null,
            "reinvestment_rate": null,
            "research_to_sale_ratio": null,
            "price_fair": 112.7,
            "eps_avg_yearly": 3.22,
            "eps_latest_yearly": 4.36,
            "eps_growth_yearly": 136.08
        },
        "20023": {
            "year_quarter": 20023,
            "year": 2002,
            "quarter": 3,
            "eps": 0.8,
            "eps_growth_year": 73.91,
            "eps_4q": 2.71,
            "eps_4q_growth_year": null,
            "roe": 5.68,
            "roe_4q": 20.490000000000002,
            "gross_profit": 82727,
            "gross_margin": 42.26,
            "gross_margin_4q_avg": 43.87,
            "net_income": 29834,
            "net_income_4q": null,
            "revenue": 195766,
            "revenue_4q": null,
            "common_shares": 372600,
            "book_valuer_per_share": 14.57,
            "book_valuer_per_share_4q_avg": 16.04,
            "equity": 542956,
            "current_ratio": 561.7,
            "debt_ratio": 44.14,
            "inventory_turnover_ratio": 0.59,
            "account_receivable_turnover_ratio": null,
            "reinvestment_rate": null,
            "research_to_sale_ratio": null,
            "price_fair": 112.47,
            "eps_avg_yearly": 3.21,
            "eps_latest_yearly": 3.2,
            "eps_growth_yearly": 55.25
        },
        "20024": {
            "year_quarter": 20024,
            "year": 2002,
            "quarter": 4,
            "eps": 0.81,
            "eps_growth_year": -8.99,
            "eps_4q": 2.88,
            "eps_4q_growth_year": 10.21,
            "roe": 5.23,
            "roe_4q": 20.529999999999998,
            "gross_profit": 95169,
            "gross_margin": 45.39,
            "gross_margin_4q_avg": 43.66,
            "net_income": 30078,
            "net_income_4q": null,
            "revenue": 209671,
            "revenue_4q": null,
            "common_shares": 372600,
            "book_valuer_per_share": 15.32,
            "book_valuer_per_share_4q_avg": 15.9,
            "equity": 607611,
            "current_ratio": 350.72,
            "debt_ratio": 47.88,
            "inventory_turnover_ratio": 0.5,
            "account_receivable_turnover_ratio": null,
            "reinvestment_rate": null,
            "research_to_sale_ratio": null,
            "price_fair": 112.7,
            "eps_avg_yearly": 3.22,
            "eps_latest_yearly": 3.24,
            "eps_growth_yearly": 42.69
        },
        "20031": {
            "year_quarter": 20031,
            "year": 2003,
            "quarter": 1,
            "eps": 0.55,
            "eps_growth_year": 5.77,
            "eps_4q": 3.03,
            "eps_4q_growth_year": 25.03,
            "roe": 3.41,
            "roe_4q": 20.810000000000002,
            "gross_profit": 91735,
            "gross_margin": 42.94,
            "gross_margin_4q_avg": 43.56,
            "net_income": 20430,
            "net_income_4q": null,
            "revenue": 213622,
            "revenue_4q": null,
            "common_shares": 372600,
            "book_valuer_per_share": 15.88,
            "book_valuer_per_share_4q_avg": 15.77,
            "equity": 591527,
            "current_ratio": 409.56,
            "debt_ratio": 45.87,
            "inventory_turnover_ratio": 0.47,
            "account_receivable_turnover_ratio": null,
            "reinvestment_rate": null,
            "research_to_sale_ratio": null,
            "price_fair": 55.71,
            "eps_avg_yearly": 3.02,
            "eps_latest_yearly": 2.2,
            "eps_growth_yearly": 8.47
        },
        "20032": {
            "year_quarter": 20032,
            "year": 2003,
            "quarter": 2,
            "eps": 1.33,
            "eps_growth_year": 22.02,
            "eps_4q": 3.08,
            "eps_4q_growth_year": 8.77,
            "roe": 9.47,
            "roe_4q": 23.79,
            "gross_profit": 123740,
            "gross_margin": 41.27,
            "gross_margin_4q_avg": 42.97,
            "net_income": 60944,
            "net_income_4q": null,
            "revenue": 299835,
            "revenue_4q": null,
            "common_shares": 388426,
            "book_valuer_per_share": 17.9,
            "book_valuer_per_share_4q_avg": 15.92,
            "equity": 695109,
            "current_ratio": 257,
            "debt_ratio": 46.56,
            "inventory_turnover_ratio": 0.62,
            "account_receivable_turnover_ratio": null,
            "reinvestment_rate": null,
            "research_to_sale_ratio": null,
            "price_fair": 119,
            "eps_avg_yearly": 3.4,
            "eps_latest_yearly": 5.32,
            "eps_growth_yearly": 101.6
        },
        "20033": {
            "year_quarter": 20033,
            "year": 2003,
            "quarter": 3,
            "eps": 0.83,
            "eps_growth_year": 3.75,
            "eps_4q": 3.22,
            "eps_4q_growth_year": 18.85,
            "roe": 5.35,
            "roe_4q": 23.46,
            "gross_profit": 131978,
            "gross_margin": 43.98,
            "gross_margin_4q_avg": 43.4,
            "net_income": 38706,
            "net_income_4q": null,
            "revenue": 300075,
            "revenue_4q": null,
            "common_shares": 481896,
            "book_valuer_per_share": 15.59,
            "book_valuer_per_share_4q_avg": 16.17,
            "equity": 751495,
            "current_ratio": 223.71,
            "debt_ratio": 48.55,
            "inventory_turnover_ratio": 0.52,
            "account_receivable_turnover_ratio": null,
            "reinvestment_rate": null,
            "research_to_sale_ratio": null,
            "price_fair": 118.6,
            "eps_avg_yearly": 3.39,
            "eps_latest_yearly": 3.32,
            "eps_growth_yearly": 65.61
        },
        "20034": {
            "year_quarter": 20034,
            "year": 2003,
            "quarter": 4,
            "eps": 0.78,
            "eps_growth_year": -3.7,
            "eps_4q": 3.34,
            "eps_4q_growth_year": 15.72,
            "roe": 4.62,
            "roe_4q": 22.849999999999998,
            "gross_profit": 109821,
            "gross_margin": 34.41,
            "gross_margin_4q_avg": 40.65,
            "net_income": 36619,
            "net_income_4q": null,
            "revenue": 319140,
            "revenue_4q": null,
            "common_shares": 484545,
            "book_valuer_per_share": 16.46,
            "book_valuer_per_share_4q_avg": 16.46,
            "equity": 833591,
            "current_ratio": 291.39,
            "debt_ratio": 43.87,
            "inventory_turnover_ratio": 0.59,
            "account_receivable_turnover_ratio": null,
            "reinvestment_rate": null,
            "research_to_sale_ratio": null,
            "price_fair": 117.43,
            "eps_avg_yearly": 3.36,
            "eps_latest_yearly": 3.12,
            "eps_growth_yearly": 54.39
        },
        "20041": {
            "year_quarter": 20041,
            "year": 2004,
            "quarter": 1,
            "eps": 1.05,
            "eps_growth_year": 90.91,
            "eps_4q": 3.86,
            "eps_4q_growth_year": 27.58,
            "roe": 6.04,
            "roe_4q": 25.479999999999997,
            "gross_profit": 132212,
            "gross_margin": 41.17,
            "gross_margin_4q_avg": 40.21,
            "net_income": 50906,
            "net_income_4q": null,
            "revenue": 321150,
            "revenue_4q": null,
            "common_shares": 486730,
            "book_valuer_per_share": 17.5,
            "book_valuer_per_share_4q_avg": 16.86,
            "equity": 851905,
            "current_ratio": 283.22,
            "debt_ratio": 42.5,
            "inventory_turnover_ratio": 0.49,
            "account_receivable_turnover_ratio": null,
            "reinvestment_rate": null,
            "research_to_sale_ratio": null,
            "price_fair": 120.71,
            "eps_avg_yearly": 3.45,
            "eps_latest_yearly": 4.2,
            "eps_growth_yearly": 63.73
        },
        "20042": {
            "year_quarter": 20042,
            "year": 2004,
            "quarter": 2,
            "eps": 1,
            "eps_growth_year": -24.81,
            "eps_4q": 3.02,
            "eps_4q_growth_year": -2.19,
            "roe": 7.12,
            "roe_4q": 23.130000000000003,
            "gross_profit": 177578,
            "gross_margin": 40.93,
            "gross_margin_4q_avg": 40.12,
            "net_income": 62623,
            "net_income_4q": null,
            "revenue": 433902,
            "revenue_4q": null,
            "common_shares": 630591,
            "book_valuer_per_share": 14.4,
            "book_valuer_per_share_4q_avg": 15.99,
            "equity": 908269,
            "current_ratio": 148.78,
            "debt_ratio": 46.29,
            "inventory_turnover_ratio": 0.6,
            "account_receivable_turnover_ratio": null,
            "reinvestment_rate": null,
            "research_to_sale_ratio": null,
            "price_fair": 122.64,
            "eps_avg_yearly": 3.5,
            "eps_latest_yearly": 4,
            "eps_growth_yearly": 55.46
        },
        "20043": {
            "year_quarter": 20043,
            "year": 2004,
            "quarter": 3,
            "eps": 0.77,
            "eps_growth_year": -7.23,
            "eps_4q": 3.17,
            "eps_4q_growth_year": -1.44,
            "roe": 5.13,
            "roe_4q": 22.91,
            "gross_profit": 124835,
            "gross_margin": 37.89,
            "gross_margin_4q_avg": 38.6,
            "net_income": 48103,
            "net_income_4q": null,
            "revenue": 329485,
            "revenue_4q": null,
            "common_shares": 633357,
            "book_valuer_per_share": 15.25,
            "book_valuer_per_share_4q_avg": 15.9,
            "equity": 965803,
            "current_ratio": 180.23,
            "debt_ratio": 38.03,
            "inventory_turnover_ratio": 0.47,
            "account_receivable_turnover_ratio": null,
            "reinvestment_rate": null,
            "research_to_sale_ratio": null,
            "price_fair": 121.29,
            "eps_avg_yearly": 3.47,
            "eps_latest_yearly": 3.08,
            "eps_growth_yearly": 42.05
        },
        "20044": {
            "year_quarter": 20044,
            "year": 2004,
            "quarter": 4,
            "eps": 0.49,
            "eps_growth_year": -37.18,
            "eps_4q": 3.03,
            "eps_4q_growth_year": -9.13,
            "roe": 3.08,
            "roe_4q": 21.37,
            "gross_profit": 117175,
            "gross_margin": 36.29,
            "gross_margin_4q_avg": 39.07,
            "net_income": 31146,
            "net_income_4q": null,
            "revenue": 322927,
            "revenue_4q": null,
            "common_shares": 639740,
            "book_valuer_per_share": 15.49,
            "book_valuer_per_share_4q_avg": 15.66,
            "equity": 1059763,
            "current_ratio": 202.2,
            "debt_ratio": 36.25,
            "inventory_turnover_ratio": 0.49,
            "account_receivable_turnover_ratio": null,
            "reinvestment_rate": 38.76,
            "research_to_sale_ratio": null,
            "price_fair": 116.9,
            "eps_avg_yearly": 3.34,
            "eps_latest_yearly": 1.96,
            "eps_growth_yearly": 26.43
        },
        "20051": {
            "year_quarter": 20051,
            "year": 2005,
            "quarter": 1,
            "eps": 0.46,
            "eps_growth_year": -56.19,
            "eps_4q": 2.69,
            "eps_4q_growth_year": -30.21,
            "roe": 2.85,
            "roe_4q": 18.18,
            "gross_profit": 120247,
            "gross_margin": 39.85,
            "gross_margin_4q_avg": 38.74,
            "net_income": 29210,
            "net_income_4q": null,
            "revenue": 301723,
            "revenue_4q": null,
            "common_shares": 642689,
            "book_valuer_per_share": 15.45,
            "book_valuer_per_share_4q_avg": 15.15,
            "equity": 993178,
            "current_ratio": 204.07,
            "debt_ratio": 32.97,
            "inventory_turnover_ratio": 0.5,
            "account_receivable_turnover_ratio": null,
            "reinvestment_rate": 26.1,
            "research_to_sale_ratio": null,
            "price_fair": 104.83,
            "eps_avg_yearly": 3.22,
            "eps_latest_yearly": 1.84,
            "eps_growth_yearly": 22.51
        },
        "20052": {
            "year_quarter": 20052,
            "year": 2005,
            "quarter": 2,
            "eps": 1.01,
            "eps_growth_year": 1,
            "eps_4q": 2.54,
            "eps_4q_growth_year": -15.63,
            "roe": 7.21,
            "roe_4q": 18.27,
            "gross_profit": 161254,
            "gross_margin": 43.35,
            "gross_margin_4q_avg": 39.35,
            "net_income": 71390,
            "net_income_4q": null,
            "revenue": 371987,
            "revenue_4q": null,
            "common_shares": 643069,
            "book_valuer_per_share": 15.34,
            "book_valuer_per_share_4q_avg": 15.38,
            "equity": 986369,
            "current_ratio": 181.3,
            "debt_ratio": 37.37,
            "inventory_turnover_ratio": 0.71,
            "account_receivable_turnover_ratio": null,
            "reinvestment_rate": 16.81,
            "research_to_sale_ratio": null,
            "price_fair": 114.9,
            "eps_avg_yearly": 3.28,
            "eps_latest_yearly": 4.04,
            "eps_growth_yearly": 55.06
        },
        "20053": {
            "year_quarter": 20053,
            "year": 2005,
            "quarter": 3,
            "eps": 0.85,
            "eps_growth_year": 10.39,
            "eps_4q": 2.7,
            "eps_4q_growth_year": -14.98,
            "roe": 5.74,
            "roe_4q": 18.88,
            "gross_profit": 148308,
            "gross_margin": 41.17,
            "gross_margin_4q_avg": 40.17,
            "net_income": 60597,
            "net_income_4q": null,
            "revenue": 360217,
            "revenue_4q": null,
            "common_shares": 734579,
            "book_valuer_per_share": 15.33,
            "book_valuer_per_share_4q_avg": 15.4,
            "equity": 1126120,
            "current_ratio": 221.48,
            "debt_ratio": 31.81,
            "inventory_turnover_ratio": 0.72,
            "account_receivable_turnover_ratio": null,
            "reinvestment_rate": 15.46,
            "research_to_sale_ratio": null,
            "price_fair": 115.17,
            "eps_avg_yearly": 3.29,
            "eps_latest_yearly": 3.4,
            "eps_growth_yearly": 47.17
        },
        "20054": {
            "year_quarter": 20054,
            "year": 2005,
            "quarter": 4,
            "eps": 1.53,
            "eps_growth_year": 212.24,
            "eps_4q": 3.79,
            "eps_4q_growth_year": 24.9,
            "roe": 9.29,
            "roe_4q": 25.09,
            "gross_profit": 219392,
            "gross_margin": 46.02,
            "gross_margin_4q_avg": 42.6,
            "net_income": 109217,
            "net_income_4q": null,
            "revenue": 476729,
            "revenue_4q": null,
            "common_shares": 746645,
            "book_valuer_per_share": 16.37,
            "book_valuer_per_share_4q_avg": 15.62,
            "equity": 1225888,
            "current_ratio": 218.31,
            "debt_ratio": 36.01,
            "inventory_turnover_ratio": 0.71,
            "account_receivable_turnover_ratio": null,
            "reinvestment_rate": 14.39,
            "research_to_sale_ratio": null,
            "price_fair": 121.36,
            "eps_avg_yearly": 3.47,
            "eps_latest_yearly": 6.12,
            "eps_growth_yearly": 64.22
        },
        "20061": {
            "year_quarter": 20061,
            "year": 2006,
            "quarter": 1,
            "eps": 1.27,
            "eps_growth_year": 176.09,
            "eps_4q": 4.51,
            "eps_4q_growth_year": 67.46,
            "roe": 7.31,
            "roe_4q": 29.549999999999997,
            "gross_profit": 223517,
            "gross_margin": 41.16,
            "gross_margin_4q_avg": 42.93,
            "net_income": 94493,
            "net_income_4q": null,
            "revenue": 542987,
            "revenue_4q": null,
            "common_shares": 763647,
            "book_valuer_per_share": 17.8,
            "book_valuer_per_share_4q_avg": 16.21,
            "equity": 1358993,
            "current_ratio": 228.36,
            "debt_ratio": 32.8,
            "inventory_turnover_ratio": 0.8,
            "account_receivable_turnover_ratio": null,
            "reinvestment_rate": 15.35,
            "research_to_sale_ratio": null,
            "price_fair": 127.93,
            "eps_avg_yearly": 3.66,
            "eps_latest_yearly": 5.08,
            "eps_growth_yearly": 70.36
        },
        "20062": {
            "year_quarter": 20062,
            "year": 2006,
            "quarter": 2,
            "eps": 0.83,
            "eps_growth_year": -17.82,
            "eps_4q": 3.71,
            "eps_4q_growth_year": 45.91,
            "roe": 5.59,
            "roe_4q": 27.93,
            "gross_profit": 199023,
            "gross_margin": 39.77,
            "gross_margin_4q_avg": 42.03,
            "net_income": 76102,
            "net_income_4q": null,
            "revenue": 500468,
            "revenue_4q": null,
            "common_shares": 770260,
            "book_valuer_per_share": 17.73,
            "book_valuer_per_share_4q_avg": 16.81,
            "equity": 1365641,
            "current_ratio": 225.22,
            "debt_ratio": 33.18,
            "inventory_turnover_ratio": 0.77,
            "account_receivable_turnover_ratio": null,
            "reinvestment_rate": 14.93,
            "research_to_sale_ratio": null,
            "price_fair": 125.65,
            "eps_avg_yearly": 3.59,
            "eps_latest_yearly": 3.32,
            "eps_growth_yearly": 34.3
        },
        "20063": {
            "year_quarter": 20063,
            "year": 2006,
            "quarter": 3,
            "eps": 0.7,
            "eps_growth_year": -17.65,
            "eps_4q": 3.76,
            "eps_4q_growth_year": 39.44,
            "roe": 4.47,
            "roe_4q": 26.659999999999997,
            "gross_profit": 181801,
            "gross_margin": 37.28,
            "gross_margin_4q_avg": 41.06,
            "net_income": 63965,
            "net_income_4q": null,
            "revenue": 487660,
            "revenue_4q": null,
            "common_shares": 965853,
            "book_valuer_per_share": 15.46,
            "book_valuer_per_share_4q_avg": 16.84,
            "equity": 1493509,
            "current_ratio": 308.01,
            "debt_ratio": 25.11,
            "inventory_turnover_ratio": 0.75,
            "account_receivable_turnover_ratio": null,
            "reinvestment_rate": 2.78,
            "research_to_sale_ratio": null,
            "price_fair": 124.78,
            "eps_avg_yearly": 3.57,
            "eps_latest_yearly": 2.8,
            "eps_growth_yearly": 37.04
        },
        "20064": {
            "year_quarter": 20064,
            "year": 2006,
            "quarter": 4,
            "eps": 0.62,
            "eps_growth_year": -59.48,
            "eps_4q": 3.16,
            "eps_4q_growth_year": -16.62,
            "roe": 3.76,
            "roe_4q": 21.13,
            "gross_profit": 172227,
            "gross_margin": 36.82,
            "gross_margin_4q_avg": 38.76,
            "net_income": 57288,
            "net_income_4q": null,
            "revenue": 467735,
            "revenue_4q": null,
            "common_shares": 969837,
            "book_valuer_per_share": 16.05,
            "book_valuer_per_share_4q_avg": 16.76,
            "equity": 1556421,
            "current_ratio": 291.77,
            "debt_ratio": 27.08,
            "inventory_turnover_ratio": 0.66,
            "account_receivable_turnover_ratio": null,
            "reinvestment_rate": 2.2,
            "research_to_sale_ratio": null,
            "price_fair": 123.11,
            "eps_avg_yearly": 3.52,
            "eps_latest_yearly": 2.48,
            "eps_growth_yearly": 33.87
        },
        "20071": {
            "year_quarter": 20071,
            "year": 2007,
            "quarter": 1,
            "eps": 0.8,
            "eps_growth_year": -37.01,
            "eps_4q": 2.84,
            "eps_4q_growth_year": -37.08,
            "roe": 4.81,
            "roe_4q": 18.63,
            "gross_profit": 185657,
            "gross_margin": 39.08,
            "gross_margin_4q_avg": 38.24,
            "net_income": 77443,
            "net_income_4q": null,
            "revenue": 475029,
            "revenue_4q": null,
            "common_shares": 980658,
            "book_valuer_per_share": 17,
            "book_valuer_per_share_4q_avg": 16.56,
            "equity": 1666851,
            "current_ratio": 345.59,
            "debt_ratio": 20.94,
            "inventory_turnover_ratio": 0.69,
            "account_receivable_turnover_ratio": null,
            "reinvestment_rate": 2.35,
            "research_to_sale_ratio": null,
            "price_fair": 125.3,
            "eps_avg_yearly": 3.58,
            "eps_latest_yearly": 3.2,
            "eps_growth_yearly": 49.15
        },
        "20072": {
            "year_quarter": 20072,
            "year": 2007,
            "quarter": 2,
            "eps": 0.66,
            "eps_growth_year": -20.48,
            "eps_4q": 2.6,
            "eps_4q_growth_year": -30,
            "roe": 4.19,
            "roe_4q": 17.23,
            "gross_profit": 195698,
            "gross_margin": 39.17,
            "gross_margin_4q_avg": 38.09,
            "net_income": 67637,
            "net_income_4q": null,
            "revenue": 499604,
            "revenue_4q": null,
            "common_shares": 996467,
            "book_valuer_per_share": 15.64,
            "book_valuer_per_share_4q_avg": 16.04,
            "equity": 1558903,
            "current_ratio": 254.86,
            "debt_ratio": 27.27,
            "inventory_turnover_ratio": 0.89,
            "account_receivable_turnover_ratio": null,
            "reinvestment_rate": 2.54,
            "research_to_sale_ratio": null,
            "price_fair": 65.93,
            "eps_avg_yearly": 3.41,
            "eps_latest_yearly": 2.64,
            "eps_growth_yearly": 9.32
        },
        "20073": {
            "year_quarter": 20073,
            "year": 2007,
            "quarter": 3,
            "eps": 1,
            "eps_growth_year": 42.86,
            "eps_4q": 2.95,
            "eps_4q_growth_year": -21.46,
            "roe": 6.42,
            "roe_4q": 19.18,
            "gross_profit": 207806,
            "gross_margin": 40.4,
            "gross_margin_4q_avg": 38.87,
            "net_income": 103518,
            "net_income_4q": null,
            "revenue": 514369,
            "revenue_4q": null,
            "common_shares": 1055542,
            "book_valuer_per_share": 15.78,
            "book_valuer_per_share_4q_avg": 16.12,
            "equity": 1665977,
            "current_ratio": 353.52,
            "debt_ratio": 20.26,
            "inventory_turnover_ratio": 0.91,
            "account_receivable_turnover_ratio": null,
            "reinvestment_rate": 0.82,
            "research_to_sale_ratio": null,
            "price_fair": 120.93,
            "eps_avg_yearly": 3.46,
            "eps_latest_yearly": 4,
            "eps_growth_yearly": 31.6
        },
        "20074": {
            "year_quarter": 20074,
            "year": 2007,
            "quarter": 4,
            "eps": 1.34,
            "eps_growth_year": 116.13,
            "eps_4q": 3.74,
            "eps_4q_growth_year": 18.29,
            "roe": 7.97,
            "roe_4q": 23.39,
            "gross_profit": 264876,
            "gross_margin": 45.2,
            "gross_margin_4q_avg": 40.96,
            "net_income": 139017,
            "net_income_4q": null,
            "revenue": 585990,
            "revenue_4q": null,
            "common_shares": 1056442,
            "book_valuer_per_share": 17.27,
            "book_valuer_per_share_4q_avg": 16.42,
            "equity": 1824463,
            "current_ratio": 316.69,
            "debt_ratio": 23.98,
            "inventory_turnover_ratio": 0.78,
            "account_receivable_turnover_ratio": null,
            "reinvestment_rate": 9.66,
            "research_to_sale_ratio": null,
            "price_fair": 125.83,
            "eps_avg_yearly": 3.6,
            "eps_latest_yearly": 5.36,
            "eps_growth_yearly": 41.6
        },
        "20081": {
            "year_quarter": 20081,
            "year": 2008,
            "quarter": 1,
            "eps": 0.67,
            "eps_growth_year": -16.25,
            "eps_4q": 3.64,
            "eps_4q_growth_year": 28.38,
            "roe": 3.82,
            "roe_4q": 22.400000000000002,
            "gross_profit": 283173,
            "gross_margin": 47.33,
            "gross_margin_4q_avg": 43.03,
            "net_income": 69868,
            "net_income_4q": null,
            "revenue": 598251,
            "revenue_4q": null,
            "common_shares": 1037679,
            "book_valuer_per_share": 17.67,
            "book_valuer_per_share_4q_avg": 16.59,
            "equity": 1833235,
            "current_ratio": 344.37,
            "debt_ratio": 24.22,
            "inventory_turnover_ratio": 0.64,
            "account_receivable_turnover_ratio": null,
            "reinvestment_rate": 18.61,
            "research_to_sale_ratio": null,
            "price_fair": 106.57,
            "eps_avg_yearly": 3.5,
            "eps_latest_yearly": 2.68,
            "eps_growth_yearly": 20.45
        },
        "20082": {
            "year_quarter": 20082,
            "year": 2008,
            "quarter": 2,
            "eps": 0.83,
            "eps_growth_year": 25.76,
            "eps_4q": 3.55,
            "eps_4q_growth_year": 36.79,
            "roe": 5.37,
            "roe_4q": 23.58,
            "gross_profit": 408024,
            "gross_margin": 44.63,
            "gross_margin_4q_avg": 44.39,
            "net_income": 95154,
            "net_income_4q": null,
            "revenue": 914283,
            "revenue_4q": null,
            "common_shares": 1038569,
            "book_valuer_per_share": 16.46,
            "book_valuer_per_share_4q_avg": 16.8,
            "equity": 1709361,
            "current_ratio": 186.64,
            "debt_ratio": 44.1,
            "inventory_turnover_ratio": 0.96,
            "account_receivable_turnover_ratio": null,
            "reinvestment_rate": 21.88,
            "research_to_sale_ratio": null,
            "price_fair": 121.01,
            "eps_avg_yearly": 3.46,
            "eps_latest_yearly": 3.32,
            "eps_growth_yearly": 27.61
        },
        "20083": {
            "year_quarter": 20083,
            "year": 2008,
            "quarter": 3,
            "eps": 0.58,
            "eps_growth_year": -42,
            "eps_4q": 3.26,
            "eps_4q_growth_year": 10.44,
            "roe": 3.75,
            "roe_4q": 20.91,
            "gross_profit": 354540,
            "gross_margin": 42.61,
            "gross_margin_4q_avg": 44.94,
            "net_income": 65719,
            "net_income_4q": null,
            "revenue": 832035,
            "revenue_4q": null,
            "common_shares": 1141745,
            "book_valuer_per_share": 15.71,
            "book_valuer_per_share_4q_avg": 16.78,
            "equity": 1793797,
            "current_ratio": 189.51,
            "debt_ratio": 41.51,
            "inventory_turnover_ratio": 0.84,
            "account_receivable_turnover_ratio": null,
            "reinvestment_rate": 24.43,
            "research_to_sale_ratio": null,
            "price_fair": 119.35,
            "eps_avg_yearly": 3.41,
            "eps_latest_yearly": 2.32,
            "eps_growth_yearly": 25.83
        },
        "20084": {
            "year_quarter": 20084,
            "year": 2008,
            "quarter": 4,
            "eps": 0.09,
            "eps_growth_year": -93.28,
            "eps_4q": 2.2,
            "eps_4q_growth_year": -41.2,
            "roe": 0.55,
            "roe_4q": 13.49,
            "gross_profit": 298511,
            "gross_margin": 38.31,
            "gross_margin_4q_avg": 43.22,
            "net_income": 9857,
            "net_income_4q": null,
            "revenue": 779239,
            "revenue_4q": null,
            "common_shares": 1142245,
            "book_valuer_per_share": 15.68,
            "book_valuer_per_share_4q_avg": 16.38,
            "equity": 1791520,
            "current_ratio": 191.06,
            "debt_ratio": 39.91,
            "inventory_turnover_ratio": 0.85,
            "account_receivable_turnover_ratio": 2.62,
            "reinvestment_rate": 21.66,
            "research_to_sale_ratio": null,
            "price_fair": 78.77,
            "eps_avg_yearly": 3.31,
            "eps_latest_yearly": 0.36,
            "eps_growth_yearly": 13.8
        },
        "20091": {
            "year_quarter": 20091,
            "year": 2009,
            "quarter": 1,
            "eps": 0.2,
            "eps_growth_year": -70.15,
            "eps_4q": 1.72,
            "eps_4q_growth_year": -52.72,
            "roe": 1.24,
            "roe_4q": 10.91,
            "gross_profit": 263886,
            "gross_margin": 44.21,
            "gross_margin_4q_avg": 42.44,
            "net_income": 22419,
            "net_income_4q": null,
            "revenue": 596933,
            "revenue_4q": null,
            "common_shares": 1143445,
            "book_valuer_per_share": 16.04,
            "book_valuer_per_share_4q_avg": 15.97,
            "equity": 1834087,
            "current_ratio": 212.73,
            "debt_ratio": 36.43,
            "inventory_turnover_ratio": 0.64,
            "account_receivable_turnover_ratio": 1,
            "reinvestment_rate": 27.14,
            "research_to_sale_ratio": null,
            "price_fair": 113.58,
            "eps_avg_yearly": 3.25,
            "eps_latest_yearly": 0.8,
            "eps_growth_yearly": 45.89
        },
        "20092": {
            "year_quarter": 20092,
            "year": 2009,
            "quarter": 2,
            "eps": 0.12,
            "eps_growth_year": -85.54,
            "eps_4q": 0.95,
            "eps_4q_growth_year": -73.19,
            "roe": 0.8,
            "roe_4q": 6.34,
            "gross_profit": 299836,
            "gross_margin": 48.49,
            "gross_margin_4q_avg": 43.41,
            "net_income": 14145,
            "net_income_4q": null,
            "revenue": 618292,
            "revenue_4q": null,
            "common_shares": 1143445,
            "book_valuer_per_share": 15.02,
            "book_valuer_per_share_4q_avg": 15.61,
            "equity": 1720796,
            "current_ratio": 178.58,
            "debt_ratio": 38.27,
            "inventory_turnover_ratio": 0.64,
            "account_receivable_turnover_ratio": 1.07,
            "reinvestment_rate": 27.54,
            "research_to_sale_ratio": null,
            "price_fair": 48.34,
            "eps_avg_yearly": 3.02,
            "eps_latest_yearly": 0.48,
            "eps_growth_yearly": 5.99
        },
        "20093": {
            "year_quarter": 20093,
            "year": 2009,
            "quarter": 3,
            "eps": 0.32,
            "eps_growth_year": -44.83,
            "eps_4q": 0.72,
            "eps_4q_growth_year": -78.07,
            "roe": 2.18,
            "roe_4q": 4.7700000000000005,
            "gross_profit": 247806,
            "gross_margin": 37.71,
            "gross_margin_4q_avg": 42.18,
            "net_income": 37941,
            "net_income_4q": null,
            "revenue": 657156,
            "revenue_4q": null,
            "common_shares": 1199577,
            "book_valuer_per_share": 14.61,
            "book_valuer_per_share_4q_avg": 15.34,
            "equity": 1756553,
            "current_ratio": 178.24,
            "debt_ratio": 37.92,
            "inventory_turnover_ratio": 0.77,
            "account_receivable_turnover_ratio": 1.12,
            "reinvestment_rate": 27.57,
            "research_to_sale_ratio": null,
            "price_fair": 101.15,
            "eps_avg_yearly": 2.89,
            "eps_latest_yearly": 1.28,
            "eps_growth_yearly": 51.62
        },
        "20094": {
            "year_quarter": 20094,
            "year": 2009,
            "quarter": 4,
            "eps": 0.76,
            "eps_growth_year": 744.44,
            "eps_4q": 1.4,
            "eps_4q_growth_year": -36.47,
            "roe": 4.99,
            "roe_4q": 9.209999999999999,
            "gross_profit": 423060,
            "gross_margin": 52.91,
            "gross_margin_4q_avg": 45.83,
            "net_income": 89758,
            "net_income_4q": null,
            "revenue": 799525,
            "revenue_4q": null,
            "common_shares": 1199577,
            "book_valuer_per_share": 15.55,
            "book_valuer_per_share_4q_avg": 15.31,
            "equity": 1840508,
            "current_ratio": 159.45,
            "debt_ratio": 41.35,
            "inventory_turnover_ratio": 0.68,
            "account_receivable_turnover_ratio": 2.58,
            "reinvestment_rate": 33.89,
            "research_to_sale_ratio": null,
            "price_fair": 94.41,
            "eps_avg_yearly": 2.7,
            "eps_latest_yearly": 3.04,
            "eps_growth_yearly": 66
        },
        "20101": {
            "year_quarter": 20101,
            "year": 2010,
            "quarter": 1,
            "eps": 0.8,
            "eps_growth_year": 300,
            "eps_4q": 2,
            "eps_4q_growth_year": 16.21,
            "roe": 5.09,
            "roe_4q": 13.06,
            "gross_profit": 407973,
            "gross_margin": 46.58,
            "gross_margin_4q_avg": 46.42,
            "net_income": 96186,
            "net_income_4q": null,
            "revenue": 875909,
            "revenue_4q": null,
            "common_shares": 1201590,
            "book_valuer_per_share": 16.33,
            "book_valuer_per_share_4q_avg": 15.38,
            "equity": 1941418,
            "current_ratio": 144.41,
            "debt_ratio": 44.33,
            "inventory_turnover_ratio": 0.73,
            "account_receivable_turnover_ratio": 1.27,
            "reinvestment_rate": 49.31,
            "research_to_sale_ratio": 10.63,
            "price_fair": 90.3,
            "eps_avg_yearly": 2.58,
            "eps_latest_yearly": 3.2,
            "eps_growth_yearly": 71.56
        },
        "20102": {
            "year_quarter": 20102,
            "year": 2010,
            "quarter": 2,
            "eps": 1.51,
            "eps_growth_year": 1161.28,
            "eps_4q": 3.39,
            "eps_4q_growth_year": 255.8,
            "roe": 9.19,
            "roe_4q": 21.45,
            "gross_profit": 501196,
            "gross_margin": 44.58,
            "gross_margin_4q_avg": 45.45,
            "net_income": 181297,
            "net_income_4q": null,
            "revenue": 1124336,
            "revenue_4q": null,
            "common_shares": 1201590,
            "book_valuer_per_share": 16.8,
            "book_valuer_per_share_4q_avg": 15.82,
            "equity": 2004343,
            "current_ratio": 137.11,
            "debt_ratio": 52.7,
            "inventory_turnover_ratio": 0.74,
            "account_receivable_turnover_ratio": 1.23,
            "reinvestment_rate": 164.68,
            "research_to_sale_ratio": 8.87,
            "price_fair": 96.25,
            "eps_avg_yearly": 2.75,
            "eps_latest_yearly": 6.04,
            "eps_growth_yearly": 102.41
        },
        "20103": {
            "year_quarter": 20103,
            "year": 2010,
            "quarter": 3,
            "eps": 1.69,
            "eps_growth_year": 426.72,
            "eps_4q": 4.75,
            "eps_4q_growth_year": 563.71,
            "roe": 9.62,
            "roe_4q": 28.89,
            "gross_profit": 610125,
            "gross_margin": 45.31,
            "gross_margin_4q_avg": 47.35,
            "net_income": 202470,
            "net_income_4q": null,
            "revenue": 1346507,
            "revenue_4q": null,
            "common_shares": 1201590,
            "book_valuer_per_share": 18.45,
            "book_valuer_per_share_4q_avg": 16.78,
            "equity": 2205452,
            "current_ratio": 145.73,
            "debt_ratio": 52.56,
            "inventory_turnover_ratio": 0.75,
            "account_receivable_turnover_ratio": 1.16,
            "reinvestment_rate": 54.76,
            "research_to_sale_ratio": 7.22,
            "price_fair": 104.91,
            "eps_avg_yearly": 3,
            "eps_latest_yearly": 6.76,
            "eps_growth_yearly": 109.3
        },
        "20104": {
            "year_quarter": 20104,
            "year": 2010,
            "quarter": 4,
            "eps": 1.04,
            "eps_growth_year": 36.68,
            "eps_4q": 5.03,
            "eps_4q_growth_year": 260.74,
            "roe": 5.42,
            "roe_4q": 29.319999999999997,
            "gross_profit": 545536,
            "gross_margin": 44.12,
            "gross_margin_4q_avg": 45.15,
            "net_income": 121648,
            "net_income_4q": null,
            "revenue": 1236423,
            "revenue_4q": null,
            "common_shares": 1201590,
            "book_valuer_per_share": 19.12,
            "book_valuer_per_share_4q_avg": 17.68,
            "equity": 2282255,
            "current_ratio": 161.23,
            "debt_ratio": 46.56,
            "inventory_turnover_ratio": 0.69,
            "account_receivable_turnover_ratio": 1.13,
            "reinvestment_rate": 47.9,
            "research_to_sale_ratio": 9.12,
            "price_fair": 108.59,
            "eps_avg_yearly": 3.1,
            "eps_latest_yearly": 4.16,
            "eps_growth_yearly": 102.55
        },
        "20111": {
            "year_quarter": 20111,
            "year": 2011,
            "quarter": 1,
            "eps": 0.85,
            "eps_growth_year": 6.25,
            "eps_4q": 5.08,
            "eps_4q_growth_year": 153.58,
            "roe": 4.33,
            "roe_4q": 28.559999999999995,
            "gross_profit": 495094,
            "gross_margin": 40.93,
            "gross_margin_4q_avg": 43.74,
            "net_income": 101410,
            "net_income_4q": null,
            "revenue": 1209471,
            "revenue_4q": null,
            "common_shares": 1201590,
            "book_valuer_per_share": 20.09,
            "book_valuer_per_share_4q_avg": 18.62,
            "equity": 2401811,
            "current_ratio": 157.15,
            "debt_ratio": 49.19,
            "inventory_turnover_ratio": 0.67,
            "account_receivable_turnover_ratio": 1.21,
            "reinvestment_rate": 53.76,
            "research_to_sale_ratio": 8.27,
            "price_fair": 109.03,
            "eps_avg_yearly": 3.12,
            "eps_latest_yearly": 3.4,
            "eps_growth_yearly": 90.72
        },
        "20112": {
            "year_quarter": 20112,
            "year": 2011,
            "quarter": 2,
            "eps": 0.89,
            "eps_growth_year": -41.27,
            "eps_4q": 3.99,
            "eps_4q_growth_year": 17.74,
            "roe": 5.3,
            "roe_4q": 24.669999999999998,
            "gross_profit": 586548,
            "gross_margin": 43.05,
            "gross_margin_4q_avg": 43.35,
            "net_income": 122324,
            "net_income_4q": null,
            "revenue": 1362461,
            "revenue_4q": null,
            "common_shares": 1201590,
            "book_valuer_per_share": 18.53,
            "book_valuer_per_share_4q_avg": 19.05,
            "equity": 2216737,
            "current_ratio": 138.13,
            "debt_ratio": 55.35,
            "inventory_turnover_ratio": 0.64,
            "account_receivable_turnover_ratio": 1.17,
            "reinvestment_rate": 53.43,
            "research_to_sale_ratio": 9.1,
            "price_fair": 111.04,
            "eps_avg_yearly": 3.17,
            "eps_latest_yearly": 3.56,
            "eps_growth_yearly": 96.27
        },
        "20113": {
            "year_quarter": 20113,
            "year": 2011,
            "quarter": 3,
            "eps": 0.77,
            "eps_growth_year": -54.51,
            "eps_4q": 3.29,
            "eps_4q_growth_year": -30.73,
            "roe": 4.56,
            "roe_4q": 19.61,
            "gross_profit": 552143,
            "gross_margin": 44.32,
            "gross_margin_4q_avg": 43.11,
            "net_income": 105462,
            "net_income_4q": null,
            "revenue": 1245825,
            "revenue_4q": null,
            "common_shares": 1380539,
            "book_valuer_per_share": 17.45,
            "book_valuer_per_share_4q_avg": 18.8,
            "equity": 2405756,
            "current_ratio": 150.61,
            "debt_ratio": 50.53,
            "inventory_turnover_ratio": 0.54,
            "account_receivable_turnover_ratio": 1.04,
            "reinvestment_rate": 58.81,
            "research_to_sale_ratio": 11.7,
            "price_fair": 109.03,
            "eps_avg_yearly": 3.12,
            "eps_latest_yearly": 3.08,
            "eps_growth_yearly": 80.02
        },
        "20114": {
            "year_quarter": 20114,
            "year": 2011,
            "quarter": 4,
            "eps": 0.63,
            "eps_growth_year": -38.89,
            "eps_4q": 3.03,
            "eps_4q_growth_year": -39.9,
            "roe": 3.52,
            "roe_4q": 17.71,
            "gross_profit": 522852,
            "gross_margin": 44,
            "gross_margin_4q_avg": 43.08,
            "net_income": 86023,
            "net_income_4q": null,
            "revenue": 1188374,
            "revenue_4q": null,
            "common_shares": 1374789,
            "book_valuer_per_share": 18.05,
            "book_valuer_per_share_4q_avg": 18.53,
            "equity": 2487485,
            "current_ratio": 175.93,
            "debt_ratio": 47.06,
            "inventory_turnover_ratio": 0.54,
            "account_receivable_turnover_ratio": 1.14,
            "reinvestment_rate": 49.69,
            "research_to_sale_ratio": 13.08,
            "price_fair": 102.81,
            "eps_avg_yearly": 2.94,
            "eps_latest_yearly": 2.52,
            "eps_growth_yearly": 66.98
        },
        "20121": {
            "year_quarter": 20121,
            "year": 2012,
            "quarter": 1,
            "eps": 0.31,
            "eps_growth_year": -63.53,
            "eps_4q": 2.6,
            "eps_4q_growth_year": -48.76,
            "roe": 1.7,
            "roe_4q": 15.079999999999998,
            "gross_profit": 542024,
            "gross_margin": 41.13,
            "gross_margin_4q_avg": 43.13,
            "net_income": 42413,
            "net_income_4q": null,
            "revenue": 1317793,
            "revenue_4q": null,
            "common_shares": 1374789,
            "book_valuer_per_share": 18.2,
            "book_valuer_per_share_4q_avg": 18.06,
            "equity": 2507533,
            "current_ratio": 181.27,
            "debt_ratio": 47.92,
            "inventory_turnover_ratio": 0.66,
            "account_receivable_turnover_ratio": 1.37,
            "reinvestment_rate": 44.95,
            "research_to_sale_ratio": 11.14,
            "price_fair": 99.66,
            "eps_avg_yearly": 2.85,
            "eps_latest_yearly": 1.24,
            "eps_growth_yearly": 66.78
        },
        "20122": {
            "year_quarter": 20122,
            "year": 2012,
            "quarter": 2,
            "eps": 0.4,
            "eps_growth_year": -54.46,
            "eps_4q": 1.9,
            "eps_4q_growth_year": -52.51,
            "roe": 2.6,
            "roe_4q": 12.379999999999999,
            "gross_profit": 573010,
            "gross_margin": 39.3,
            "gross_margin_4q_avg": 42.19,
            "net_income": 64369,
            "net_income_4q": null,
            "revenue": 1458214,
            "revenue_4q": null,
            "common_shares": 1374789,
            "book_valuer_per_share": 17.71,
            "book_valuer_per_share_4q_avg": 17.85,
            "equity": 2440837,
            "current_ratio": 159.83,
            "debt_ratio": 50.32,
            "inventory_turnover_ratio": 0.76,
            "account_receivable_turnover_ratio": 1.36,
            "reinvestment_rate": 43.27,
            "research_to_sale_ratio": 11.43,
            "price_fair": 95.9,
            "eps_avg_yearly": 2.74,
            "eps_latest_yearly": 1.6,
            "eps_growth_yearly": 68.07
        },
        "20123": {
            "year_quarter": 20123,
            "year": 2012,
            "quarter": 3,
            "eps": 0.31,
            "eps_growth_year": -59.6,
            "eps_4q": 1.54,
            "eps_4q_growth_year": -53.24,
            "roe": 2.02,
            "roe_4q": 9.84,
            "gross_profit": 576414,
            "gross_margin": 41.67,
            "gross_margin_4q_avg": 41.53,
            "net_income": 49552,
            "net_income_4q": null,
            "revenue": 1383123,
            "revenue_4q": null,
            "common_shares": 1581007,
            "book_valuer_per_share": 15.52,
            "book_valuer_per_share_4q_avg": 17.37,
            "equity": 2460919,
            "current_ratio": 150.22,
            "debt_ratio": 51.62,
            "inventory_turnover_ratio": 0.66,
            "account_receivable_turnover_ratio": 1.21,
            "reinvestment_rate": 38.47,
            "research_to_sale_ratio": 16.31,
            "price_fair": 93.54,
            "eps_avg_yearly": 2.67,
            "eps_latest_yearly": 1.24,
            "eps_growth_yearly": 69.97
        },
        "20124": {
            "year_quarter": 20124,
            "year": 2012,
            "quarter": 4,
            "eps": 0.24,
            "eps_growth_year": -62.48,
            "eps_4q": 1.23,
            "eps_4q_growth_year": -59.51,
            "roe": 1.51,
            "roe_4q": 7.830000000000001,
            "gross_profit": 599138,
            "gross_margin": 41.71,
            "gross_margin_4q_avg": 40.95,
            "net_income": 37273,
            "net_income_4q": null,
            "revenue": 1436318,
            "revenue_4q": null,
            "common_shares": 1581007,
            "book_valuer_per_share": 15.72,
            "book_valuer_per_share_4q_avg": 16.79,
            "equity": 2490172,
            "current_ratio": 153.87,
            "debt_ratio": 49.18,
            "inventory_turnover_ratio": 0.69,
            "account_receivable_turnover_ratio": 1.31,
            "reinvestment_rate": 35.08,
            "research_to_sale_ratio": 14.52,
            "price_fair": 94.85,
            "eps_avg_yearly": 2.71,
            "eps_latest_yearly": 0.96,
            "eps_growth_yearly": 85.45
        },
        "20131": {
            "year_quarter": 20131,
            "year": 2013,
            "quarter": 1,
            "eps": 0.27,
            "eps_growth_year": -12.9,
            "eps_4q": 1.15,
            "eps_4q_growth_year": -55.9,
            "roe": 1.66,
            "roe_4q": 7.789999999999999,
            "gross_profit": 550824,
            "gross_margin": 40.76,
            "gross_margin_4q_avg": 40.86,
            "net_income": 45297,
            "net_income_4q": null,
            "revenue": 1351234,
            "revenue_4q": null,
            "common_shares": 1707094,
            "book_valuer_per_share": 17.44,
            "book_valuer_per_share_4q_avg": 16.6,
            "equity": 2982482,
            "current_ratio": 180.94,
            "debt_ratio": 43.18,
            "inventory_turnover_ratio": 0.69,
            "account_receivable_turnover_ratio": 1.27,
            "reinvestment_rate": 34.74,
            "research_to_sale_ratio": 13.97,
            "price_fair": 95.46,
            "eps_avg_yearly": 2.73,
            "eps_latest_yearly": 1.08,
            "eps_growth_yearly": 58.02
        },
        "20132": {
            "year_quarter": 20132,
            "year": 2013,
            "quarter": 2,
            "eps": 1,
            "eps_growth_year": 147.01,
            "eps_4q": 1.78,
            "eps_4q_growth_year": -6.27,
            "roe": 5.74,
            "roe_4q": 10.93,
            "gross_profit": 747890,
            "gross_margin": 41.17,
            "gross_margin_4q_avg": 41.33,
            "net_income": 171696,
            "net_income_4q": null,
            "revenue": 1816428,
            "revenue_4q": null,
            "common_shares": 1707094,
            "book_valuer_per_share": 17.56,
            "book_valuer_per_share_4q_avg": 16.56,
            "equity": 3003345,
            "current_ratio": 161.95,
            "debt_ratio": 46.63,
            "inventory_turnover_ratio": 0.89,
            "account_receivable_turnover_ratio": 1.41,
            "reinvestment_rate": 31.94,
            "research_to_sale_ratio": 11.26,
            "price_fair": 103.16,
            "eps_avg_yearly": 2.95,
            "eps_latest_yearly": 4,
            "eps_growth_yearly": 135.61
        },
        "20133": {
            "year_quarter": 20133,
            "year": 2013,
            "quarter": 3,
            "eps": 0.69,
            "eps_growth_year": 122.75,
            "eps_4q": 2.18,
            "eps_4q_growth_year": 41.9,
            "roe": 3.9,
            "roe_4q": 12.81,
            "gross_profit": 689663,
            "gross_margin": 40.33,
            "gross_margin_4q_avg": 40.99,
            "net_income": 119272,
            "net_income_4q": null,
            "revenue": 1710158,
            "revenue_4q": null,
            "common_shares": 1707809,
            "book_valuer_per_share": 18.2,
            "book_valuer_per_share_4q_avg": 17.23,
            "equity": 3113498,
            "current_ratio": 165.52,
            "debt_ratio": 44.72,
            "inventory_turnover_ratio": 0.81,
            "account_receivable_turnover_ratio": 1.17,
            "reinvestment_rate": 29.05,
            "research_to_sale_ratio": 11.82,
            "price_fair": 106.4,
            "eps_avg_yearly": 3.04,
            "eps_latest_yearly": 2.76,
            "eps_growth_yearly": 86.19
        },
        "20134": {
            "year_quarter": 20134,
            "year": 2013,
            "quarter": 4,
            "eps": 0.47,
            "eps_growth_year": 95.37,
            "eps_4q": 2.43,
            "eps_4q_growth_year": 98.11,
            "roe": 2.52,
            "roe_4q": 13.82,
            "gross_profit": 642652,
            "gross_margin": 40.12,
            "gross_margin_4q_avg": 40.6,
            "net_income": 79579,
            "net_income_4q": null,
            "revenue": 1602014,
            "revenue_4q": null,
            "common_shares": 1709224,
            "book_valuer_per_share": 18.7,
            "book_valuer_per_share_4q_avg": 17.98,
            "equity": 3201701,
            "current_ratio": 180.61,
            "debt_ratio": 40.18,
            "inventory_turnover_ratio": 0.78,
            "account_receivable_turnover_ratio": 1.2,
            "reinvestment_rate": 22.73,
            "research_to_sale_ratio": 13.88,
            "price_fair": 103.86,
            "eps_avg_yearly": 2.97,
            "eps_latest_yearly": 1.88,
            "eps_growth_yearly": 43.85
        },
        "20141": {
            "year_quarter": 20141,
            "year": 2014,
            "quarter": 1,
            "eps": 0.63,
            "eps_growth_year": 133.33,
            "eps_4q": 2.79,
            "eps_4q_growth_year": 143.27,
            "roe": 3.32,
            "roe_4q": 15.48,
            "gross_profit": 730071,
            "gross_margin": 43.73,
            "gross_margin_4q_avg": 41.34,
            "net_income": 108677,
            "net_income_4q": null,
            "revenue": 1669323,
            "revenue_4q": null,
            "common_shares": 1709874,
            "book_valuer_per_share": 19.51,
            "book_valuer_per_share_4q_avg": 18.49,
            "equity": 3343374,
            "current_ratio": 168.91,
            "debt_ratio": 42.35,
            "inventory_turnover_ratio": 0.75,
            "account_receivable_turnover_ratio": 1.33,
            "reinvestment_rate": 12.91,
            "research_to_sale_ratio": 14.9,
            "price_fair": 102.38,
            "eps_avg_yearly": 2.93,
            "eps_latest_yearly": 2.52,
            "eps_growth_yearly": 51.04
        },
        "20142": {
            "year_quarter": 20142,
            "year": 2014,
            "quarter": 2,
            "eps": 1.09,
            "eps_growth_year": 9,
            "eps_4q": 2.76,
            "eps_4q_growth_year": 55.5,
            "roe": 6.08,
            "roe_4q": 15.82,
            "gross_profit": 937129,
            "gross_margin": 41.56,
            "gross_margin_4q_avg": 41.44,
            "net_income": 200561,
            "net_income_4q": null,
            "revenue": 2254937,
            "revenue_4q": null,
            "common_shares": 1710664,
            "book_valuer_per_share": 18.98,
            "book_valuer_per_share_4q_avg": 18.85,
            "equity": 3254794,
            "current_ratio": 150.44,
            "debt_ratio": 48.76,
            "inventory_turnover_ratio": 0.9,
            "account_receivable_turnover_ratio": 1.52,
            "reinvestment_rate": -73.05,
            "research_to_sale_ratio": 11.1,
            "price_fair": 98.7,
            "eps_avg_yearly": 2.82,
            "eps_latest_yearly": 4.36,
            "eps_growth_yearly": 47.11
        },
        "20143": {
            "year_quarter": 20143,
            "year": 2014,
            "quarter": 3,
            "eps": 0.83,
            "eps_growth_year": 20.29,
            "eps_4q": 2.94,
            "eps_4q_growth_year": 34.76,
            "roe": 4.55,
            "roe_4q": 16.47,
            "gross_profit": 842496,
            "gross_margin": 41.34,
            "gross_margin_4q_avg": 41.69,
            "net_income": 151951,
            "net_income_4q": null,
            "revenue": 2037800,
            "revenue_4q": null,
            "common_shares": 1832905,
            "book_valuer_per_share": 18.63,
            "book_valuer_per_share_4q_avg": 18.96,
            "equity": 3421140,
            "current_ratio": 158.6,
            "debt_ratio": 46.63,
            "inventory_turnover_ratio": 0.72,
            "account_receivable_turnover_ratio": 1.25,
            "reinvestment_rate": 3.75,
            "research_to_sale_ratio": 13.3,
            "price_fair": 91.18,
            "eps_avg_yearly": 2.61,
            "eps_latest_yearly": 3.32,
            "eps_growth_yearly": 38.16
        },
        "20144": {
            "year_quarter": 20144,
            "year": 2014,
            "quarter": 4,
            "eps": 0.7,
            "eps_growth_year": 50.67,
            "eps_4q": 3.21,
            "eps_4q_growth_year": 32.19,
            "roe": 3.66,
            "roe_4q": 17.61,
            "gross_profit": 836413,
            "gross_margin": 40.11,
            "gross_margin_4q_avg": 41.69,
            "net_income": 128920,
            "net_income_4q": null,
            "revenue": 2085244,
            "revenue_4q": null,
            "common_shares": 1834335,
            "book_valuer_per_share": 19.69,
            "book_valuer_per_share_4q_avg": 19.2,
            "equity": 3618071,
            "current_ratio": 168.48,
            "debt_ratio": 43.55,
            "inventory_turnover_ratio": 0.76,
            "account_receivable_turnover_ratio": 1.32,
            "reinvestment_rate": 5.91,
            "research_to_sale_ratio": 14.64,
            "price_fair": 88.2,
            "eps_avg_yearly": 2.52,
            "eps_latest_yearly": 2.8,
            "eps_growth_yearly": 43.86
        },
        "20151": {
            "year_quarter": 20151,
            "year": 2015,
            "quarter": 1,
            "eps": 1.03,
            "eps_growth_year": 63.49,
            "eps_4q": 3.65,
            "eps_4q_growth_year": 30.78,
            "roe": 5.16,
            "roe_4q": 19.450000000000003,
            "gross_profit": 976335,
            "gross_margin": 44.7,
            "gross_margin_4q_avg": 41.93,
            "net_income": 190258,
            "net_income_4q": null,
            "revenue": 2184177,
            "revenue_4q": null,
            "common_shares": 1835425,
            "book_valuer_per_share": 20.44,
            "book_valuer_per_share_4q_avg": 19.44,
            "equity": 3759345,
            "current_ratio": 164.03,
            "debt_ratio": 46.72,
            "inventory_turnover_ratio": 0.71,
            "account_receivable_turnover_ratio": 1.41,
            "reinvestment_rate": 1.48,
            "research_to_sale_ratio": 12.64,
            "price_fair": 89.78,
            "eps_avg_yearly": 2.57,
            "eps_latest_yearly": 4.12,
            "eps_growth_yearly": 60.22
        },
        "20152": {
            "year_quarter": 20152,
            "year": 2015,
            "quarter": 2,
            "eps": 0.82,
            "eps_growth_year": -24.77,
            "eps_4q": 3.17,
            "eps_4q_growth_year": 14.54,
            "roe": 4.49,
            "roe_4q": 17.86,
            "gross_profit": 955357,
            "gross_margin": 39.91,
            "gross_margin_4q_avg": 41.52,
            "net_income": 164643,
            "net_income_4q": null,
            "revenue": 2393703,
            "revenue_4q": null,
            "common_shares": 1838025,
            "book_valuer_per_share": 19.38,
            "book_valuer_per_share_4q_avg": 19.54,
            "equity": 3569353,
            "current_ratio": 147.43,
            "debt_ratio": 51.97,
            "inventory_turnover_ratio": 0.75,
            "account_receivable_turnover_ratio": 1.55,
            "reinvestment_rate": 1.64,
            "research_to_sale_ratio": 13.1,
            "price_fair": 89.16,
            "eps_avg_yearly": 2.55,
            "eps_latest_yearly": 3.28,
            "eps_growth_yearly": 53.94
        },
        "20153": {
            "year_quarter": 20153,
            "year": 2015,
            "quarter": 3,
            "eps": 0.78,
            "eps_growth_year": -6.02,
            "eps_4q": 3.19,
            "eps_4q_growth_year": 8.28,
            "roe": 4.26,
            "roe_4q": 17.57,
            "gross_profit": 915494,
            "gross_margin": 39.24,
            "gross_margin_4q_avg": 40.99,
            "net_income": 157257,
            "net_income_4q": null,
            "revenue": 2333149,
            "revenue_4q": null,
            "common_shares": 2004829,
            "book_valuer_per_share": 18.98,
            "book_valuer_per_share_4q_avg": 19.62,
            "equity": 3815147,
            "current_ratio": 159.94,
            "debt_ratio": 47.72,
            "inventory_turnover_ratio": 0.73,
            "account_receivable_turnover_ratio": 1.42,
            "reinvestment_rate": -2.4,
            "research_to_sale_ratio": 14.87,
            "price_fair": 89.25,
            "eps_avg_yearly": 2.55,
            "eps_latest_yearly": 3.12,
            "eps_growth_yearly": 56.1
        },
        "20154": {
            "year_quarter": 20154,
            "year": 2015,
            "quarter": 4,
            "eps": 0.48,
            "eps_growth_year": -31.46,
            "eps_4q": 3.01,
            "eps_4q_growth_year": -6.19,
            "roe": 2.5,
            "roe_4q": 16.41,
            "gross_profit": 899328,
            "gross_margin": 41.69,
            "gross_margin_4q_avg": 41.39,
            "net_income": 96446,
            "net_income_4q": null,
            "revenue": 2157094,
            "revenue_4q": null,
            "common_shares": 2017589,
            "book_valuer_per_share": 19.32,
            "book_valuer_per_share_4q_avg": 19.53,
            "equity": 3906992,
            "current_ratio": 145.52,
            "debt_ratio": 48.6,
            "inventory_turnover_ratio": 0.69,
            "account_receivable_turnover_ratio": 1.34,
            "reinvestment_rate": -0.36,
            "research_to_sale_ratio": 16.91,
            "price_fair": 87.94,
            "eps_avg_yearly": 2.51,
            "eps_latest_yearly": 1.92,
            "eps_growth_yearly": 51.03
        },
        "20161": {
            "year_quarter": 20161,
            "year": 2016,
            "quarter": 1,
            "eps": 0.26,
            "eps_growth_year": -74.76,
            "eps_4q": 2.19,
            "eps_4q_growth_year": -40.1,
            "roe": 1.29,
            "roe_4q": 12.540000000000001,
            "gross_profit": 937987,
            "gross_margin": 45.45,
            "gross_margin_4q_avg": 41.57,
            "net_income": 57038,
            "net_income_4q": null,
            "revenue": 2063601,
            "revenue_4q": null,
            "common_shares": 2170749,
            "book_valuer_per_share": 22.58,
            "book_valuer_per_share_4q_avg": 20.07,
            "equity": 4909979,
            "current_ratio": 182.26,
            "debt_ratio": 39.2,
            "inventory_turnover_ratio": 0.64,
            "account_receivable_turnover_ratio": 1.43,
            "reinvestment_rate": 0.35,
            "research_to_sale_ratio": 18.09,
            "price_fair": 87.5,
            "eps_avg_yearly": 2.5,
            "eps_latest_yearly": 1.04,
            "eps_growth_yearly": 52.27
        },
        "20162": {
            "year_quarter": 20162,
            "year": 2016,
            "quarter": 2,
            "eps": 0.43,
            "eps_growth_year": -47.56,
            "eps_4q": 1.86,
            "eps_4q_growth_year": -41.35,
            "roe": 1.98,
            "roe_4q": 10.03,
            "gross_profit": 1006281,
            "gross_margin": 42.87,
            "gross_margin_4q_avg": 42.31,
            "net_income": 92636,
            "net_income_4q": null,
            "revenue": 2347277,
            "revenue_4q": null,
            "common_shares": 2172804,
            "book_valuer_per_share": 20.46,
            "book_valuer_per_share_4q_avg": 20.34,
            "equity": 4455870,
            "current_ratio": 159.04,
            "debt_ratio": 45.15,
            "inventory_turnover_ratio": 0.75,
            "account_receivable_turnover_ratio": 1.51,
            "reinvestment_rate": -1.42,
            "research_to_sale_ratio": 16.33,
            "price_fair": 87.76,
            "eps_avg_yearly": 2.51,
            "eps_latest_yearly": 1.72,
            "eps_growth_yearly": 61.35
        },
        "20163": {
            "year_quarter": 20163,
            "year": 2016,
            "quarter": 3,
            "eps": 0.23,
            "eps_growth_year": -70.51,
            "eps_4q": 1.36,
            "eps_4q_growth_year": -57.28,
            "roe": 1.11,
            "roe_4q": 6.88,
            "gross_profit": 968949,
            "gross_margin": 42.08,
            "gross_margin_4q_avg": 43.02,
            "net_income": 49394,
            "net_income_4q": null,
            "revenue": 2302493,
            "revenue_4q": null,
            "common_shares": 2175579,
            "book_valuer_per_share": 20.39,
            "book_valuer_per_share_4q_avg": 20.69,
            "equity": 4446095,
            "current_ratio": 170.66,
            "debt_ratio": 42.88,
            "inventory_turnover_ratio": 0.71,
            "account_receivable_turnover_ratio": 1.45,
            "reinvestment_rate": 1.78,
            "research_to_sale_ratio": 17.3,
            "price_fair": 87.06,
            "eps_avg_yearly": 2.49,
            "eps_latest_yearly": 0.92,
            "eps_growth_yearly": 55.35
        },
        "20164": {
            "year_quarter": 20164,
            "year": 2016,
            "quarter": 4,
            "eps": 1.06,
            "eps_growth_year": 121.64,
            "eps_4q": 1.98,
            "eps_4q_growth_year": -34.18,
            "roe": 5.08,
            "roe_4q": 9.46,
            "gross_profit": 1253268,
            "gross_margin": 43.88,
            "gross_margin_4q_avg": 43.57,
            "net_income": 232081,
            "net_income_4q": null,
            "revenue": 2856370,
            "revenue_4q": null,
            "common_shares": 2175579,
            "book_valuer_per_share": 21.5,
            "book_valuer_per_share_4q_avg": 21.23,
            "equity": 4686032,
            "current_ratio": 185.33,
            "debt_ratio": 41.93,
            "inventory_turnover_ratio": 0.88,
            "account_receivable_turnover_ratio": 1.69,
            "reinvestment_rate": 0.59,
            "research_to_sale_ratio": 13.92,
            "price_fair": 94.24,
            "eps_avg_yearly": 2.69,
            "eps_latest_yearly": 4.24,
            "eps_growth_yearly": 151.21
        },
        "20171": {
            "year_quarter": 20171,
            "year": 2017,
            "quarter": 1,
            "eps": 0.11,
            "eps_growth_year": -57.69,
            "eps_4q": 1.83,
            "eps_4q_growth_year": -16.45,
            "roe": 0.51,
            "roe_4q": 8.68,
            "gross_profit": 916829,
            "gross_margin": 39.81,
            "gross_margin_4q_avg": 42.16,
            "net_income": 23814,
            "net_income_4q": null,
            "revenue": 2302774,
            "revenue_4q": null,
            "common_shares": 2175679,
            "book_valuer_per_share": 21.13,
            "book_valuer_per_share_4q_avg": 20.87,
            "equity": 4606729,
            "current_ratio": 175.5,
            "debt_ratio": 43.76,
            "inventory_turnover_ratio": 0.74,
            "account_receivable_turnover_ratio": 1.29,
            "reinvestment_rate": -3.47,
            "research_to_sale_ratio": 16.53,
            "price_fair": 92.84,
            "eps_avg_yearly": 2.65,
            "eps_latest_yearly": 0.44,
            "eps_growth_yearly": 125.68
        },
        "20172": {
            "year_quarter": 20172,
            "year": 2017,
            "quarter": 2,
            "eps": 0.56,
            "eps_growth_year": 30.23,
            "eps_4q": 1.96,
            "eps_4q_growth_year": 5.48,
            "roe": 2.71,
            "roe_4q": 9.41,
            "gross_profit": 1022497,
            "gross_margin": 37.58,
            "gross_margin_4q_avg": 40.84,
            "net_income": 121592,
            "net_income_4q": null,
            "revenue": 2720645,
            "revenue_4q": null,
            "common_shares": 2175059,
            "book_valuer_per_share": 20.08,
            "book_valuer_per_share_4q_avg": 20.78,
            "equity": 4377355,
            "current_ratio": 156.21,
            "debt_ratio": 49.44,
            "inventory_turnover_ratio": 0.75,
            "account_receivable_turnover_ratio": 1.66,
            "reinvestment_rate": -4.13,
            "research_to_sale_ratio": 14.6,
            "price_fair": 88.99,
            "eps_avg_yearly": 2.54,
            "eps_latest_yearly": 2.24,
            "eps_growth_yearly": 160.36
        },
        "20173": {
            "year_quarter": 20173,
            "year": 2017,
            "quarter": 3,
            "eps": 0.76,
            "eps_growth_year": 230.43,
            "eps_4q": 2.49,
            "eps_4q_growth_year": 82.88,
            "roe": 3.71,
            "roe_4q": 12.01,
            "gross_profit": 1056819,
            "gross_margin": 36.59,
            "gross_margin_4q_avg": 39.47,
            "net_income": 165628,
            "net_income_4q": null,
            "revenue": 2888011,
            "revenue_4q": null,
            "common_shares": 2174827,
            "book_valuer_per_share": 20.93,
            "book_valuer_per_share_4q_avg": 20.91,
            "equity": 4561667,
            "current_ratio": 161.52,
            "debt_ratio": 47.35,
            "inventory_turnover_ratio": 0.7,
            "account_receivable_turnover_ratio": 1.67,
            "reinvestment_rate": -4.06,
            "research_to_sale_ratio": 14.01,
            "price_fair": 89.6,
            "eps_avg_yearly": 2.56,
            "eps_latest_yearly": 3.04,
            "eps_growth_yearly": 177.04
        },
        "20174": {
            "year_quarter": 20174,
            "year": 2017,
            "quarter": 4,
            "eps": 0.36,
            "eps_growth_year": -65.83,
            "eps_4q": 1.79,
            "eps_4q_growth_year": -9.74,
            "roe": 1.72,
            "roe_4q": 8.65,
            "gross_profit": 967325,
            "gross_margin": 35.09,
            "gross_margin_4q_avg": 37.27,
            "net_income": 79181,
            "net_income_4q": null,
            "revenue": 2756464,
            "revenue_4q": null,
            "common_shares": 2174827,
            "book_valuer_per_share": 21.22,
            "book_valuer_per_share_4q_avg": 20.84,
            "equity": 4625979,
            "current_ratio": 182.69,
            "debt_ratio": 40.69,
            "inventory_turnover_ratio": 0.71,
            "account_receivable_turnover_ratio": 1.55,
            "reinvestment_rate": -5.17,
            "research_to_sale_ratio": 14.14,
            "price_fair": 88.64,
            "eps_avg_yearly": 2.53,
            "eps_latest_yearly": 1.44,
            "eps_growth_yearly": 171.85
        },
        "20181": {
            "year_quarter": 20181,
            "year": 2018,
            "quarter": 1,
            "eps": 0.1,
            "eps_growth_year": -9.09,
            "eps_4q": 1.78,
            "eps_4q_growth_year": -2.42,
            "roe": 0.47,
            "roe_4q": 8.61,
            "gross_profit": 811642,
            "gross_margin": 35.91,
            "gross_margin_4q_avg": 36.29,
            "net_income": 21754,
            "net_income_4q": null,
            "revenue": 2260180,
            "revenue_4q": null,
            "common_shares": 2175232,
            "book_valuer_per_share": 21.36,
            "book_valuer_per_share_4q_avg": 20.9,
            "equity": 4656292,
            "current_ratio": 178.58,
            "debt_ratio": 41.84,
            "inventory_turnover_ratio": 0.6,
            "account_receivable_turnover_ratio": 1.3,
            "reinvestment_rate": -6.53,
            "research_to_sale_ratio": 16.42,
            "price_fair": 84,
            "eps_avg_yearly": 2.4,
            "eps_latest_yearly": 0.4,
            "eps_growth_yearly": 145.29
        },
        "20182": {
            "year_quarter": 20182,
            "year": 2018,
            "quarter": 2,
            "eps": 0.22,
            "eps_growth_year": -60.71,
            "eps_4q": 1.44,
            "eps_4q_growth_year": -26.31,
            "roe": 1.03,
            "roe_4q": 6.93,
            "gross_profit": 927807,
            "gross_margin": 34.59,
            "gross_margin_4q_avg": 35.55,
            "net_income": 46847,
            "net_income_4q": null,
            "revenue": 2682625,
            "revenue_4q": null,
            "common_shares": 2175232,
            "book_valuer_per_share": 20.21,
            "book_valuer_per_share_4q_avg": 20.93,
            "equity": 4404878,
            "current_ratio": 159.55,
            "debt_ratio": 47.76,
            "inventory_turnover_ratio": 0.66,
            "account_receivable_turnover_ratio": 1.5,
            "reinvestment_rate": -5.79,
            "research_to_sale_ratio": 14.18,
            "price_fair": 76.39,
            "eps_avg_yearly": 2.18,
            "eps_latest_yearly": 0.88,
            "eps_growth_yearly": 157.03
        },
        "20183": {
            "year_quarter": 20183,
            "year": 2018,
            "quarter": 3,
            "eps": 0.27,
            "eps_growth_year": -64.47,
            "eps_4q": 0.95,
            "eps_4q_growth_year": -61.82,
            "roe": 1.31,
            "roe_4q": 4.529999999999999,
            "gross_profit": 904352,
            "gross_margin": 36.09,
            "gross_margin_4q_avg": 35.42,
            "net_income": 57730,
            "net_income_4q": null,
            "revenue": 2506021,
            "revenue_4q": null,
            "common_shares": 2175232,
            "book_valuer_per_share": 20.37,
            "book_valuer_per_share_4q_avg": 20.79,
            "equity": 4439858,
            "current_ratio": 179.13,
            "debt_ratio": 44.75,
            "inventory_turnover_ratio": 0.56,
            "account_receivable_turnover_ratio": 1.46,
            "reinvestment_rate": -11.49,
            "research_to_sale_ratio": 14.72,
            "price_fair": 71.49,
            "eps_avg_yearly": 2.04,
            "eps_latest_yearly": 1.08,
            "eps_growth_yearly": 168.68
        },
        "20184": {
            "year_quarter": 20184,
            "year": 2018,
            "quarter": 4,
            "eps": 0.54,
            "eps_growth_year": 47.6,
            "eps_4q": 1.12,
            "eps_4q_growth_year": -37.14,
            "roe": 2.63,
            "roe_4q": 5.4399999999999995,
            "gross_profit": 1082501,
            "gross_margin": 35.75,
            "gross_margin_4q_avg": 35.59,
            "net_income": 118278,
            "net_income_4q": null,
            "revenue": 3028282,
            "revenue_4q": null,
            "common_shares": 2175232,
            "book_valuer_per_share": 20.95,
            "book_valuer_per_share_4q_avg": 20.72,
            "equity": 4568486,
            "current_ratio": 181.76,
            "debt_ratio": 44.82,
            "inventory_turnover_ratio": 0.7,
            "account_receivable_turnover_ratio": 1.7,
            "reinvestment_rate": -14.58,
            "research_to_sale_ratio": 13.33,
            "price_fair": 70.09,
            "eps_avg_yearly": 2,
            "eps_latest_yearly": 2.16,
            "eps_growth_yearly": 197.6
        },
        "20191": {
            "year_quarter": 20191,
            "year": 2019,
            "quarter": 1,
            "eps": 0.51,
            "eps_growth_year": 410,
            "eps_4q": 1.53,
            "eps_4q_growth_year": -14.18,
            "roe": 2.4,
            "roe_4q": 7.37,
            "gross_profit": 1058033,
            "gross_margin": 39.74,
            "gross_margin_4q_avg": 36.54,
            "net_income": 111467,
            "net_income_4q": null,
            "revenue": 2662053,
            "revenue_4q": null,
            "common_shares": 2175205,
            "book_valuer_per_share": 21.58,
            "book_valuer_per_share_4q_avg": 20.78,
            "equity": 4704447,
            "current_ratio": 175.71,
            "debt_ratio": 45.68,
            "inventory_turnover_ratio": 0.62,
            "account_receivable_turnover_ratio": 1.31,
            "reinvestment_rate": -15.97,
            "research_to_sale_ratio": 13.24,
            "price_fair": 65.54,
            "eps_avg_yearly": 1.87,
            "eps_latest_yearly": 2.04,
            "eps_growth_yearly": 184.42
        },
        "20192": {
            "year_quarter": 20192,
            "year": 2019,
            "quarter": 2,
            "eps": 0.52,
            "eps_growth_year": 136.36,
            "eps_4q": 1.83,
            "eps_4q_growth_year": 26.65,
            "roe": 2.41,
            "roe_4q": 8.75,
            "gross_profit": 1054269,
            "gross_margin": 41.2,
            "gross_margin_4q_avg": 38.2,
            "net_income": 111429,
            "net_income_4q": null,
            "revenue": 2559000,
            "revenue_4q": null,
            "common_shares": 2175205,
            "book_valuer_per_share": 20.77,
            "book_valuer_per_share_4q_avg": 20.92,
            "equity": 4529351,
            "current_ratio": 168.91,
            "debt_ratio": 46.56,
            "inventory_turnover_ratio": 0.6,
            "account_receivable_turnover_ratio": 1.3,
            "reinvestment_rate": -21.27,
            "research_to_sale_ratio": 14.77,
            "price_fair": 62.91,
            "eps_avg_yearly": 1.8,
            "eps_latest_yearly": 2.08,
            "eps_growth_yearly": 190.01
        },
        "20193": {
            "year_quarter": 20193,
            "year": 2019,
            "quarter": 3,
            "eps": 0.45,
            "eps_growth_year": 66.67,
            "eps_4q": 2.01,
            "eps_4q_growth_year": 111.55,
            "roe": 2.13,
            "roe_4q": 9.57,
            "gross_profit": 977339,
            "gross_margin": 40.72,
            "gross_margin_4q_avg": 39.35,
            "net_income": 97476,
            "net_income_4q": null,
            "revenue": 2400181,
            "revenue_4q": null,
            "common_shares": 2175205,
            "book_valuer_per_share": 21.12,
            "book_valuer_per_share_4q_avg": 21.11,
            "equity": 4604437,
            "current_ratio": 179.28,
            "debt_ratio": 44.22,
            "inventory_turnover_ratio": 0.58,
            "account_receivable_turnover_ratio": 1.32,
            "reinvestment_rate": -25.26,
            "research_to_sale_ratio": 14.78,
            "price_fair": 60.03,
            "eps_avg_yearly": 1.72,
            "eps_latest_yearly": 1.8,
            "eps_growth_yearly": 187.86
        },
        "20194": {
            "year_quarter": 20194,
            "year": 2019,
            "quarter": 4,
            "eps": 0.56,
            "eps_growth_year": 4.94,
            "eps_4q": 2.04,
            "eps_4q_growth_year": 81.32,
            "roe": 2.66,
            "roe_4q": 9.6,
            "gross_profit": 1199231,
            "gross_margin": 41.7,
            "gross_margin_4q_avg": 40.84,
            "net_income": 123375,
            "net_income_4q": null,
            "revenue": 2875836,
            "revenue_4q": null,
            "common_shares": 2174973,
            "book_valuer_per_share": 21.5,
            "book_valuer_per_share_4q_avg": 21.24,
            "equity": 4687215,
            "current_ratio": 174.25,
            "debt_ratio": 44.4,
            "inventory_turnover_ratio": 0.76,
            "account_receivable_turnover_ratio": 1.52,
            "reinvestment_rate": -2.57,
            "research_to_sale_ratio": 12.24,
            "price_fair": 60.73,
            "eps_avg_yearly": 1.74,
            "eps_latest_yearly": 2.24,
            "eps_growth_yearly": 203.59
        },
        "20201": {
            "year_quarter": 20201,
            "year": 2020,
            "quarter": 1,
            "eps": 0.4,
            "eps_growth_year": -21.57,
            "eps_4q": 1.93,
            "eps_4q_growth_year": 26.1,
            "roe": 1.82,
            "roe_4q": 9.02,
            "gross_profit": 976232,
            "gross_margin": 39.36,
            "gross_margin_4q_avg": 40.75,
            "net_income": 86247,
            "net_income_4q": null,
            "revenue": 2480125,
            "revenue_4q": null,
            "common_shares": 2174973,
            "book_valuer_per_share": 21.9,
            "book_valuer_per_share_4q_avg": 21.32,
            "equity": 4772306,
            "current_ratio": 178.12,
            "debt_ratio": 44.13,
            "inventory_turnover_ratio": 0.74,
            "account_receivable_turnover_ratio": 1.41,
            "reinvestment_rate": -3.16,
            "research_to_sale_ratio": 14.1,
            "price_fair": 61.95,
            "eps_avg_yearly": 1.77,
            "eps_latest_yearly": 1.6,
            "eps_growth_yearly": 207.9
        },
        "20202": {
            "year_quarter": 20202,
            "year": 2020,
            "quarter": 2,
            "eps": 0.13,
            "eps_growth_year": -75,
            "eps_4q": 1.54,
            "eps_4q_growth_year": -15.67,
            "roe": 0.58,
            "roe_4q": 7.19,
            "gross_profit": 856183,
            "gross_margin": 39.77,
            "gross_margin_4q_avg": 40.39,
            "net_income": 26778,
            "net_income_4q": null,
            "revenue": 2152652,
            "revenue_4q": null,
            "common_shares": 2174973,
            "book_valuer_per_share": 20.28,
            "book_valuer_per_share_4q_avg": 21.2,
            "equity": 4419592,
            "current_ratio": 164.98,
            "debt_ratio": 48.21,
            "inventory_turnover_ratio": 0.61,
            "account_receivable_turnover_ratio": 1.36,
            "reinvestment_rate": -2.7,
            "research_to_sale_ratio": 16.38,
            "price_fair": 59.33,
            "eps_avg_yearly": 1.7,
            "eps_latest_yearly": 0.52,
            "eps_growth_yearly": 174.68
        },
        "20203": {
            "year_quarter": 20203,
            "year": 2020,
            "quarter": 3,
            "eps": 0.26,
            "eps_growth_year": -42.22,
            "eps_4q": 1.35,
            "eps_4q_growth_year": -32.86,
            "roe": 1.26,
            "roe_4q": 6.32,
            "gross_profit": 918987,
            "gross_margin": 40.23,
            "gross_margin_4q_avg": 40.27,
            "net_income": 56047,
            "net_income_4q": null,
            "revenue": 2284109,
            "revenue_4q": null,
            "common_shares": 2174973,
            "book_valuer_per_share": 20.52,
            "book_valuer_per_share_4q_avg": 21.05,
            "equity": 4463229,
            "current_ratio": 156.48,
            "debt_ratio": 46.81,
            "inventory_turnover_ratio": 0.62,
            "account_receivable_turnover_ratio": 1.38,
            "reinvestment_rate": 6.24,
            "research_to_sale_ratio": 16.25,
            "price_fair": 59.59,
            "eps_avg_yearly": 1.7,
            "eps_latest_yearly": 1.04,
            "eps_growth_yearly": 211.31
        },
        "20204": {
            "year_quarter": 20204,
            "year": 2020,
            "quarter": 4,
            "eps": 0.33,
            "eps_growth_year": -40.79,
            "eps_4q": 1.12,
            "eps_4q_growth_year": -45.02,
            "roe": 1.62,
            "roe_4q": 5.28,
            "gross_profit": 1063385,
            "gross_margin": 39.11,
            "gross_margin_4q_avg": 39.62,
            "net_income": 72576,
            "net_income_4q": null,
            "revenue": 2718792,
            "revenue_4q": null,
            "common_shares": 2174973,
            "book_valuer_per_share": 20.76,
            "book_valuer_per_share_4q_avg": 20.87,
            "equity": 4516046,
            "current_ratio": 164.89,
            "debt_ratio": 48.34,
            "inventory_turnover_ratio": 0.81,
            "account_receivable_turnover_ratio": 1.46,
            "reinvestment_rate": 16.53,
            "research_to_sale_ratio": 13.96,
            "price_fair": 53.2,
            "eps_avg_yearly": 1.52,
            "eps_latest_yearly": 1.32,
            "eps_growth_yearly": 127.82
        },
        "20211": {
            "year_quarter": 20211,
            "year": 2021,
            "quarter": 1,
            "eps": 0.01,
            "eps_growth_year": -97.5,
            "eps_4q": 0.73,
            "eps_4q_growth_year": -62.19,
            "roe": 0.05,
            "roe_4q": 3.5100000000000002,
            "gross_profit": 870020,
            "gross_margin": 41.48,
            "gross_margin_4q_avg": 40.15,
            "net_income": 2169,
            "net_income_4q": null,
            "revenue": 2097421,
            "revenue_4q": null,
            "common_shares": 2174973,
            "book_valuer_per_share": 20.78,
            "book_valuer_per_share_4q_avg": 20.59,
            "equity": 4519893,
            "current_ratio": 139.15,
            "debt_ratio": 59.04,
            "inventory_turnover_ratio": 0.63,
            "account_receivable_turnover_ratio": 1.12,
            "reinvestment_rate": 258.94,
            "research_to_sale_ratio": 17.53,
            "price_fair": 52.33,
            "eps_avg_yearly": 1.5,
            "eps_latest_yearly": 0.04,
            "eps_growth_yearly": 125.99
        },
        "20212": {
            "year_quarter": 20212,
            "year": 2021,
            "quarter": 2,
            "eps": 0.31,
            "eps_growth_year": 138.46,
            "eps_4q": 0.91,
            "eps_4q_growth_year": -41.05,
            "roe": 1.47,
            "roe_4q": 4.4,
            "gross_profit": 803400,
            "gross_margin": 35.56,
            "gross_margin_4q_avg": 39.1,
            "net_income": 66807,
            "net_income_4q": null,
            "revenue": 2259353,
            "revenue_4q": null,
            "common_shares": 2174973,
            "book_valuer_per_share": 20.96,
            "book_valuer_per_share_4q_avg": 20.76,
            "equity": 4558257,
            "current_ratio": 127.07,
            "debt_ratio": 60.75,
            "inventory_turnover_ratio": 0.58,
            "account_receivable_turnover_ratio": 1.26,
            "reinvestment_rate": 272.86,
            "research_to_sale_ratio": 16.16,
            "price_fair": 50.14,
            "eps_avg_yearly": 1.43,
            "eps_latest_yearly": 1.24,
            "eps_growth_yearly": 773.71
        },
        "20213": {
            "year_quarter": 20213,
            "year": 2021,
            "quarter": 3,
            "eps": -0.24,
            "eps_growth_year": -192.31,
            "eps_4q": 0.41,
            "eps_4q_growth_year": -69.33,
            "roe": -1.16,
            "roe_4q": 1.9800000000000002,
            "gross_profit": 802385,
            "gross_margin": 35.01,
            "gross_margin_4q_avg": 37.79,
            "net_income": -51491,
            "net_income_4q": null,
            "revenue": 2291856,
            "revenue_4q": null,
            "common_shares": 2174973,
            "book_valuer_per_share": 19.76,
            "book_valuer_per_share_4q_avg": 20.57,
            "equity": 4298160,
            "current_ratio": 114.97,
            "debt_ratio": 66.14,
            "inventory_turnover_ratio": 0.45,
            "account_receivable_turnover_ratio": 1.2,
            "reinvestment_rate": 327.11,
            "research_to_sale_ratio": 16.97,
            "price_fair": 46.39,
            "eps_avg_yearly": 1.33,
            "eps_latest_yearly": 1.24,
            "eps_growth_yearly": 815.77
        },
        "20214": {
            "year_quarter": 20214,
            "year": 2021,
            "quarter": 4,
            "eps": 0.47,
            "eps_growth_year": 39.71,
            "eps_4q": 0.55,
            "eps_4q_growth_year": -51.21,
            "roe": 2.33,
            "roe_4q": 2.69,
            "gross_profit": 1079863,
            "gross_margin": 35.7,
            "gross_margin_4q_avg": 36.94,
            "net_income": 101399,
            "net_income_4q": null,
            "revenue": 3024424,
            "revenue_4q": null,
            "common_shares": 2174973,
            "book_valuer_per_share": 20.32,
            "book_valuer_per_share_4q_avg": 20.46,
            "equity": 4420441,
            "current_ratio": 128.05,
            "debt_ratio": 66.46,
            "inventory_turnover_ratio": 0.52,
            "account_receivable_turnover_ratio": 1.4,
            "reinvestment_rate": 322.4,
            "research_to_sale_ratio": 13.2,
            "price_fair": 46.1,
            "eps_avg_yearly": 1.32,
            "eps_latest_yearly": 1.24,
            "eps_growth_yearly": 889.08
        },
        "20221": {
            "year_quarter": 20221,
            "year": 2022,
            "quarter": 1,
            "eps": 0.23,
            "eps_growth_year": 2200,
            "eps_4q": 0.77,
            "eps_4q_growth_year": 5.52,
            "roe": 1.13,
            "roe_4q": 3.7699999999999996,
            "gross_profit": 856980,
            "gross_margin": 33.2,
            "gross_margin_4q_avg": 34.87,
            "net_income": 50687,
            "net_income_4q": null,
            "revenue": 2581384,
            "revenue_4q": null,
            "common_shares": 2174973,
            "book_valuer_per_share": 20.84,
            "book_valuer_per_share_4q_avg": 20.47,
            "equity": 4532263,
            "current_ratio": 140.17,
            "debt_ratio": 65.96,
            "inventory_turnover_ratio": 0.44,
            "account_receivable_turnover_ratio": 1.12,
            "reinvestment_rate": 324.72,
            "research_to_sale_ratio": 15.68,
            "price_fair": 47.4,
            "eps_avg_yearly": 1.35,
            "eps_latest_yearly": 0.92,
            "eps_growth_yearly": 895.12
        },
        "20222": {
            "year_quarter": 20222,
            "year": 2022,
            "quarter": 2,
            "eps": 2.02,
            "eps_growth_year": 551.61,
            "eps_4q": 2.48,
            "eps_4q_growth_year": 172.78,
            "roe": 9.27,
            "roe_4q": 11.569999999999999,
            "gross_profit": 1093518,
            "gross_margin": 39.22,
            "gross_margin_4q_avg": 35.78,
            "net_income": 438414,
            "net_income_4q": null,
            "revenue": 2787997,
            "revenue_4q": null,
            "common_shares": 2174973,
            "book_valuer_per_share": 22.67,
            "book_valuer_per_share_4q_avg": 20.9,
            "equity": 4931435,
            "current_ratio": 159.19,
            "debt_ratio": 64.14,
            "inventory_turnover_ratio": 0.4,
            "account_receivable_turnover_ratio": 1.22,
            "reinvestment_rate": 235.38,
            "research_to_sale_ratio": 13.62,
            "price_fair": 65.4,
            "eps_avg_yearly": 1.87,
            "eps_latest_yearly": 8.08,
            "eps_growth_yearly": 1083.2
        },
        "20223": {
            "year_quarter": 20223,
            "year": 2022,
            "quarter": 3,
            "eps": 1.06,
            "eps_growth_year": null,
            "eps_4q": 3.78,
            "eps_4q_growth_year": 812.73,
            "roe": 4.56,
            "roe_4q": 17.29,
            "gross_profit": 1127223,
            "gross_margin": 36.82,
            "gross_margin_4q_avg": 36.24,
            "net_income": 231511,
            "net_income_4q": null,
            "revenue": 3061122,
            "revenue_4q": null,
            "common_shares": 2174973,
            "book_valuer_per_share": 24.03,
            "book_valuer_per_share_4q_avg": 21.97,
            "equity": 5226842,
            "current_ratio": 159.8,
            "debt_ratio": 63.2,
            "inventory_turnover_ratio": 0.44,
            "account_receivable_turnover_ratio": 1.32,
            "reinvestment_rate": 214.32,
            "research_to_sale_ratio": 11.69,
            "price_fair": 73.3,
            "eps_avg_yearly": 2.09,
            "eps_latest_yearly": 4.24,
            "eps_growth_yearly": 1063.13
        },
        "20224": {
            "year_quarter": 20224,
            "year": 2022,
            "quarter": 4,
            "eps": 0.39,
            "eps_growth_year": -15.93,
            "eps_4q": 3.71,
            "eps_4q_growth_year": 577.85,
            "roe": 1.56,
            "roe_4q": 16.52,
            "gross_profit": 1175249,
            "gross_margin": 35.75,
            "gross_margin_4q_avg": 36.25,
            "net_income": 84784,
            "net_income_4q": null,
            "revenue": 3287672,
            "revenue_4q": null,
            "common_shares": 2174973,
            "book_valuer_per_share": 25.65,
            "book_valuer_per_share_4q_avg": 23.3,
            "equity": 5672156,
            "current_ratio": 184.92,
            "debt_ratio": 58.28,
            "inventory_turnover_ratio": 0.52,
            "account_receivable_turnover_ratio": 1.47,
            "reinvestment_rate": 217.08,
            "research_to_sale_ratio": 12.23,
            "price_fair": 71.8,
            "eps_avg_yearly": 2.05,
            "eps_latest_yearly": 1.56,
            "eps_growth_yearly": 1016.5
        },
        "20231": {
            "year_quarter": 20231,
            "year": 2023,
            "quarter": 1,
            "eps": 0.38,
            "eps_growth_year": 65.22,
            "eps_4q": 3.85,
            "eps_4q_growth_year": 400.01,
            "roe": 1.35,
            "roe_4q": 16.74,
            "gross_profit": 1081183,
            "gross_margin": 37.55,
            "gross_margin_4q_avg": 37.34,
            "net_income": 73557,
            "net_income_4q": null,
            "revenue": 2879443,
            "revenue_4q": null,
            "common_shares": 2174973,
            "book_valuer_per_share": 23.49,
            "book_valuer_per_share_4q_avg": 23.96,
            "equity": 5196598,
            "current_ratio": 155.26,
            "debt_ratio": 63.23,
            "inventory_turnover_ratio": 0.45,
            "account_receivable_turnover_ratio": 1.39,
            "reinvestment_rate": 223.06,
            "research_to_sale_ratio": 14.04,
            "price_fair": 70.5,
            "eps_avg_yearly": 2.01,
            "eps_latest_yearly": 1.52,
            "eps_growth_yearly": 1017.35
        },
        "20232": {
            "year_quarter": 20232,
            "year": 2023,
            "quarter": 2,
            "eps": 0.3,
            "eps_growth_year": -85.15,
            "eps_4q": 2.14,
            "eps_4q_growth_year": -13.75,
            "roe": 1.01,
            "roe_4q": 8.48,
            "gross_profit": 1072689,
            "gross_margin": 36.49,
            "gross_margin_4q_avg": 36.65,
            "net_income": 52634,
            "net_income_4q": null,
            "revenue": 2939540,
            "revenue_4q": null,
            "common_shares": 2174973,
            "book_valuer_per_share": 23.72,
            "book_valuer_per_share_4q_avg": 24.22,
            "equity": 5236810,
            "current_ratio": 159.85,
            "debt_ratio": 61.42,
            "inventory_turnover_ratio": 0.46,
            "account_receivable_turnover_ratio": 1.5,
            "reinvestment_rate": 232.76,
            "research_to_sale_ratio": 14.24,
            "price_fair": 68.3,
            "eps_avg_yearly": 1.95,
            "eps_latest_yearly": 1.2,
            "eps_growth_yearly": 1010.78
        },
        "20233": {
            "year_quarter": 20233,
            "year": 2023,
            "quarter": 3,
            "eps": 0.49,
            "eps_growth_year": -53.77,
            "eps_4q": 1.57,
            "eps_4q_growth_year": -58.57,
            "roe": 1.81,
            "roe_4q": 5.73,
            "gross_profit": 1000358,
            "gross_margin": 37.44,
            "gross_margin_4q_avg": 36.81,
            "net_income": 96853,
            "net_income_4q": null,
            "revenue": 2671859,
            "revenue_4q": null,
            "common_shares": 2174973,
            "book_valuer_per_share": 24.78,
            "book_valuer_per_share_4q_avg": 24.41,
            "equity": 5455201,
            "current_ratio": 167.19,
            "debt_ratio": 58.99,
            "inventory_turnover_ratio": 0.43,
            "account_receivable_turnover_ratio": 1.35,
            "reinvestment_rate": 235.5,
            "research_to_sale_ratio": 16.25,
            "price_fair": 68.7,
            "eps_avg_yearly": 1.96,
            "eps_latest_yearly": 1.96,
            "eps_growth_yearly": 1032.72
        }
    },
    "months": {
        "2002-03": {
            "month": "2002-03",
            "price": "60.50",
            "revenue": 50532
        },
        "2002-04": {
            "month": "2002-04",
            "price": "67.33",
            "revenue": 54350
        },
        "2002-05": {
            "month": "2002-05",
            "price": "58.09",
            "revenue": 56965
        },
        "2002-06": {
            "month": "2002-06",
            "price": "51.48",
            "revenue": 63415
        },
        "2002-07": {
            "month": "2002-07",
            "price": "48.47",
            "revenue": 63280
        },
        "2002-08": {
            "month": "2002-08",
            "price": "49.59",
            "revenue": 62006
        },
        "2002-09": {
            "month": "2002-09",
            "price": "43.31",
            "revenue": 70450
        },
        "2002-10": {
            "month": "2002-10",
            "price": "38.36",
            "revenue": 66031
        },
        "2002-11": {
            "month": "2002-11",
            "price": "37.35",
            "revenue": 67760
        },
        "2002-12": {
            "month": "2002-12",
            "price": "37.10",
            "revenue": 75050
        },
        "2003-01": {
            "month": "2003-01",
            "price": "37.56",
            "revenue": 63319
        },
        "2003-02": {
            "month": "2003-02",
            "price": "36.07",
            "revenue": 61194
        },
        "2003-03": {
            "month": "2003-03",
            "price": "35.76",
            "revenue": 89115
        },
        "2003-04": {
            "month": "2003-04",
            "price": "36.19",
            "revenue": 97608
        },
        "2003-05": {
            "month": "2003-05",
            "price": "43.35",
            "revenue": 100285
        },
        "2003-06": {
            "month": "2003-06",
            "price": "49.49",
            "revenue": 102754
        },
        "2003-07": {
            "month": "2003-07",
            "price": "44.68",
            "revenue": 95454
        },
        "2003-08": {
            "month": "2003-08",
            "price": "42.79",
            "revenue": 97635
        },
        "2003-09": {
            "month": "2003-09",
            "price": "41.98",
            "revenue": 107016
        },
        "2003-10": {
            "month": "2003-10",
            "price": "43.74",
            "revenue": 107223
        },
        "2003-11": {
            "month": "2003-11",
            "price": "42.87",
            "revenue": 97614
        },
        "2003-12": {
            "month": "2003-12",
            "price": "44.04",
            "revenue": 115512
        },
        "2004-01": {
            "month": "2004-01",
            "price": "48.59",
            "revenue": 73423
        },
        "2004-02": {
            "month": "2004-02",
            "price": "49.92",
            "revenue": 116245
        },
        "2004-03": {
            "month": "2004-03",
            "price": "51.75",
            "revenue": 131509
        },
        "2004-04": {
            "month": "2004-04",
            "price": "52.89",
            "revenue": 142099
        },
        "2004-05": {
            "month": "2004-05",
            "price": "45.93",
            "revenue": 149788
        },
        "2004-06": {
            "month": "2004-06",
            "price": "39.08",
            "revenue": 142151
        },
        "2004-07": {
            "month": "2004-07",
            "price": "34.87",
            "revenue": 121703
        },
        "2004-08": {
            "month": "2004-08",
            "price": "32.42",
            "revenue": 112198
        },
        "2004-09": {
            "month": "2004-09",
            "price": "30.46",
            "revenue": 95580
        },
        "2004-10": {
            "month": "2004-10",
            "price": "26.12",
            "revenue": 108021
        },
        "2004-11": {
            "month": "2004-11",
            "price": "25.14",
            "revenue": 105798
        },
        "2004-12": {
            "month": "2004-12",
            "price": "24.81",
            "revenue": 109009
        },
        "2005-01": {
            "month": "2005-01",
            "price": "25.62",
            "revenue": 99633
        },
        "2005-02": {
            "month": "2005-02",
            "price": "28.11",
            "revenue": 85887
        },
        "2005-03": {
            "month": "2005-03",
            "price": "30.39",
            "revenue": 116203
        },
        "2005-04": {
            "month": "2005-04",
            "price": "30.39",
            "revenue": 100862
        },
        "2005-05": {
            "month": "2005-05",
            "price": "28.00",
            "revenue": 118970
        },
        "2005-06": {
            "month": "2005-06",
            "price": "29.06",
            "revenue": 152076
        },
        "2005-07": {
            "month": "2005-07",
            "price": "26.97",
            "revenue": 121016
        },
        "2005-08": {
            "month": "2005-08",
            "price": "27.13",
            "revenue": 116707
        },
        "2005-09": {
            "month": "2005-09",
            "price": "26.75",
            "revenue": 121973
        },
        "2005-10": {
            "month": "2005-10",
            "price": "26.45",
            "revenue": 161977
        },
        "2005-11": {
            "month": "2005-11",
            "price": "28.37",
            "revenue": 123113
        },
        "2005-12": {
            "month": "2005-12",
            "price": "31.76",
            "revenue": 192164
        },
        "2006-01": {
            "month": "2006-01",
            "price": "34.32",
            "revenue": 174000
        },
        "2006-02": {
            "month": "2006-02",
            "price": "34.91",
            "revenue": 146510
        },
        "2006-03": {
            "month": "2006-03",
            "price": "36.94",
            "revenue": 222477
        },
        "2006-04": {
            "month": "2006-04",
            "price": "41.12",
            "revenue": 158460
        },
        "2006-05": {
            "month": "2006-05",
            "price": "40.03",
            "revenue": 173940
        },
        "2006-06": {
            "month": "2006-06",
            "price": "37.48",
            "revenue": 168068
        },
        "2006-07": {
            "month": "2006-07",
            "price": "33.35",
            "revenue": 149871
        },
        "2006-08": {
            "month": "2006-08",
            "price": "31.71",
            "revenue": 167984
        },
        "2006-09": {
            "month": "2006-09",
            "price": "31.87",
            "revenue": 169965
        },
        "2006-10": {
            "month": "2006-10",
            "price": "32.82",
            "revenue": 166351
        },
        "2006-11": {
            "month": "2006-11",
            "price": "32.69",
            "revenue": 154069
        },
        "2006-12": {
            "month": "2006-12",
            "price": "34.38",
            "revenue": 147314
        },
        "2007-01": {
            "month": "2007-01",
            "price": "36.62",
            "revenue": 162778
        },
        "2007-02": {
            "month": "2007-02",
            "price": "39.33",
            "revenue": 119715
        },
        "2007-03": {
            "month": "2007-03",
            "price": "39.27",
            "revenue": 192536
        },
        "2007-04": {
            "month": "2007-04",
            "price": "40.59",
            "revenue": 164068
        },
        "2007-05": {
            "month": "2007-05",
            "price": "39.40",
            "revenue": 159919
        },
        "2007-06": {
            "month": "2007-06",
            "price": "42.51",
            "revenue": 175617
        },
        "2007-07": {
            "month": "2007-07",
            "price": "47.77",
            "revenue": 176063
        },
        "2007-08": {
            "month": "2007-08",
            "price": "50.22",
            "revenue": 173173
        },
        "2007-09": {
            "month": "2007-09",
            "price": "48.92",
            "revenue": 165147
        },
        "2007-10": {
            "month": "2007-10",
            "price": "44.37",
            "revenue": 188323
        },
        "2007-11": {
            "month": "2007-11",
            "price": "37.35",
            "revenue": 184221
        },
        "2007-12": {
            "month": "2007-12",
            "price": "34.48",
            "revenue": 213433
        },
        "2008-01": {
            "month": "2008-01",
            "price": "34.38",
            "revenue": 174974
        },
        "2008-02": {
            "month": "2008-02",
            "price": "33.27",
            "revenue": 156283
        },
        "2008-03": {
            "month": "2008-03",
            "price": "36.10",
            "revenue": 189069
        },
        "2008-04": {
            "month": "2008-04",
            "price": "39.85",
            "revenue": 171289
        },
        "2008-05": {
            "month": "2008-05",
            "price": "40.00",
            "revenue": 196337
        },
        "2008-06": {
            "month": "2008-06",
            "price": "37.61",
            "revenue": 170800
        },
        "2008-07": {
            "month": "2008-07",
            "price": "31.56",
            "revenue": 146906
        },
        "2008-08": {
            "month": "2008-08",
            "price": "27.90",
            "revenue": 174688
        },
        "2008-09": {
            "month": "2008-09",
            "price": "23.81",
            "revenue": 160270
        },
        "2008-10": {
            "month": "2008-10",
            "price": "20.64",
            "revenue": 154517
        },
        "2008-11": {
            "month": "2008-11",
            "price": "18.06",
            "revenue": 146447
        },
        "2008-12": {
            "month": "2008-12",
            "price": "16.68",
            "revenue": 132684
        },
        "2009-01": {
            "month": "2009-01",
            "price": "16.70",
            "revenue": 111122
        },
        "2009-02": {
            "month": "2009-02",
            "price": "16.72",
            "revenue": 143591
        },
        "2009-03": {
            "month": "2009-03",
            "price": "18.88",
            "revenue": 236381
        },
        "2009-04": {
            "month": "2009-04",
            "price": "20.52",
            "revenue": 197047
        },
        "2009-05": {
            "month": "2009-05",
            "price": "20.80",
            "revenue": 200007
        },
        "2009-06": {
            "month": "2009-06",
            "price": "19.37",
            "revenue": 220893
        },
        "2009-07": {
            "month": "2009-07",
            "price": "19.89",
            "revenue": 210366
        },
        "2009-08": {
            "month": "2009-08",
            "price": "21.20",
            "revenue": 226709
        },
        "2009-09": {
            "month": "2009-09",
            "price": "21.28",
            "revenue": 220081
        },
        "2009-10": {
            "month": "2009-10",
            "price": "23.81",
            "revenue": 251752
        },
        "2009-11": {
            "month": "2009-11",
            "price": "23.88",
            "revenue": 222827
        },
        "2009-12": {
            "month": "2009-12",
            "price": "27.15",
            "revenue": 324946
        },
        "2010-01": {
            "month": "2010-01",
            "price": "28.52",
            "revenue": 243515
        },
        "2010-02": {
            "month": "2010-02",
            "price": "25.84",
            "revenue": 262980
        },
        "2010-03": {
            "month": "2010-03",
            "price": "29.73",
            "revenue": 369414
        },
        "2010-04": {
            "month": "2010-04",
            "price": "38.29",
            "revenue": 358669
        },
        "2010-05": {
            "month": "2010-05",
            "price": "41.89",
            "revenue": 361760
        },
        "2010-06": {
            "month": "2010-06",
            "price": "44.76",
            "revenue": 403907
        },
        "2010-07": {
            "month": "2010-07",
            "price": "44.20",
            "revenue": 422012
        },
        "2010-08": {
            "month": "2010-08",
            "price": "45.66",
            "revenue": 469954
        },
        "2010-09": {
            "month": "2010-09",
            "price": "52.52",
            "revenue": 454541
        },
        "2010-10": {
            "month": "2010-10",
            "price": "56.60",
            "revenue": 442923
        },
        "2010-11": {
            "month": "2010-11",
            "price": "53.38",
            "revenue": 420871
        },
        "2010-12": {
            "month": "2010-12",
            "price": "53.77",
            "revenue": 372629
        },
        "2011-01": {
            "month": "2011-01",
            "price": "50.90",
            "revenue": 398426
        },
        "2011-02": {
            "month": "2011-02",
            "price": "48.98",
            "revenue": 370645
        },
        "2011-03": {
            "month": "2011-03",
            "price": "53.45",
            "revenue": 440400
        },
        "2011-04": {
            "month": "2011-04",
            "price": "58.02",
            "revenue": 442399
        },
        "2011-05": {
            "month": "2011-05",
            "price": "57.50",
            "revenue": 427006
        },
        "2011-06": {
            "month": "2011-06",
            "price": "58.36",
            "revenue": 493056
        },
        "2011-07": {
            "month": "2011-07",
            "price": "55.52",
            "revenue": 427560
        },
        "2011-08": {
            "month": "2011-08",
            "price": "49.79",
            "revenue": 430549
        },
        "2011-09": {
            "month": "2011-09",
            "price": "41.22",
            "revenue": 387716
        },
        "2011-10": {
            "month": "2011-10",
            "price": "32.73",
            "revenue": 388840
        },
        "2011-11": {
            "month": "2011-11",
            "price": "32.15",
            "revenue": 361223
        },
        "2011-12": {
            "month": "2011-12",
            "price": "30.58",
            "revenue": 439726
        },
        "2012-01": {
            "month": "2012-01",
            "price": "31.54",
            "revenue": 385424
        },
        "2012-02": {
            "month": "2012-02",
            "price": "39.55",
            "revenue": 351367
        },
        "2012-03": {
            "month": "2012-03",
            "price": "42.05",
            "revenue": 581002
        },
        "2012-04": {
            "month": "2012-04",
            "price": "41.13",
            "revenue": 439194
        },
        "2012-05": {
            "month": "2012-05",
            "price": "37.85",
            "revenue": 488329
        },
        "2012-06": {
            "month": "2012-06",
            "price": "34.68",
            "revenue": 530691
        },
        "2012-07": {
            "month": "2012-07",
            "price": "35.28",
            "revenue": 458823
        },
        "2012-08": {
            "month": "2012-08",
            "price": "32.80",
            "revenue": 490523
        },
        "2012-09": {
            "month": "2012-09",
            "price": "31.63",
            "revenue": 433777
        },
        "2012-10": {
            "month": "2012-10",
            "price": "31.39",
            "revenue": 452806
        },
        "2012-11": {
            "month": "2012-11",
            "price": "31.47",
            "revenue": 482697
        },
        "2012-12": {
            "month": "2012-12",
            "price": "33.59",
            "revenue": 500815
        },
        "2013-01": {
            "month": "2013-01",
            "price": "33.80",
            "revenue": 475200
        },
        "2013-02": {
            "month": "2013-02",
            "price": "33.87",
            "revenue": 328118
        },
        "2013-03": {
            "month": "2013-03",
            "price": "33.55",
            "revenue": 547916
        },
        "2013-04": {
            "month": "2013-04",
            "price": "32.66",
            "revenue": 585647
        },
        "2013-05": {
            "month": "2013-05",
            "price": "34.01",
            "revenue": 627742
        },
        "2013-06": {
            "month": "2013-06",
            "price": "36.28",
            "revenue": 603039
        },
        "2013-07": {
            "month": "2013-07",
            "price": "43.82",
            "revenue": 605554
        },
        "2013-08": {
            "month": "2013-08",
            "price": "48.53",
            "revenue": 555224
        },
        "2013-09": {
            "month": "2013-09",
            "price": "51.34",
            "revenue": 549380
        },
        "2013-10": {
            "month": "2013-10",
            "price": "53.28",
            "revenue": 555171
        },
        "2013-11": {
            "month": "2013-11",
            "price": "53.20",
            "revenue": 534129
        },
        "2013-12": {
            "month": "2013-12",
            "price": "51.56",
            "revenue": 512714
        },
        "2014-01": {
            "month": "2014-01",
            "price": "49.57",
            "revenue": 548219
        },
        "2014-02": {
            "month": "2014-02",
            "price": "51.03",
            "revenue": 478269
        },
        "2014-03": {
            "month": "2014-03",
            "price": "56.39",
            "revenue": 642835
        },
        "2014-04": {
            "month": "2014-04",
            "price": "58.29",
            "revenue": 709338
        },
        "2014-05": {
            "month": "2014-05",
            "price": "58.06",
            "revenue": 796118
        },
        "2014-06": {
            "month": "2014-06",
            "price": "70.06",
            "revenue": 749481
        },
        "2014-07": {
            "month": "2014-07",
            "price": "75.91",
            "revenue": 665421
        },
        "2014-08": {
            "month": "2014-08",
            "price": "77.26",
            "revenue": 702530
        },
        "2014-09": {
            "month": "2014-09",
            "price": "77.50",
            "revenue": 669850
        },
        "2014-10": {
            "month": "2014-10",
            "price": "74.04",
            "revenue": 661379
        },
        "2014-11": {
            "month": "2014-11",
            "price": "73.14",
            "revenue": 665218
        },
        "2014-12": {
            "month": "2014-12",
            "price": "72.72",
            "revenue": 758646
        },
        "2015-01": {
            "month": "2015-01",
            "price": "76.56",
            "revenue": 774905
        },
        "2015-02": {
            "month": "2015-02",
            "price": "80.45",
            "revenue": 645868
        },
        "2015-03": {
            "month": "2015-03",
            "price": "80.60",
            "revenue": 763404
        },
        "2015-04": {
            "month": "2015-04",
            "price": "91.25",
            "revenue": 918464
        },
        "2015-05": {
            "month": "2015-05",
            "price": "98.00",
            "revenue": 685786
        },
        "2015-06": {
            "month": "2015-06",
            "price": "109.07",
            "revenue": 789453
        },
        "2015-07": {
            "month": "2015-07",
            "price": "96.80",
            "revenue": 797743
        },
        "2015-08": {
            "month": "2015-08",
            "price": "78.60",
            "revenue": 788447
        },
        "2015-09": {
            "month": "2015-09",
            "price": "83.13",
            "revenue": 746959
        },
        "2015-10": {
            "month": "2015-10",
            "price": "89.98",
            "revenue": 675218
        },
        "2015-11": {
            "month": "2015-11",
            "price": "82.65",
            "revenue": 620894
        },
        "2015-12": {
            "month": "2015-12",
            "price": "79.54",
            "revenue": 860982
        },
        "2016-01": {
            "month": "2016-01",
            "price": "69.57",
            "revenue": 656428
        },
        "2016-02": {
            "month": "2016-02",
            "price": "73.67",
            "revenue": 617450
        },
        "2016-03": {
            "month": "2016-03",
            "price": "76.36",
            "revenue": 789723
        },
        "2016-04": {
            "month": "2016-04",
            "price": "73.16",
            "revenue": 746321
        },
        "2016-05": {
            "month": "2016-05",
            "price": "63.63",
            "revenue": 730065
        },
        "2016-06": {
            "month": "2016-06",
            "price": "64.64",
            "revenue": 870891
        },
        "2016-07": {
            "month": "2016-07",
            "price": "67.23",
            "revenue": 759715
        },
        "2016-08": {
            "month": "2016-08",
            "price": "59.52",
            "revenue": 801530
        },
        "2016-09": {
            "month": "2016-09",
            "price": "60.63",
            "revenue": 741248
        },
        "2016-10": {
            "month": "2016-10",
            "price": "62.44",
            "revenue": 734121
        },
        "2016-11": {
            "month": "2016-11",
            "price": "55.81",
            "revenue": 916489
        },
        "2016-12": {
            "month": "2016-12",
            "price": "57.19",
            "revenue": 1205760
        },
        "2017-01": {
            "month": "2017-01",
            "price": "64.44",
            "revenue": 696538
        },
        "2017-02": {
            "month": "2017-02",
            "price": "72.96",
            "revenue": 654161
        },
        "2017-03": {
            "month": "2017-03",
            "price": "72.42",
            "revenue": 952075
        },
        "2017-04": {
            "month": "2017-04",
            "price": "67.33",
            "revenue": 841798
        },
        "2017-05": {
            "month": "2017-05",
            "price": "66.66",
            "revenue": 864950
        },
        "2017-06": {
            "month": "2017-06",
            "price": "66.20",
            "revenue": 1013897
        },
        "2017-07": {
            "month": "2017-07",
            "price": "62.36",
            "revenue": 948504
        },
        "2017-08": {
            "month": "2017-08",
            "price": "64.10",
            "revenue": 883230
        },
        "2017-09": {
            "month": "2017-09",
            "price": "65.52",
            "revenue": 1056277
        },
        "2017-10": {
            "month": "2017-10",
            "price": "68.55",
            "revenue": 883065
        },
        "2017-11": {
            "month": "2017-11",
            "price": "66.21",
            "revenue": 911973
        },
        "2017-12": {
            "month": "2017-12",
            "price": "62.70",
            "revenue": 964167
        },
        "2018-01": {
            "month": "2018-01",
            "price": "63.64",
            "revenue": 781650
        },
        "2018-02": {
            "month": "2018-02",
            "price": "61.88",
            "revenue": 596806
        },
        "2018-03": {
            "month": "2018-03",
            "price": "61.45",
            "revenue": 881724
        },
        "2018-04": {
            "month": "2018-04",
            "price": "59.02",
            "revenue": 785419
        },
        "2018-05": {
            "month": "2018-05",
            "price": "57.21",
            "revenue": 946529
        },
        "2018-06": {
            "month": "2018-06",
            "price": "55.74",
            "revenue": 950677
        },
        "2018-07": {
            "month": "2018-07",
            "price": "50.25",
            "revenue": 891612
        },
        "2018-08": {
            "month": "2018-08",
            "price": "48.37",
            "revenue": 842099
        },
        "2018-09": {
            "month": "2018-09",
            "price": "48.68",
            "revenue": 761195
        },
        "2018-10": {
            "month": "2018-10",
            "price": "40.03",
            "revenue": 1000635
        },
        "2018-11": {
            "month": "2018-11",
            "price": "33.70",
            "revenue": 965045
        },
        "2018-12": {
            "month": "2018-12",
            "price": "31.86",
            "revenue": 1086019
        },
        "2019-01": {
            "month": "2019-01",
            "price": "36.38",
            "revenue": 964575
        },
        "2019-02": {
            "month": "2019-02",
            "price": "44.97",
            "revenue": 663589
        },
        "2019-03": {
            "month": "2019-03",
            "price": "43.08",
            "revenue": 1033221
        },
        "2019-04": {
            "month": "2019-04",
            "price": "44.17",
            "revenue": 815699
        },
        "2019-05": {
            "month": "2019-05",
            "price": "40.00",
            "revenue": 792217
        },
        "2019-06": {
            "month": "2019-06",
            "price": "38.28",
            "revenue": 951677
        },
        "2019-07": {
            "month": "2019-07",
            "price": "41.05",
            "revenue": 793279
        },
        "2019-08": {
            "month": "2019-08",
            "price": "46.81",
            "revenue": 836907
        },
        "2019-09": {
            "month": "2019-09",
            "price": "50.32",
            "revenue": 770047
        },
        "2019-10": {
            "month": "2019-10",
            "price": "47.35",
            "revenue": 895601
        },
        "2019-11": {
            "month": "2019-11",
            "price": "47.25",
            "revenue": 769747
        },
        "2019-12": {
            "month": "2019-12",
            "price": "46.92",
            "revenue": 1208690
        },
        "2020-01": {
            "month": "2020-01",
            "price": "48.24",
            "revenue": 624381
        },
        "2020-02": {
            "month": "2020-02",
            "price": "54.03",
            "revenue": 802167
        },
        "2020-03": {
            "month": "2020-03",
            "price": "58.73",
            "revenue": 1053577
        },
        "2020-04": {
            "month": "2020-04",
            "price": "65.34",
            "revenue": 685663
        },
        "2020-05": {
            "month": "2020-05",
            "price": "66.32",
            "revenue": 730001
        },
        "2020-06": {
            "month": "2020-06",
            "price": "74.18",
            "revenue": 737089
        },
        "2020-07": {
            "month": "2020-07",
            "price": "77.79",
            "revenue": 795020
        },
        "2020-08": {
            "month": "2020-08",
            "price": "67.74",
            "revenue": 678307
        },
        "2020-09": {
            "month": "2020-09",
            "price": "68.20",
            "revenue": 817809
        },
        "2020-10": {
            "month": "2020-10",
            "price": "66.21",
            "revenue": 764843
        },
        "2020-11": {
            "month": "2020-11",
            "price": "66.34",
            "revenue": 866198
        },
        "2020-12": {
            "month": "2020-12",
            "price": "65.40",
            "revenue": 1081177
        },
        "2021-01": {
            "month": "2021-01",
            "price": "58.05",
            "revenue": 590372
        },
        "2021-02": {
            "month": "2021-02",
            "price": "57.86",
            "revenue": 664767
        },
        "2021-03": {
            "month": "2021-03",
            "price": "60.92",
            "revenue": 841191
        },
        "2021-04": {
            "month": "2021-04",
            "price": "66.09",
            "revenue": 733980
        },
        "2021-05": {
            "month": "2021-05",
            "price": "58.27",
            "revenue": 574633
        },
        "2021-06": {
            "month": "2021-06",
            "price": "62.36",
            "revenue": 951831
        },
        "2021-07": {
            "month": "2021-07",
            "price": "64.27",
            "revenue": 788487
        },
        "2021-08": {
            "month": "2021-08",
            "price": "62.68",
            "revenue": 681167
        },
        "2021-09": {
            "month": "2021-09",
            "price": "65.07",
            "revenue": 822202
        },
        "2021-10": {
            "month": "2021-10",
            "price": "65.16",
            "revenue": 856989
        },
        "2021-11": {
            "month": "2021-11",
            "price": "66.31",
            "revenue": 893623
        },
        "2021-12": {
            "month": "2021-12",
            "price": "63.33",
            "revenue": 1273812
        },
        "2022-01": {
            "month": "2022-01",
            "price": "62.64",
            "revenue": 899276
        },
        "2022-02": {
            "month": "2022-02",
            "price": "59.74",
            "revenue": 675546
        },
        "2022-03": {
            "month": "2022-03",
            "price": "58.56",
            "revenue": 1006562
        },
        "2022-04": {
            "month": "2022-04",
            "price": "57.94",
            "revenue": 731737
        },
        "2022-05": {
            "month": "2022-05",
            "price": "55.83",
            "revenue": 797037
        },
        "2022-06": {
            "month": "2022-06",
            "price": "55.50",
            "revenue": 1259223
        },
        "2022-07": {
            "month": "2022-07",
            "price": "55.53",
            "revenue": 964990
        },
        "2022-08": {
            "month": "2022-08",
            "price": "57.73",
            "revenue": 1017140
        },
        "2022-09": {
            "month": "2022-09",
            "price": "51.71",
            "revenue": 1078992
        },
        "2022-10": {
            "month": "2022-10",
            "price": "50.24",
            "revenue": 897343
        },
        "2022-11": {
            "month": "2022-11",
            "price": "50.75",
            "revenue": 1122214
        },
        "2022-12": {
            "month": "2022-12",
            "price": "53.19",
            "revenue": 1268115
        },
        "2023-01": {
            "month": "2023-01",
            "price": "55.80",
            "revenue": 933609
        },
        "2023-02": {
            "month": "2023-02",
            "price": "60.80",
            "revenue": 783452
        },
        "2023-03": {
            "month": "2023-03",
            "price": "62.43",
            "revenue": 1162382
        },
        "2023-04": {
            "month": "2023-04",
            "price": "61.20",
            "revenue": 847184
        },
        "2023-05": {
            "month": "2023-05",
            "price": "61.80",
            "revenue": 1009694
        },
        "2023-06": {
            "month": "2023-06",
            "price": "70.76",
            "revenue": 1082662
        },
        "2023-07": {
            "month": "2023-07",
            "price": "75.88",
            "revenue": 869638
        },
        "2023-08": {
            "month": "2023-08",
            "price": "65.59",
            "revenue": 895256
        },
        "2023-09": {
            "month": "2023-09",
            "price": "62.17",
            "revenue": 906965
        },
        "2023-10": {
            "month": "2023-10",
            "price": "62.48",
            "revenue": 800360
        },
        "2023-11": {
            "month": "2023-11",
            "price": "58.61",
            "revenue": 730757
        },
        "2023-12": {
            "month": "2023-12",
            "price": "59.80",
            "revenue": 1392560
        }
    }
}
