{
    "summary": {
        "stock_name": "久正",
        "stock_id": "6167",
        "category": "光電",
        "main_business": "液晶顯示器模組製造及銷售",
        "website_url": "http://www.powertip.com.tw",
        "ceo": "王世岳",
        "pe_ratio": 13,
        "report_year_from": 2001,
        "report_year_to": 2023,
        "age": 22,
        "eps_negative_percentage": 22,
        "eps_growth_avg": {
            "last_all": -8.88,
            "last_2y": 42.11,
            "last_4y": 30.43,
            "last_8y": 22.45,
            "last_12y": 17.96,
            "last_16y": 1.55,
            "last_20y": -8.88,
            "at_2006_last_3y": -21.24,
            "at_2007_last_3y": -74.91,
            "at_2008_last_3y": -87.01,
            "at_2009_last_3y": -80.51,
            "at_2010_last_3y": -80.51,
            "at_2011_last_3y": -100,
            "at_2012_last_3y": 100,
            "at_2013_last_3y": 0,
            "at_2014_last_3y": 0,
            "at_2015_last_3y": -18.07,
            "at_2016_last_3y": -18.07,
            "at_2017_last_3y": 9.14,
            "at_2018_last_3y": 17.48,
            "at_2019_last_3y": 26.87,
            "at_2020_last_3y": -16.55,
            "at_2021_last_3y": 13.04,
            "at_2022_last_3y": 27.41,
            "at_2023_last_3y": 27.41,
            "at_2006_last_all": -40.14,
            "at_2007_last_all": -44.32,
            "at_2008_last_all": -53.6,
            "at_2009_last_all": -53.6,
            "at_2010_last_all": -53.6,
            "at_2011_last_all": -53.6,
            "at_2012_last_all": -31.65,
            "at_2013_last_all": -40.2,
            "at_2014_last_all": -40.2,
            "at_2015_last_all": -41.76,
            "at_2016_last_all": -27.58,
            "at_2017_last_all": -26.74,
            "at_2018_last_all": -20.97,
            "at_2019_last_all": -20.64,
            "at_2020_last_all": -24.43,
            "at_2021_last_all": -16.13,
            "at_2022_last_all": -8.88,
            "at_2023_last_all": -8.88
        },
        "latest_eps": 1.42,
        "latest_price": 18.25,
        "latest_roe": 13.98,
        "latest_gross_margin": 16.54,
        "latest_equity": 1705828,
        "latest_revenue": 456547,
        "latest_gross_profit": 75531,
        "latest_net_income": 25825,
        "latest_debt_ratio": 26.41,
        "latest_current_ratio": 272.48,
        "latest_account_receivable_turnover_ratio": 1.47,
        "latest_inventory_turnover_ratio": 0.95,
        "latest_reinvestment_rate": -4.8,
        "latest_research_to_sale_ratio": 2.87
    },
    "eps_dividends": {
        "2000": {
            "cash": 0,
            "stock": 2.8,
            "eps": 0
        },
        "2001": {
            "cash": 1,
            "stock": 1,
            "eps": 1.27
        },
        "2002": {
            "cash": 0.5,
            "stock": 1,
            "eps": 0.04
        },
        "2003": {
            "cash": 0,
            "stock": 0,
            "eps": 1.13
        },
        "2004": {
            "cash": 0,
            "stock": 0.5,
            "eps": 0.41
        },
        "2005": {
            "cash": 0,
            "stock": 0,
            "eps": -2.77
        },
        "2006": {
            "cash": 0,
            "stock": 0,
            "eps": 0.59
        },
        "2007": {
            "cash": 0,
            "stock": 0,
            "eps": 0.23
        },
        "2008": {
            "cash": 0.2,
            "stock": 0.2,
            "eps": -3.59
        },
        "2009": {
            "cash": 0,
            "stock": 0,
            "eps": -4.22
        },
        "2010": {
            "cash": 0,
            "stock": 0,
            "eps": -0.42
        },
        "2011": {
            "cash": 0,
            "stock": 0,
            "eps": 0.12
        },
        "2012": {
            "cash": 0,
            "stock": 0,
            "eps": 0.44
        },
        "2013": {
            "cash": 0,
            "stock": 0,
            "eps": -0.1
        },
        "2014": {
            "cash": 0,
            "stock": 0,
            "eps": 0.83
        },
        "2015": {
            "cash": 0,
            "stock": 0,
            "eps": 0.38
        },
        "2016": {
            "cash": 0,
            "stock": 0,
            "eps": 0.98
        },
        "2017": {
            "cash": 0,
            "stock": 0,
            "eps": 0.8
        },
        "2018": {
            "cash": 0,
            "stock": 0,
            "eps": 1.14
        },
        "2019": {
            "cash": 0,
            "stock": 0,
            "eps": 0.95
        },
        "2020": {
            "cash": 0,
            "stock": 0,
            "eps": 0.25
        },
        "2021": {
            "cash": 0,
            "stock": 0,
            "eps": 0.5
        },
        "2022": {
            "cash": 0.19,
            "stock": 0,
            "eps": 1.53
        },
        "2023": {
            "cash": 0.7,
            "stock": 0,
            "eps": 0.16
        }
    },
    "dividends": {
        "2000-05-31": {
            "cash": 0,
            "stock": 2.8
        },
        "2001-06-08": {
            "cash": 1,
            "stock": 1
        },
        "2002-06-10": {
            "cash": 0.5,
            "stock": 1
        },
        "2004-03-29": {
            "cash": 0,
            "stock": 0.5
        },
        "2008-03-25": {
            "cash": 0.2,
            "stock": 0.2
        },
        "2022-09-15": {
            "cash": 0.19,
            "stock": 0
        },
        "2023-03-21": {
            "cash": 0.7,
            "stock": 0
        }
    },
    "prices": {
        "200101": "無",
        "200102": "無",
        "200103": "無",
        "200104": "無",
        "200105": "無",
        "200106": "無",
        "200107": "無",
        "200108": "無",
        "200109": "無",
        "200110": "無",
        "200111": "無",
        "200112": "無",
        "200201": "無",
        "200202": "無",
        "200203": "31.92",
        "200204": "36.40",
        "200205": "26.95",
        "200206": "23.12",
        "200207": "18.59",
        "200208": "17.53",
        "200209": "17.42",
        "200210": "17.26",
        "200211": "17.54",
        "200212": "16.48",
        "200301": "15.07",
        "200302": "14.13",
        "200303": "13.56",
        "200304": "14.55",
        "200305": "13.55",
        "200306": "15.32",
        "200307": "19.92",
        "200308": "18.18",
        "200309": "16.70",
        "200310": "16.45",
        "200311": "18.14",
        "200312": "25.81",
        "200401": "26.99",
        "200402": "26.32",
        "200403": "27.53",
        "200404": "28.35",
        "200405": "22.66",
        "200406": "21.49",
        "200407": "18.29",
        "200408": "15.70",
        "200409": "15.45",
        "200410": "14.22",
        "200411": "13.52",
        "200412": "13.82",
        "200501": "12.97",
        "200502": "12.45",
        "200503": "12.86",
        "200504": "11.84",
        "200505": "9.06",
        "200506": "9.67",
        "200507": "10.11",
        "200508": "7.55",
        "200509": "7.44",
        "200510": "8.17",
        "200511": "8.08",
        "200512": "8.79",
        "200601": "9.03",
        "200602": "8.57",
        "200603": "8.67",
        "200604": "9.52",
        "200605": "9.50",
        "200606": "7.81",
        "200607": "8.95",
        "200608": "9.13",
        "200609": "9.77",
        "200610": "10.29",
        "200611": "10.98",
        "200612": "13.82",
        "200701": "13.98",
        "200702": "13.29",
        "200703": "13.14",
        "200704": "14.32",
        "200705": "16.09",
        "200706": "21.88",
        "200707": "22.34",
        "200708": "18.91",
        "200709": "16.62",
        "200710": "17.47",
        "200711": "14.47",
        "200712": "11.02",
        "200801": "8.73",
        "200802": "8.11",
        "200803": "9.78",
        "200804": "13.76",
        "200805": "11.52",
        "200806": "9.04",
        "200807": "6.71",
        "200808": "6.56",
        "200809": "5.01",
        "200810": "3.49",
        "200811": "2.31",
        "200812": "2.39",
        "200901": "2.21",
        "200902": "2.38",
        "200903": "4.34",
        "200904": "5.23",
        "200905": "4.81",
        "200906": "4.12",
        "200907": "4.04",
        "200908": "3.82",
        "200909": "4.07",
        "200910": "4.47",
        "200911": "4.16",
        "200912": "5.32",
        "201001": "6.30",
        "201002": "5.56",
        "201003": "5.74",
        "201004": "6.09",
        "201005": "3.78",
        "201006": "2.84",
        "201007": "3.66",
        "201008": "3.62",
        "201009": "3.69",
        "201010": "4.93",
        "201011": "4.42",
        "201012": "4.59",
        "201101": "4.32",
        "201102": "3.90",
        "201103": "3.50",
        "201104": "3.07",
        "201105": "2.46",
        "201106": "2.45",
        "201107": "1.92",
        "201108": "1.63",
        "201109": "1.78",
        "201110": "1.68",
        "201111": "1.95",
        "201112": "1.98",
        "201201": "2.00",
        "201202": "2.48",
        "201203": "2.26",
        "201204": "2.27",
        "201205": "2.30",
        "201206": "2.13",
        "201207": "2.38",
        "201208": "2.55",
        "201209": "2.93",
        "201210": "2.66",
        "201211": "2.55",
        "201212": "2.27",
        "201301": "2.08",
        "201302": "2.08",
        "201303": "2.11",
        "201304": "2.10",
        "201305": "2.24",
        "201306": "2.31",
        "201307": "2.05",
        "201308": "1.92",
        "201309": "1.96",
        "201310": "1.98",
        "201311": "1.91",
        "201312": "1.98",
        "201401": "2.11",
        "201402": "2.27",
        "201403": "2.88",
        "201404": "3.61",
        "201405": "3.41",
        "201406": "3.24",
        "201407": "3.08",
        "201408": "3.17",
        "201409": "2.97",
        "201410": "2.95",
        "201411": "3.14",
        "201412": "3.02",
        "201501": "3.27",
        "201502": "3.53",
        "201503": "3.80",
        "201504": "5.89",
        "201505": "5.89",
        "201506": "4.86",
        "201507": "4.04",
        "201508": "3.34",
        "201509": "3.73",
        "201510": "4.06",
        "201511": "4.53",
        "201512": "4.32",
        "201601": "4.21",
        "201602": "4.36",
        "201603": "5.79",
        "201604": "5.90",
        "201605": "6.45",
        "201606": "7.13",
        "201607": "6.99",
        "201608": "7.86",
        "201609": "7.23",
        "201610": "6.32",
        "201611": "6.28",
        "201612": "6.54",
        "201701": "6.55",
        "201702": "7.89",
        "201703": "9.19",
        "201704": "9.07",
        "201705": "8.61",
        "201706": "8.64",
        "201707": "8.11",
        "201708": "8.26",
        "201709": "8.91",
        "201710": "8.85",
        "201711": "8.34",
        "201712": "7.86",
        "201801": "7.67",
        "201802": "7.15",
        "201803": "7.03",
        "201804": "6.79",
        "201805": "6.46",
        "201806": "7.44",
        "201807": "6.92",
        "201808": "7.12",
        "201809": "6.96",
        "201810": "6.45",
        "201811": "6.75",
        "201812": "6.86",
        "201901": "6.80",
        "201902": "7.16",
        "201903": "7.28",
        "201904": "8.69",
        "201905": "7.68",
        "201906": "7.31",
        "201907": "8.04",
        "201908": "8.03",
        "201909": "7.68",
        "201910": "7.42",
        "201911": "7.53",
        "201912": "7.91",
        "202001": "7.52",
        "202002": "6.99",
        "202003": "5.74",
        "202004": "5.84",
        "202005": "6.56",
        "202006": "6.96",
        "202007": "7.19",
        "202008": "7.04",
        "202009": "7.39",
        "202010": "7.06",
        "202011": "6.89",
        "202012": "7.34",
        "202101": "7.85",
        "202102": "7.55",
        "202103": "8.02",
        "202104": "10.02",
        "202105": "8.60",
        "202106": "8.57",
        "202107": "8.84",
        "202108": "8.84",
        "202109": "8.80",
        "202110": "9.00",
        "202111": "10.93",
        "202112": "14.69",
        "202201": "14.85",
        "202202": "14.44",
        "202203": "12.80",
        "202204": "11.98",
        "202205": "11.48",
        "202206": "13.00",
        "202207": "12.14",
        "202208": "14.54",
        "202209": "13.87",
        "202210": "11.91",
        "202211": "12.73",
        "202212": "12.27",
        "202301": "11.82",
        "202302": "12.49",
        "202303": "13.24",
        "202304": "15.88",
        "202305": "17.39",
        "202306": "18.28"
    },
    "quarters": {
        "20011": {
            "year_quarter": 20011,
            "year": 2001,
            "quarter": 1,
            "eps": 0.25,
            "eps_growth_year": null,
            "eps_4q": null,
            "eps_4q_growth_year": null,
            "roe": 1.44,
            "roe_4q": 1.44,
            "gross_profit": 41529,
            "gross_margin": 18.38,
            "gross_margin_4q_avg": 18.38,
            "net_income": 11932,
            "revenue": 225961,
            "common_shares": 476500,
            "book_valuer_per_share": 17.54,
            "book_valuer_per_share_4q_avg": 17.54,
            "equity": 835924,
            "current_ratio": 332.08,
            "debt_ratio": 19.87,
            "inventory_turnover_ratio": 0.7,
            "account_receivable_turnover_ratio": null,
            "reinvestment_rate": null,
            "research_to_sale_ratio": null,
            "price_fair": 0,
            "eps_avg_yearly": 0,
            "eps_latest_yearly": 0,
            "eps_growth_yearly": 0
        },
        "20012": {
            "year_quarter": 20012,
            "year": 2001,
            "quarter": 2,
            "eps": 0.37,
            "eps_growth_year": null,
            "eps_4q": null,
            "eps_4q_growth_year": null,
            "roe": 2.4,
            "roe_4q": 3.84,
            "gross_profit": 60167,
            "gross_margin": 21.08,
            "gross_margin_4q_avg": 19.73,
            "net_income": 19747,
            "revenue": 285455,
            "common_shares": 531430,
            "book_valuer_per_share": 15.19,
            "book_valuer_per_share_4q_avg": 16.37,
            "equity": 807494,
            "current_ratio": 255.83,
            "debt_ratio": 25.88,
            "inventory_turnover_ratio": 0.88,
            "account_receivable_turnover_ratio": null,
            "reinvestment_rate": null,
            "research_to_sale_ratio": null,
            "price_fair": 0,
            "eps_avg_yearly": 0,
            "eps_latest_yearly": 0,
            "eps_growth_yearly": 0
        },
        "20013": {
            "year_quarter": 20013,
            "year": 2001,
            "quarter": 3,
            "eps": 0.42,
            "eps_growth_year": null,
            "eps_4q": null,
            "eps_4q_growth_year": null,
            "roe": 2.7,
            "roe_4q": 6.539999999999999,
            "gross_profit": 62449,
            "gross_margin": 23.76,
            "gross_margin_4q_avg": 21.07,
            "net_income": 22100,
            "revenue": 262862,
            "common_shares": 531430,
            "book_valuer_per_share": 15.61,
            "book_valuer_per_share_4q_avg": 16.11,
            "equity": 829768,
            "current_ratio": 334.86,
            "debt_ratio": 19.32,
            "inventory_turnover_ratio": 0.85,
            "account_receivable_turnover_ratio": null,
            "reinvestment_rate": null,
            "research_to_sale_ratio": null,
            "price_fair": 0,
            "eps_avg_yearly": 0,
            "eps_latest_yearly": 0,
            "eps_growth_yearly": 0
        },
        "20014": {
            "year_quarter": 20014,
            "year": 2001,
            "quarter": 4,
            "eps": 0.23,
            "eps_growth_year": null,
            "eps_4q": 1.25,
            "eps_4q_growth_year": null,
            "roe": 1.45,
            "roe_4q": 7.99,
            "gross_profit": 40863,
            "gross_margin": 23.05,
            "gross_margin_4q_avg": 21.57,
            "net_income": 12103,
            "revenue": 177253,
            "common_shares": 531430,
            "book_valuer_per_share": 15.86,
            "book_valuer_per_share_4q_avg": 16.05,
            "equity": 842888,
            "current_ratio": 390.14,
            "debt_ratio": 15.88,
            "inventory_turnover_ratio": 0.64,
            "account_receivable_turnover_ratio": null,
            "reinvestment_rate": null,
            "research_to_sale_ratio": null,
            "price_fair": 0,
            "eps_avg_yearly": 0,
            "eps_latest_yearly": 0,
            "eps_growth_yearly": 0
        },
        "20021": {
            "year_quarter": 20021,
            "year": 2002,
            "quarter": 1,
            "eps": 0.15,
            "eps_growth_year": -40,
            "eps_4q": 1.13,
            "eps_4q_growth_year": null,
            "roe": 0.91,
            "roe_4q": 7.460000000000001,
            "gross_profit": 47544,
            "gross_margin": 22.24,
            "gross_margin_4q_avg": 22.53,
            "net_income": 8295,
            "revenue": 213795,
            "common_shares": 591430,
            "book_valuer_per_share": 16.42,
            "book_valuer_per_share_4q_avg": 15.77,
            "equity": 971177,
            "current_ratio": 418.56,
            "debt_ratio": 16.31,
            "inventory_turnover_ratio": 0.84,
            "account_receivable_turnover_ratio": null,
            "reinvestment_rate": null,
            "research_to_sale_ratio": null,
            "price_fair": 1.8,
            "eps_avg_yearly": 0.6,
            "eps_latest_yearly": 0.6,
            "eps_growth_yearly": -139.13
        },
        "20022": {
            "year_quarter": 20022,
            "year": 2002,
            "quarter": 2,
            "eps": -0.13,
            "eps_growth_year": -135.14,
            "eps_4q": 0.58,
            "eps_4q_growth_year": null,
            "roe": -0.87,
            "roe_4q": 4.19,
            "gross_profit": 43027,
            "gross_margin": 18.7,
            "gross_margin_4q_avg": 21.94,
            "net_income": -8219,
            "revenue": 230082,
            "common_shares": 591430,
            "book_valuer_per_share": 15.68,
            "book_valuer_per_share_4q_avg": 15.89,
            "equity": 927325,
            "current_ratio": 326.57,
            "debt_ratio": 20.47,
            "inventory_turnover_ratio": 1,
            "account_receivable_turnover_ratio": null,
            "reinvestment_rate": null,
            "research_to_sale_ratio": null,
            "price_fair": 1.8,
            "eps_avg_yearly": 0.6,
            "eps_latest_yearly": 0.6,
            "eps_growth_yearly": -139.13
        },
        "20023": {
            "year_quarter": 20023,
            "year": 2002,
            "quarter": 3,
            "eps": -0.06,
            "eps_growth_year": -114.29,
            "eps_4q": 0.13,
            "eps_4q_growth_year": null,
            "roe": -0.38,
            "roe_4q": 1.1099999999999999,
            "gross_profit": 44204,
            "gross_margin": 18.94,
            "gross_margin_4q_avg": 20.73,
            "net_income": -3475,
            "revenue": 233328,
            "common_shares": 656139,
            "book_valuer_per_share": 13.4,
            "book_valuer_per_share_4q_avg": 15.34,
            "equity": 879375,
            "current_ratio": 322.34,
            "debt_ratio": 20.53,
            "inventory_turnover_ratio": 0.99,
            "account_receivable_turnover_ratio": null,
            "reinvestment_rate": null,
            "research_to_sale_ratio": null,
            "price_fair": 1.8,
            "eps_avg_yearly": 0.6,
            "eps_latest_yearly": 0.6,
            "eps_growth_yearly": -139.13
        },
        "20024": {
            "year_quarter": 20024,
            "year": 2002,
            "quarter": 4,
            "eps": 0.08,
            "eps_growth_year": -65.22,
            "eps_4q": 0.01,
            "eps_4q_growth_year": -99.08,
            "roe": 0.47,
            "roe_4q": 0.13,
            "gross_profit": 36886,
            "gross_margin": 15.74,
            "gross_margin_4q_avg": 18.91,
            "net_income": 3968,
            "revenue": 234418,
            "common_shares": 656139,
            "book_valuer_per_share": 12.45,
            "book_valuer_per_share_4q_avg": 14.49,
            "equity": 816884,
            "current_ratio": 251.6,
            "debt_ratio": 26.88,
            "inventory_turnover_ratio": 0.97,
            "account_receivable_turnover_ratio": null,
            "reinvestment_rate": null,
            "research_to_sale_ratio": null,
            "price_fair": 1.8,
            "eps_avg_yearly": 0.6,
            "eps_latest_yearly": 0.6,
            "eps_growth_yearly": -139.13
        },
        "20031": {
            "year_quarter": 20031,
            "year": 2003,
            "quarter": 1,
            "eps": -0.03,
            "eps_growth_year": -120,
            "eps_4q": -0.18,
            "eps_4q_growth_year": -116.05,
            "roe": -0.19,
            "roe_4q": -0.97,
            "gross_profit": 39749,
            "gross_margin": 14.41,
            "gross_margin_4q_avg": 16.95,
            "net_income": -1539,
            "revenue": 275883,
            "common_shares": 656139,
            "book_valuer_per_share": 12.42,
            "book_valuer_per_share_4q_avg": 13.49,
            "equity": 815210,
            "current_ratio": 230.98,
            "debt_ratio": 30,
            "inventory_turnover_ratio": 1.06,
            "account_receivable_turnover_ratio": null,
            "reinvestment_rate": null,
            "research_to_sale_ratio": null,
            "price_fair": 1.8,
            "eps_avg_yearly": 0.6,
            "eps_latest_yearly": 0.6,
            "eps_growth_yearly": -139.13
        },
        "20032": {
            "year_quarter": 20032,
            "year": 2003,
            "quarter": 2,
            "eps": 0.33,
            "eps_growth_year": null,
            "eps_4q": 0.31,
            "eps_4q_growth_year": -46.09,
            "roe": 2.39,
            "roe_4q": 2.29,
            "gross_profit": 49477,
            "gross_margin": 13.95,
            "gross_margin_4q_avg": 15.76,
            "net_income": 19691,
            "revenue": 354607,
            "common_shares": 656139,
            "book_valuer_per_share": 12.72,
            "book_valuer_per_share_4q_avg": 12.75,
            "equity": 834461,
            "current_ratio": 178.14,
            "debt_ratio": 38.09,
            "inventory_turnover_ratio": 1.19,
            "account_receivable_turnover_ratio": null,
            "reinvestment_rate": null,
            "research_to_sale_ratio": null,
            "price_fair": 1.8,
            "eps_avg_yearly": 0.6,
            "eps_latest_yearly": 0.6,
            "eps_growth_yearly": -139.13
        },
        "20033": {
            "year_quarter": 20033,
            "year": 2003,
            "quarter": 3,
            "eps": 0.14,
            "eps_growth_year": null,
            "eps_4q": 0.53,
            "eps_4q_growth_year": 296.04,
            "roe": 0.98,
            "roe_4q": 3.6500000000000004,
            "gross_profit": 61016,
            "gross_margin": 15.62,
            "gross_margin_4q_avg": 14.93,
            "net_income": 8036,
            "revenue": 390696,
            "common_shares": 656139,
            "book_valuer_per_share": 12.32,
            "book_valuer_per_share_4q_avg": 12.48,
            "equity": 808513,
            "current_ratio": 145.47,
            "debt_ratio": 43.92,
            "inventory_turnover_ratio": 1.21,
            "account_receivable_turnover_ratio": null,
            "reinvestment_rate": null,
            "research_to_sale_ratio": null,
            "price_fair": 1.74,
            "eps_avg_yearly": 0.58,
            "eps_latest_yearly": 0.56,
            "eps_growth_yearly": -184.72
        },
        "20034": {
            "year_quarter": 20034,
            "year": 2003,
            "quarter": 4,
            "eps": 0.69,
            "eps_growth_year": 762.5,
            "eps_4q": 1.13,
            "eps_4q_growth_year": 9749.65,
            "roe": 3.67,
            "roe_4q": 6.8500000000000005,
            "gross_profit": 45628,
            "gross_margin": 13.05,
            "gross_margin_4q_avg": 14.26,
            "net_income": 41072,
            "revenue": 349735,
            "common_shares": 656139,
            "book_valuer_per_share": 12.98,
            "book_valuer_per_share_4q_avg": 12.61,
            "equity": 1431343,
            "current_ratio": 131.94,
            "debt_ratio": 56.57,
            "inventory_turnover_ratio": 0.72,
            "account_receivable_turnover_ratio": null,
            "reinvestment_rate": null,
            "research_to_sale_ratio": null,
            "price_fair": 45.73,
            "eps_avg_yearly": 1.31,
            "eps_latest_yearly": 2.76,
            "eps_growth_yearly": 400.67
        },
        "20041": {
            "year_quarter": 20041,
            "year": 2004,
            "quarter": 1,
            "eps": 0.23,
            "eps_growth_year": null,
            "eps_4q": 1.41,
            "eps_4q_growth_year": null,
            "roe": 1.18,
            "roe_4q": 8.22,
            "gross_profit": 57630,
            "gross_margin": 15.15,
            "gross_margin_4q_avg": 14.44,
            "net_income": 13466,
            "revenue": 380432,
            "common_shares": 656139,
            "book_valuer_per_share": 13.08,
            "book_valuer_per_share_4q_avg": 12.78,
            "equity": 858297,
            "current_ratio": 148.33,
            "debt_ratio": 41.33,
            "inventory_turnover_ratio": 0.75,
            "account_receivable_turnover_ratio": null,
            "reinvestment_rate": null,
            "research_to_sale_ratio": null,
            "price_fair": 42.35,
            "eps_avg_yearly": 1.21,
            "eps_latest_yearly": 0.92,
            "eps_growth_yearly": 233.83
        },
        "20042": {
            "year_quarter": 20042,
            "year": 2004,
            "quarter": 2,
            "eps": 0.55,
            "eps_growth_year": 66.67,
            "eps_4q": 1.53,
            "eps_4q_growth_year": 390.48,
            "roe": 3.85,
            "roe_4q": 9.68,
            "gross_profit": 81284,
            "gross_margin": 11.6,
            "gross_margin_4q_avg": 13.86,
            "net_income": 35025,
            "revenue": 700909,
            "common_shares": 656139,
            "book_valuer_per_share": 14.64,
            "book_valuer_per_share_4q_avg": 13.26,
            "equity": 960693,
            "current_ratio": 129.56,
            "debt_ratio": 52.8,
            "inventory_turnover_ratio": 1.88,
            "account_receivable_turnover_ratio": null,
            "reinvestment_rate": null,
            "research_to_sale_ratio": null,
            "price_fair": 49.28,
            "eps_avg_yearly": 1.41,
            "eps_latest_yearly": 2.2,
            "eps_growth_yearly": 298.37
        },
        "20043": {
            "year_quarter": 20043,
            "year": 2004,
            "quarter": 3,
            "eps": 0.74,
            "eps_growth_year": 428.57,
            "eps_4q": 2.04,
            "eps_4q_growth_year": 288.71,
            "roe": 4.06,
            "roe_4q": 12.76,
            "gross_profit": 99292,
            "gross_margin": 14.27,
            "gross_margin_4q_avg": 13.52,
            "net_income": 50897,
            "revenue": 695866,
            "common_shares": 1103027,
            "book_valuer_per_share": 14,
            "book_valuer_per_share_4q_avg": 13.68,
            "equity": 1543741,
            "current_ratio": 130.15,
            "debt_ratio": 66.16,
            "inventory_turnover_ratio": 0.91,
            "account_receivable_turnover_ratio": null,
            "reinvestment_rate": null,
            "research_to_sale_ratio": null,
            "price_fair": 58.33,
            "eps_avg_yearly": 1.67,
            "eps_latest_yearly": 2.96,
            "eps_growth_yearly": 271.67
        },
        "20044": {
            "year_quarter": 20044,
            "year": 2004,
            "quarter": 4,
            "eps": -1.11,
            "eps_growth_year": -260.87,
            "eps_4q": 0.06,
            "eps_4q_growth_year": -94.5,
            "roe": -5.78,
            "roe_4q": 3.3099999999999996,
            "gross_profit": 45042,
            "gross_margin": 6.93,
            "gross_margin_4q_avg": 11.99,
            "net_income": -86255,
            "revenue": 649728,
            "common_shares": 1103027,
            "book_valuer_per_share": 12.35,
            "book_valuer_per_share_4q_avg": 13.52,
            "equity": 1440354,
            "current_ratio": 127.12,
            "debt_ratio": 68.52,
            "inventory_turnover_ratio": 0.62,
            "account_receivable_turnover_ratio": null,
            "reinvestment_rate": 1314.55,
            "research_to_sale_ratio": null,
            "price_fair": 58.33,
            "eps_avg_yearly": 1.67,
            "eps_latest_yearly": 2.96,
            "eps_growth_yearly": 271.67
        },
        "20051": {
            "year_quarter": 20051,
            "year": 2005,
            "quarter": 1,
            "eps": -0.46,
            "eps_growth_year": -300,
            "eps_4q": -0.46,
            "eps_4q_growth_year": -132.97,
            "roe": -3.39,
            "roe_4q": -1.2600000000000002,
            "gross_profit": 32254,
            "gross_margin": 4.83,
            "gross_margin_4q_avg": 9.41,
            "net_income": -46518,
            "revenue": 667946,
            "common_shares": 1103473,
            "book_valuer_per_share": 11.85,
            "book_valuer_per_share_4q_avg": 13.21,
            "equity": 1307121,
            "current_ratio": 130.85,
            "debt_ratio": 68.04,
            "inventory_turnover_ratio": 0.66,
            "account_receivable_turnover_ratio": null,
            "reinvestment_rate": 1537.27,
            "research_to_sale_ratio": null,
            "price_fair": 58.33,
            "eps_avg_yearly": 1.67,
            "eps_latest_yearly": 2.96,
            "eps_growth_yearly": 271.67
        },
        "20052": {
            "year_quarter": 20052,
            "year": 2005,
            "quarter": 2,
            "eps": -2.97,
            "eps_growth_year": -640,
            "eps_4q": -3.47,
            "eps_4q_growth_year": -326.1,
            "roe": -26.08,
            "roe_4q": -31.19,
            "gross_profit": 53714,
            "gross_margin": 7.57,
            "gross_margin_4q_avg": 8.4,
            "net_income": -300505,
            "revenue": 709880,
            "common_shares": 1103473,
            "book_valuer_per_share": 9.04,
            "book_valuer_per_share_4q_avg": 11.81,
            "equity": 997367,
            "current_ratio": 106.36,
            "debt_ratio": 74.64,
            "inventory_turnover_ratio": 0.78,
            "account_receivable_turnover_ratio": null,
            "reinvestment_rate": null,
            "research_to_sale_ratio": null,
            "price_fair": 58.33,
            "eps_avg_yearly": 1.67,
            "eps_latest_yearly": 2.96,
            "eps_growth_yearly": 271.67
        },
        "20053": {
            "year_quarter": 20053,
            "year": 2005,
            "quarter": 3,
            "eps": 0.31,
            "eps_growth_year": -58.11,
            "eps_4q": -3.95,
            "eps_4q_growth_year": -293.56,
            "roe": 3.08,
            "roe_4q": -32.17,
            "gross_profit": 48311,
            "gross_margin": 5.58,
            "gross_margin_4q_avg": 6.23,
            "net_income": 31509,
            "revenue": 865631,
            "common_shares": 1103473,
            "book_valuer_per_share": 9.52,
            "book_valuer_per_share_4q_avg": 10.69,
            "equity": 1050075,
            "current_ratio": 106.03,
            "debt_ratio": 75.09,
            "inventory_turnover_ratio": 1.08,
            "account_receivable_turnover_ratio": null,
            "reinvestment_rate": null,
            "research_to_sale_ratio": null,
            "price_fair": 58.33,
            "eps_avg_yearly": 1.67,
            "eps_latest_yearly": 2.96,
            "eps_growth_yearly": 271.67
        },
        "20054": {
            "year_quarter": 20054,
            "year": 2005,
            "quarter": 4,
            "eps": 0.35,
            "eps_growth_year": null,
            "eps_4q": -2.81,
            "eps_4q_growth_year": -4626.29,
            "roe": 3.11,
            "roe_4q": -23.28,
            "gross_profit": 51000,
            "gross_margin": 5.46,
            "gross_margin_4q_avg": 5.86,
            "net_income": 34924,
            "revenue": 934686,
            "common_shares": 1061113,
            "book_valuer_per_share": 10.13,
            "book_valuer_per_share_4q_avg": 10.14,
            "equity": 1194152,
            "current_ratio": 93,
            "debt_ratio": 73.8,
            "inventory_turnover_ratio": 0.98,
            "account_receivable_turnover_ratio": null,
            "reinvestment_rate": null,
            "research_to_sale_ratio": null,
            "price_fair": 57,
            "eps_avg_yearly": 1.63,
            "eps_latest_yearly": 1.4,
            "eps_growth_yearly": 240.23
        },
        "20061": {
            "year_quarter": 20061,
            "year": 2006,
            "quarter": 1,
            "eps": 0.09,
            "eps_growth_year": null,
            "eps_4q": -2.35,
            "eps_4q_growth_year": null,
            "roe": 0.76,
            "roe_4q": -19.13,
            "gross_profit": 86972,
            "gross_margin": 9.95,
            "gross_margin_4q_avg": 7.14,
            "net_income": 8628,
            "revenue": 873886,
            "common_shares": 1048613,
            "book_valuer_per_share": 10.3,
            "book_valuer_per_share_4q_avg": 9.75,
            "equity": 1079935,
            "current_ratio": 100.03,
            "debt_ratio": 71.31,
            "inventory_turnover_ratio": 0.87,
            "account_receivable_turnover_ratio": null,
            "reinvestment_rate": null,
            "research_to_sale_ratio": null,
            "price_fair": 55.8,
            "eps_avg_yearly": 1.59,
            "eps_latest_yearly": 0.36,
            "eps_growth_yearly": 217.66
        },
        "20062": {
            "year_quarter": 20062,
            "year": 2006,
            "quarter": 2,
            "eps": 0.1,
            "eps_growth_year": null,
            "eps_4q": 0.88,
            "eps_4q_growth_year": null,
            "roe": 0.89,
            "roe_4q": 7.84,
            "gross_profit": 92963,
            "gross_margin": 10.23,
            "gross_margin_4q_avg": 7.81,
            "net_income": 9650,
            "revenue": 908367,
            "common_shares": 1048613,
            "book_valuer_per_share": 10.39,
            "book_valuer_per_share_4q_avg": 10.09,
            "equity": 1089881,
            "current_ratio": 76.15,
            "debt_ratio": 69.78,
            "inventory_turnover_ratio": 1.09,
            "account_receivable_turnover_ratio": null,
            "reinvestment_rate": null,
            "research_to_sale_ratio": null,
            "price_fair": 50.58,
            "eps_avg_yearly": 1.45,
            "eps_latest_yearly": 0.4,
            "eps_growth_yearly": 196.01
        },
        "20063": {
            "year_quarter": 20063,
            "year": 2006,
            "quarter": 3,
            "eps": 0.58,
            "eps_growth_year": 87.1,
            "eps_4q": 1.12,
            "eps_4q_growth_year": null,
            "roe": 5.08,
            "roe_4q": 9.84,
            "gross_profit": 127581,
            "gross_margin": 11.66,
            "gross_margin_4q_avg": 9.33,
            "net_income": 57250,
            "revenue": 1094577,
            "common_shares": 1048613,
            "book_valuer_per_share": 11.08,
            "book_valuer_per_share_4q_avg": 10.48,
            "equity": 1162069,
            "current_ratio": 80.11,
            "debt_ratio": 68.09,
            "inventory_turnover_ratio": 1.35,
            "account_receivable_turnover_ratio": null,
            "reinvestment_rate": null,
            "research_to_sale_ratio": null,
            "price_fair": 53.98,
            "eps_avg_yearly": 1.54,
            "eps_latest_yearly": 2.32,
            "eps_growth_yearly": 387.56
        },
        "20064": {
            "year_quarter": 20064,
            "year": 2006,
            "quarter": 4,
            "eps": -0.18,
            "eps_growth_year": -151.43,
            "eps_4q": 0.54,
            "eps_4q_growth_year": null,
            "roe": -1.35,
            "roe_4q": 5.38,
            "gross_profit": 91190,
            "gross_margin": 9.6,
            "gross_margin_4q_avg": 10.36,
            "net_income": -18522,
            "revenue": 949753,
            "common_shares": 1366697,
            "book_valuer_per_share": 10.71,
            "book_valuer_per_share_4q_avg": 10.62,
            "equity": 1584680,
            "current_ratio": 95.51,
            "debt_ratio": 63.18,
            "inventory_turnover_ratio": 1.07,
            "account_receivable_turnover_ratio": null,
            "reinvestment_rate": null,
            "research_to_sale_ratio": null,
            "price_fair": 53.98,
            "eps_avg_yearly": 1.54,
            "eps_latest_yearly": 2.32,
            "eps_growth_yearly": 387.56
        },
        "20071": {
            "year_quarter": 20071,
            "year": 2007,
            "quarter": 1,
            "eps": -0.09,
            "eps_growth_year": -200,
            "eps_4q": 0.29,
            "eps_4q_growth_year": null,
            "roe": -0.76,
            "roe_4q": 3.86,
            "gross_profit": 68917,
            "gross_margin": 6.9,
            "gross_margin_4q_avg": 9.6,
            "net_income": -11567,
            "revenue": 998156,
            "common_shares": 1373488,
            "book_valuer_per_share": 10.72,
            "book_valuer_per_share_4q_avg": 10.73,
            "equity": 1472065,
            "current_ratio": 104.01,
            "debt_ratio": 58.78,
            "inventory_turnover_ratio": 1.21,
            "account_receivable_turnover_ratio": null,
            "reinvestment_rate": null,
            "research_to_sale_ratio": null,
            "price_fair": 53.98,
            "eps_avg_yearly": 1.54,
            "eps_latest_yearly": 2.32,
            "eps_growth_yearly": 387.56
        },
        "20072": {
            "year_quarter": 20072,
            "year": 2007,
            "quarter": 2,
            "eps": 0.25,
            "eps_growth_year": 150,
            "eps_4q": 0.46,
            "eps_4q_growth_year": -48.13,
            "roe": 1.95,
            "roe_4q": 4.92,
            "gross_profit": 84893,
            "gross_margin": 6.79,
            "gross_margin_4q_avg": 8.74,
            "net_income": 33076,
            "revenue": 1249494,
            "common_shares": 1664551,
            "book_valuer_per_share": 11.52,
            "book_valuer_per_share_4q_avg": 11.01,
            "equity": 1916955,
            "current_ratio": 151.21,
            "debt_ratio": 47.19,
            "inventory_turnover_ratio": 1.93,
            "account_receivable_turnover_ratio": null,
            "reinvestment_rate": null,
            "research_to_sale_ratio": null,
            "price_fair": 53.98,
            "eps_avg_yearly": 1.54,
            "eps_latest_yearly": 2.32,
            "eps_growth_yearly": 387.56
        },
        "20073": {
            "year_quarter": 20073,
            "year": 2007,
            "quarter": 3,
            "eps": 0.19,
            "eps_growth_year": -67.24,
            "eps_4q": 0.21,
            "eps_4q_growth_year": -81.17,
            "roe": 1.41,
            "roe_4q": 1.2499999999999996,
            "gross_profit": 91526,
            "gross_margin": 7.69,
            "gross_margin_4q_avg": 7.75,
            "net_income": 27424,
            "revenue": 1190038,
            "common_shares": 1681277,
            "book_valuer_per_share": 11.73,
            "book_valuer_per_share_4q_avg": 11.17,
            "equity": 1972270,
            "current_ratio": 168.95,
            "debt_ratio": 47.78,
            "inventory_turnover_ratio": 1.82,
            "account_receivable_turnover_ratio": null,
            "reinvestment_rate": null,
            "research_to_sale_ratio": null,
            "price_fair": 54.76,
            "eps_avg_yearly": 1.56,
            "eps_latest_yearly": 0.76,
            "eps_growth_yearly": 402.49
        },
        "20074": {
            "year_quarter": 20074,
            "year": 2007,
            "quarter": 4,
            "eps": -0.12,
            "eps_growth_year": null,
            "eps_4q": 0.32,
            "eps_4q_growth_year": -39.98,
            "roe": -0.87,
            "roe_4q": 1.7299999999999998,
            "gross_profit": 46204,
            "gross_margin": 4.41,
            "gross_margin_4q_avg": 6.45,
            "net_income": -17816,
            "revenue": 1047052,
            "common_shares": 1658829,
            "book_valuer_per_share": 11.87,
            "book_valuer_per_share_4q_avg": 11.46,
            "equity": 2117637,
            "current_ratio": 119.2,
            "debt_ratio": 56.39,
            "inventory_turnover_ratio": 1.03,
            "account_receivable_turnover_ratio": null,
            "reinvestment_rate": null,
            "research_to_sale_ratio": null,
            "price_fair": 49.53,
            "eps_avg_yearly": 1.42,
            "eps_latest_yearly": 0.76,
            "eps_growth_yearly": 256.37
        },
        "20081": {
            "year_quarter": 20081,
            "year": 2008,
            "quarter": 1,
            "eps": -0.57,
            "eps_growth_year": null,
            "eps_4q": -0.27,
            "eps_4q_growth_year": -195.86,
            "roe": -5.15,
            "roe_4q": -2.66,
            "gross_profit": 47581,
            "gross_margin": 4.97,
            "gross_margin_4q_avg": 5.97,
            "net_income": -105591,
            "revenue": 958051,
            "common_shares": 1629149,
            "book_valuer_per_share": 11.38,
            "book_valuer_per_share_4q_avg": 11.63,
            "equity": 1986758,
            "current_ratio": 119.27,
            "debt_ratio": 56.88,
            "inventory_turnover_ratio": 0.71,
            "account_receivable_turnover_ratio": null,
            "reinvestment_rate": null,
            "research_to_sale_ratio": null,
            "price_fair": 52,
            "eps_avg_yearly": 1.49,
            "eps_latest_yearly": 0.76,
            "eps_growth_yearly": 331.09
        },
        "20082": {
            "year_quarter": 20082,
            "year": 2008,
            "quarter": 2,
            "eps": -0.99,
            "eps_growth_year": -496,
            "eps_4q": -1.5,
            "eps_4q_growth_year": -429.7,
            "roe": -9.19,
            "roe_4q": -13.799999999999999,
            "gross_profit": -59509,
            "gross_margin": -6.62,
            "gross_margin_4q_avg": 2.61,
            "net_income": -173406,
            "revenue": 899408,
            "common_shares": 1629149,
            "book_valuer_per_share": 10.23,
            "book_valuer_per_share_4q_avg": 11.3,
            "equity": 1787767,
            "current_ratio": 126.45,
            "debt_ratio": 58.73,
            "inventory_turnover_ratio": 0.82,
            "account_receivable_turnover_ratio": null,
            "reinvestment_rate": null,
            "research_to_sale_ratio": null,
            "price_fair": 47.83,
            "eps_avg_yearly": 1.37,
            "eps_latest_yearly": 0.76,
            "eps_growth_yearly": 293.52
        },
        "20083": {
            "year_quarter": 20083,
            "year": 2008,
            "quarter": 3,
            "eps": -0.98,
            "eps_growth_year": -615.79,
            "eps_4q": -2.59,
            "eps_4q_growth_year": -1331,
            "roe": -9.85,
            "roe_4q": -25.06,
            "gross_profit": -58208,
            "gross_margin": -6.86,
            "gross_margin_4q_avg": -1.03,
            "net_income": -168443,
            "revenue": 848827,
            "common_shares": 1661732,
            "book_valuer_per_share": 9.11,
            "book_valuer_per_share_4q_avg": 10.65,
            "equity": 1633621,
            "current_ratio": 118.76,
            "debt_ratio": 61.28,
            "inventory_turnover_ratio": 0.9,
            "account_receivable_turnover_ratio": null,
            "reinvestment_rate": null,
            "research_to_sale_ratio": null,
            "price_fair": 36.68,
            "eps_avg_yearly": 1.05,
            "eps_latest_yearly": 0.76,
            "eps_growth_yearly": 324.58
        },
        "20084": {
            "year_quarter": 20084,
            "year": 2008,
            "quarter": 4,
            "eps": -1.05,
            "eps_growth_year": null,
            "eps_4q": -3.23,
            "eps_4q_growth_year": -1098.16,
            "roe": -13.01,
            "roe_4q": -37.199999999999996,
            "gross_profit": -25458,
            "gross_margin": -4.29,
            "gross_margin_4q_avg": -3.2,
            "net_income": -200113,
            "revenue": 593190,
            "common_shares": 1621732,
            "book_valuer_per_share": 8.32,
            "book_valuer_per_share_4q_avg": 9.76,
            "equity": 1441783,
            "current_ratio": 108.2,
            "debt_ratio": 63.16,
            "inventory_turnover_ratio": 0.73,
            "account_receivable_turnover_ratio": 2.62,
            "reinvestment_rate": null,
            "research_to_sale_ratio": null,
            "price_fair": 36.68,
            "eps_avg_yearly": 1.05,
            "eps_latest_yearly": 0.76,
            "eps_growth_yearly": 324.58
        },
        "20091": {
            "year_quarter": 20091,
            "year": 2009,
            "quarter": 1,
            "eps": -1.6,
            "eps_growth_year": null,
            "eps_4q": -4.64,
            "eps_4q_growth_year": null,
            "roe": -21.02,
            "roe_4q": -53.07,
            "gross_profit": -174930,
            "gross_margin": -37.59,
            "gross_margin_4q_avg": -13.84,
            "net_income": -276212,
            "revenue": 465388,
            "common_shares": 1621732,
            "book_valuer_per_share": 6.84,
            "book_valuer_per_share_4q_avg": 8.63,
            "equity": 1186062,
            "current_ratio": 95.18,
            "debt_ratio": 64.82,
            "inventory_turnover_ratio": 1.03,
            "account_receivable_turnover_ratio": 1.17,
            "reinvestment_rate": null,
            "research_to_sale_ratio": null,
            "price_fair": 36.68,
            "eps_avg_yearly": 1.05,
            "eps_latest_yearly": 0.76,
            "eps_growth_yearly": 324.58
        },
        "20092": {
            "year_quarter": 20092,
            "year": 2009,
            "quarter": 2,
            "eps": -0.77,
            "eps_growth_year": null,
            "eps_4q": -4.42,
            "eps_4q_growth_year": null,
            "roe": -12.74,
            "roe_4q": -56.62,
            "gross_profit": -12574,
            "gross_margin": -3.04,
            "gross_margin_4q_avg": -12.95,
            "net_income": -141919,
            "revenue": 414159,
            "common_shares": 1621732,
            "book_valuer_per_share": 6.01,
            "book_valuer_per_share_4q_avg": 7.57,
            "equity": 1042269,
            "current_ratio": 81.66,
            "debt_ratio": 66.21,
            "inventory_turnover_ratio": 1.02,
            "account_receivable_turnover_ratio": 1.33,
            "reinvestment_rate": null,
            "research_to_sale_ratio": null,
            "price_fair": 36.68,
            "eps_avg_yearly": 1.05,
            "eps_latest_yearly": 0.76,
            "eps_growth_yearly": 324.58
        },
        "20093": {
            "year_quarter": 20093,
            "year": 2009,
            "quarter": 3,
            "eps": -0.57,
            "eps_growth_year": null,
            "eps_4q": -4.01,
            "eps_4q_growth_year": null,
            "roe": -9.36,
            "roe_4q": -56.13,
            "gross_profit": 7615,
            "gross_margin": 1.61,
            "gross_margin_4q_avg": -10.83,
            "net_income": -92796,
            "revenue": 473653,
            "common_shares": 1621732,
            "book_valuer_per_share": 5.39,
            "book_valuer_per_share_4q_avg": 6.64,
            "equity": 940989,
            "current_ratio": 77.21,
            "debt_ratio": 67.01,
            "inventory_turnover_ratio": 1.27,
            "account_receivable_turnover_ratio": 1.56,
            "reinvestment_rate": null,
            "research_to_sale_ratio": null,
            "price_fair": 36.68,
            "eps_avg_yearly": 1.05,
            "eps_latest_yearly": 0.76,
            "eps_growth_yearly": 324.58
        },
        "20094": {
            "year_quarter": 20094,
            "year": 2009,
            "quarter": 4,
            "eps": -1.28,
            "eps_growth_year": null,
            "eps_4q": -4.21,
            "eps_4q_growth_year": null,
            "roe": -26.17,
            "roe_4q": -69.29,
            "gross_profit": -7952,
            "gross_margin": -1.63,
            "gross_margin_4q_avg": -10.16,
            "net_income": -217517,
            "revenue": 488984,
            "common_shares": 1621732,
            "book_valuer_per_share": 4.11,
            "book_valuer_per_share_4q_avg": 5.59,
            "equity": 721416,
            "current_ratio": 68.62,
            "debt_ratio": 73.5,
            "inventory_turnover_ratio": 1.48,
            "account_receivable_turnover_ratio": 2.91,
            "reinvestment_rate": null,
            "research_to_sale_ratio": null,
            "price_fair": 33.6,
            "eps_avg_yearly": 0.96,
            "eps_latest_yearly": 0.76,
            "eps_growth_yearly": 392.83
        },
        "20101": {
            "year_quarter": 20101,
            "year": 2010,
            "quarter": 1,
            "eps": -0.26,
            "eps_growth_year": null,
            "eps_4q": -2.87,
            "eps_4q_growth_year": null,
            "roe": -6.17,
            "roe_4q": -54.440000000000005,
            "gross_profit": 40299,
            "gross_margin": 8.32,
            "gross_margin_4q_avg": 1.32,
            "net_income": -43117,
            "revenue": 484342,
            "common_shares": 1621732,
            "book_valuer_per_share": 3.84,
            "book_valuer_per_share_4q_avg": 4.84,
            "equity": 675242,
            "current_ratio": 66.53,
            "debt_ratio": 74.08,
            "inventory_turnover_ratio": 1.43,
            "account_receivable_turnover_ratio": 1.35,
            "reinvestment_rate": null,
            "research_to_sale_ratio": 3.35,
            "price_fair": 40.6,
            "eps_avg_yearly": 1.16,
            "eps_latest_yearly": 0.76,
            "eps_growth_yearly": 622.81
        },
        "20102": {
            "year_quarter": 20102,
            "year": 2010,
            "quarter": 2,
            "eps": -0.09,
            "eps_growth_year": null,
            "eps_4q": -2.19,
            "eps_4q_growth_year": null,
            "roe": -2.21,
            "roe_4q": -43.91,
            "gross_profit": 84760,
            "gross_margin": 14.59,
            "gross_margin_4q_avg": 5.72,
            "net_income": -14943,
            "revenue": 580770,
            "common_shares": 1621732,
            "book_valuer_per_share": 3.83,
            "book_valuer_per_share_4q_avg": 4.29,
            "equity": 676452,
            "current_ratio": 74.7,
            "debt_ratio": 74.43,
            "inventory_turnover_ratio": 1.47,
            "account_receivable_turnover_ratio": 1.39,
            "reinvestment_rate": null,
            "research_to_sale_ratio": 3.01,
            "price_fair": 53.9,
            "eps_avg_yearly": 1.54,
            "eps_latest_yearly": 0.76,
            "eps_growth_yearly": 912
        },
        "20103": {
            "year_quarter": 20103,
            "year": 2010,
            "quarter": 3,
            "eps": 0.35,
            "eps_growth_year": null,
            "eps_4q": -1.27,
            "eps_4q_growth_year": null,
            "roe": 8.22,
            "roe_4q": -26.330000000000002,
            "gross_profit": 126891,
            "gross_margin": 19.55,
            "gross_margin_4q_avg": 10.21,
            "net_income": 57495,
            "revenue": 649099,
            "common_shares": 1621732,
            "book_valuer_per_share": 4.17,
            "book_valuer_per_share_4q_avg": 3.99,
            "equity": 722460,
            "current_ratio": 79.04,
            "debt_ratio": 71.8,
            "inventory_turnover_ratio": 1.4,
            "account_receivable_turnover_ratio": 1.47,
            "reinvestment_rate": null,
            "research_to_sale_ratio": 2.76,
            "price_fair": 2.28,
            "eps_avg_yearly": 0.76,
            "eps_latest_yearly": 0.76,
            "eps_growth_yearly": -96
        },
        "20104": {
            "year_quarter": 20104,
            "year": 2010,
            "quarter": 4,
            "eps": -0.42,
            "eps_growth_year": null,
            "eps_4q": -0.41,
            "eps_4q_growth_year": null,
            "roe": -10.11,
            "roe_4q": -10.27,
            "gross_profit": 50595,
            "gross_margin": 9.68,
            "gross_margin_4q_avg": 13.04,
            "net_income": -68340,
            "revenue": 522826,
            "common_shares": 1621732,
            "book_valuer_per_share": 3.62,
            "book_valuer_per_share_4q_avg": 3.87,
            "equity": 630108,
            "current_ratio": 68.63,
            "debt_ratio": 73.64,
            "inventory_turnover_ratio": 1.31,
            "account_receivable_turnover_ratio": 1.38,
            "reinvestment_rate": null,
            "research_to_sale_ratio": 2.98,
            "price_fair": 2.28,
            "eps_avg_yearly": 0.76,
            "eps_latest_yearly": 0.76,
            "eps_growth_yearly": -96
        },
        "20111": {
            "year_quarter": 20111,
            "year": 2011,
            "quarter": 1,
            "eps": -0.11,
            "eps_growth_year": null,
            "eps_4q": -0.26,
            "eps_4q_growth_year": null,
            "roe": -2.62,
            "roe_4q": -6.72,
            "gross_profit": 59780,
            "gross_margin": 13.61,
            "gross_margin_4q_avg": 14.36,
            "net_income": -16422,
            "revenue": 439099,
            "common_shares": 1621732,
            "book_valuer_per_share": 3.56,
            "book_valuer_per_share_4q_avg": 3.8,
            "equity": 623845,
            "current_ratio": 69.66,
            "debt_ratio": 73.97,
            "inventory_turnover_ratio": 1.13,
            "account_receivable_turnover_ratio": 1.37,
            "reinvestment_rate": null,
            "research_to_sale_ratio": 3.73,
            "price_fair": 2.28,
            "eps_avg_yearly": 0.76,
            "eps_latest_yearly": 0.76,
            "eps_growth_yearly": -96
        },
        "20112": {
            "year_quarter": 20112,
            "year": 2011,
            "quarter": 2,
            "eps": -0.01,
            "eps_growth_year": null,
            "eps_4q": -0.18,
            "eps_4q_growth_year": null,
            "roe": 3.52,
            "roe_4q": -0.9899999999999984,
            "gross_profit": 94790,
            "gross_margin": 15.16,
            "gross_margin_4q_avg": 14.5,
            "net_income": 22234,
            "revenue": 625215,
            "common_shares": 1621732,
            "book_valuer_per_share": 3.53,
            "book_valuer_per_share_4q_avg": 3.72,
            "equity": 640845,
            "current_ratio": 98.56,
            "debt_ratio": 73.86,
            "inventory_turnover_ratio": 1.56,
            "account_receivable_turnover_ratio": 1.59,
            "reinvestment_rate": null,
            "research_to_sale_ratio": 3.43,
            "price_fair": 2.28,
            "eps_avg_yearly": 0.76,
            "eps_latest_yearly": 0.76,
            "eps_growth_yearly": -96
        },
        "20113": {
            "year_quarter": 20113,
            "year": 2011,
            "quarter": 3,
            "eps": 0.12,
            "eps_growth_year": -67.51,
            "eps_4q": -0.42,
            "eps_4q_growth_year": null,
            "roe": 3.63,
            "roe_4q": -5.579999999999999,
            "gross_profit": 77722,
            "gross_margin": 13.34,
            "gross_margin_4q_avg": 12.95,
            "net_income": 25315,
            "revenue": 582841,
            "common_shares": 1621732,
            "book_valuer_per_share": 3.88,
            "book_valuer_per_share_4q_avg": 3.65,
            "equity": 753462,
            "current_ratio": 107.54,
            "debt_ratio": 71.12,
            "inventory_turnover_ratio": 1.39,
            "account_receivable_turnover_ratio": 1.23,
            "reinvestment_rate": null,
            "research_to_sale_ratio": 2.47,
            "price_fair": 0,
            "eps_avg_yearly": 0,
            "eps_latest_yearly": 0,
            "eps_growth_yearly": 0
        },
        "20114": {
            "year_quarter": 20114,
            "year": 2011,
            "quarter": 4,
            "eps": 0.12,
            "eps_growth_year": null,
            "eps_4q": 0.12,
            "eps_4q_growth_year": null,
            "roe": 4.47,
            "roe_4q": 9,
            "gross_profit": 113366,
            "gross_margin": 18.21,
            "gross_margin_4q_avg": 15.08,
            "net_income": 34499,
            "revenue": 622397,
            "common_shares": 1621732,
            "book_valuer_per_share": 4.01,
            "book_valuer_per_share_4q_avg": 3.75,
            "equity": 790602,
            "current_ratio": 109.45,
            "debt_ratio": 68.89,
            "inventory_turnover_ratio": 1.41,
            "account_receivable_turnover_ratio": 1.43,
            "reinvestment_rate": null,
            "research_to_sale_ratio": 3.49,
            "price_fair": 4.8,
            "eps_avg_yearly": 0.48,
            "eps_latest_yearly": 0.48,
            "eps_growth_yearly": 0
        },
        "20121": {
            "year_quarter": 20121,
            "year": 2012,
            "quarter": 1,
            "eps": 0.03,
            "eps_growth_year": null,
            "eps_4q": 0.26,
            "eps_4q_growth_year": null,
            "roe": 2.24,
            "roe_4q": 13.86,
            "gross_profit": 96502,
            "gross_margin": 17.03,
            "gross_margin_4q_avg": 15.94,
            "net_income": 17769,
            "revenue": 566704,
            "common_shares": 1621732,
            "book_valuer_per_share": 3.98,
            "book_valuer_per_share_4q_avg": 3.85,
            "equity": 794506,
            "current_ratio": 115.35,
            "debt_ratio": 67.63,
            "inventory_turnover_ratio": 1.5,
            "account_receivable_turnover_ratio": 1.37,
            "reinvestment_rate": null,
            "research_to_sale_ratio": 2.63,
            "price_fair": 0.9,
            "eps_avg_yearly": 0.3,
            "eps_latest_yearly": 0.12,
            "eps_growth_yearly": -150
        },
        "20122": {
            "year_quarter": 20122,
            "year": 2012,
            "quarter": 2,
            "eps": 0.22,
            "eps_growth_year": null,
            "eps_4q": 0.49,
            "eps_4q_growth_year": null,
            "roe": 6.75,
            "roe_4q": 17.09,
            "gross_profit": 116372,
            "gross_margin": 17.71,
            "gross_margin_4q_avg": 16.57,
            "net_income": 55596,
            "revenue": 657171,
            "common_shares": 1621732,
            "book_valuer_per_share": 4.22,
            "book_valuer_per_share_4q_avg": 4.02,
            "equity": 853695,
            "current_ratio": 118.61,
            "debt_ratio": 66.75,
            "inventory_turnover_ratio": 1.92,
            "account_receivable_turnover_ratio": 1.51,
            "reinvestment_rate": null,
            "research_to_sale_ratio": 2.65,
            "price_fair": 17.27,
            "eps_avg_yearly": 0.49,
            "eps_latest_yearly": 0.88,
            "eps_growth_yearly": 744.44
        },
        "20123": {
            "year_quarter": 20123,
            "year": 2012,
            "quarter": 3,
            "eps": 0.19,
            "eps_growth_year": 60.83,
            "eps_4q": 0.56,
            "eps_4q_growth_year": null,
            "roe": 4.56,
            "roe_4q": 18.02,
            "gross_profit": 125141,
            "gross_margin": 20.52,
            "gross_margin_4q_avg": 18.37,
            "net_income": 39422,
            "revenue": 609734,
            "common_shares": 1621732,
            "book_valuer_per_share": 4.33,
            "book_valuer_per_share_4q_avg": 4.14,
            "equity": 876483,
            "current_ratio": 128.62,
            "debt_ratio": 63.49,
            "inventory_turnover_ratio": 1.8,
            "account_receivable_turnover_ratio": 1.42,
            "reinvestment_rate": null,
            "research_to_sale_ratio": 2.62,
            "price_fair": 19.6,
            "eps_avg_yearly": 0.56,
            "eps_latest_yearly": 0.76,
            "eps_growth_yearly": 544.7
        },
        "20124": {
            "year_quarter": 20124,
            "year": 2012,
            "quarter": 4,
            "eps": 0,
            "eps_growth_year": -97.7,
            "eps_4q": 0.45,
            "eps_4q_growth_year": 277.54,
            "roe": 1.01,
            "roe_4q": 14.56,
            "gross_profit": 90652,
            "gross_margin": 19.82,
            "gross_margin_4q_avg": 18.77,
            "net_income": 8890,
            "revenue": 457266,
            "common_shares": 1621732,
            "book_valuer_per_share": 4.33,
            "book_valuer_per_share_4q_avg": 4.22,
            "equity": 886403,
            "current_ratio": 131.76,
            "debt_ratio": 60.96,
            "inventory_turnover_ratio": 1.48,
            "account_receivable_turnover_ratio": 1.26,
            "reinvestment_rate": null,
            "research_to_sale_ratio": 3.68,
            "price_fair": 19.6,
            "eps_avg_yearly": 0.56,
            "eps_latest_yearly": 0.76,
            "eps_growth_yearly": 544.7
        },
        "20131": {
            "year_quarter": 20131,
            "year": 2013,
            "quarter": 1,
            "eps": -0.04,
            "eps_growth_year": -233.33,
            "eps_4q": 0.37,
            "eps_4q_growth_year": 44.89,
            "roe": -0.98,
            "roe_4q": 11.34,
            "gross_profit": 47799,
            "gross_margin": 13.18,
            "gross_margin_4q_avg": 17.81,
            "net_income": -8661,
            "revenue": 362528,
            "common_shares": 1621732,
            "book_valuer_per_share": 4.28,
            "book_valuer_per_share_4q_avg": 4.29,
            "equity": 878802,
            "current_ratio": 135.96,
            "debt_ratio": 60.72,
            "inventory_turnover_ratio": 1.3,
            "account_receivable_turnover_ratio": 1.35,
            "reinvestment_rate": null,
            "research_to_sale_ratio": 3.41,
            "price_fair": 19.6,
            "eps_avg_yearly": 0.56,
            "eps_latest_yearly": 0.76,
            "eps_growth_yearly": 544.7
        },
        "20132": {
            "year_quarter": 20132,
            "year": 2013,
            "quarter": 2,
            "eps": 0.02,
            "eps_growth_year": -91.05,
            "eps_4q": 0.17,
            "eps_4q_growth_year": -64.54,
            "roe": 0.7,
            "roe_4q": 5.289999999999999,
            "gross_profit": 59887,
            "gross_margin": 13.56,
            "gross_margin_4q_avg": 16.77,
            "net_income": 6248,
            "revenue": 441740,
            "common_shares": 1621732,
            "book_valuer_per_share": 4.38,
            "book_valuer_per_share_4q_avg": 4.33,
            "equity": 902354,
            "current_ratio": 137.78,
            "debt_ratio": 59.19,
            "inventory_turnover_ratio": 1.46,
            "account_receivable_turnover_ratio": 1.7,
            "reinvestment_rate": null,
            "research_to_sale_ratio": 2.96,
            "price_fair": 19.6,
            "eps_avg_yearly": 0.56,
            "eps_latest_yearly": 0.76,
            "eps_growth_yearly": 544.7
        },
        "20133": {
            "year_quarter": 20133,
            "year": 2013,
            "quarter": 3,
            "eps": -0.09,
            "eps_growth_year": -148.58,
            "eps_4q": -0.1,
            "eps_4q_growth_year": -117.59,
            "roe": -1.66,
            "roe_4q": -0.9299999999999999,
            "gross_profit": 45790,
            "gross_margin": 10.65,
            "gross_margin_4q_avg": 14.3,
            "net_income": -14810,
            "revenue": 429789,
            "common_shares": 1621732,
            "book_valuer_per_share": 4.27,
            "book_valuer_per_share_4q_avg": 4.32,
            "equity": 882553,
            "current_ratio": 138.2,
            "debt_ratio": 58.74,
            "inventory_turnover_ratio": 1.44,
            "account_receivable_turnover_ratio": 1.43,
            "reinvestment_rate": null,
            "research_to_sale_ratio": 2.83,
            "price_fair": 19.6,
            "eps_avg_yearly": 0.56,
            "eps_latest_yearly": 0.76,
            "eps_growth_yearly": 544.7
        },
        "20134": {
            "year_quarter": 20134,
            "year": 2013,
            "quarter": 4,
            "eps": 0.01,
            "eps_growth_year": 89.34,
            "eps_4q": -0.1,
            "eps_4q_growth_year": -121.51,
            "roe": 0.4,
            "roe_4q": -1.5399999999999998,
            "gross_profit": 71136,
            "gross_margin": 15.23,
            "gross_margin_4q_avg": 13.16,
            "net_income": 3593,
            "revenue": 466957,
            "common_shares": 1621732,
            "book_valuer_per_share": 4.34,
            "book_valuer_per_share_4q_avg": 4.32,
            "equity": 899698,
            "current_ratio": 135.86,
            "debt_ratio": 58.43,
            "inventory_turnover_ratio": 1.53,
            "account_receivable_turnover_ratio": 1.43,
            "reinvestment_rate": -9600.69,
            "research_to_sale_ratio": 2.97,
            "price_fair": 19.6,
            "eps_avg_yearly": 0.56,
            "eps_latest_yearly": 0.76,
            "eps_growth_yearly": 544.7
        },
        "20141": {
            "year_quarter": 20141,
            "year": 2014,
            "quarter": 1,
            "eps": -0.09,
            "eps_growth_year": null,
            "eps_4q": -0.15,
            "eps_4q_growth_year": -139.22,
            "roe": -1.06,
            "roe_4q": -1.6199999999999999,
            "gross_profit": 62537,
            "gross_margin": 13.94,
            "gross_margin_4q_avg": 13.35,
            "net_income": -9419,
            "revenue": 448668,
            "common_shares": 1621732,
            "book_valuer_per_share": 4.3,
            "book_valuer_per_share_4q_avg": 4.32,
            "equity": 881128,
            "current_ratio": 132.75,
            "debt_ratio": 59.87,
            "inventory_turnover_ratio": 1.55,
            "account_receivable_turnover_ratio": 1.26,
            "reinvestment_rate": -2265.29,
            "research_to_sale_ratio": 3.54,
            "price_fair": 19.6,
            "eps_avg_yearly": 0.56,
            "eps_latest_yearly": 0.76,
            "eps_growth_yearly": 544.7
        },
        "20142": {
            "year_quarter": 20142,
            "year": 2014,
            "quarter": 2,
            "eps": 0.02,
            "eps_growth_year": 0,
            "eps_4q": -0.15,
            "eps_4q_growth_year": -186.93,
            "roe": 2.55,
            "roe_4q": 0.22999999999999976,
            "gross_profit": 112073,
            "gross_margin": 19.92,
            "gross_margin_4q_avg": 14.94,
            "net_income": 22618,
            "revenue": 562744,
            "common_shares": 1621732,
            "book_valuer_per_share": 4.25,
            "book_valuer_per_share_4q_avg": 4.29,
            "equity": 889902,
            "current_ratio": 123.81,
            "debt_ratio": 60.83,
            "inventory_turnover_ratio": 1.86,
            "account_receivable_turnover_ratio": 1.34,
            "reinvestment_rate": -1452.32,
            "research_to_sale_ratio": 3.26,
            "price_fair": 19.6,
            "eps_avg_yearly": 0.56,
            "eps_latest_yearly": 0.76,
            "eps_growth_yearly": 544.7
        },
        "20143": {
            "year_quarter": 20143,
            "year": 2014,
            "quarter": 3,
            "eps": 0.01,
            "eps_growth_year": null,
            "eps_4q": -0.06,
            "eps_4q_growth_year": null,
            "roe": 1.41,
            "roe_4q": 3.3,
            "gross_profit": 88573,
            "gross_margin": 16.11,
            "gross_margin_4q_avg": 16.3,
            "net_income": 13343,
            "revenue": 549762,
            "common_shares": 1621732,
            "book_valuer_per_share": 4.36,
            "book_valuer_per_share_4q_avg": 4.31,
            "equity": 1004436,
            "current_ratio": 136.86,
            "debt_ratio": 58.74,
            "inventory_turnover_ratio": 1.72,
            "account_receivable_turnover_ratio": 1.16,
            "reinvestment_rate": null,
            "research_to_sale_ratio": 3.38,
            "price_fair": 15.96,
            "eps_avg_yearly": 0.46,
            "eps_latest_yearly": 0.04,
            "eps_growth_yearly": 395.76
        },
        "20144": {
            "year_quarter": 20144,
            "year": 2014,
            "quarter": 4,
            "eps": 0.89,
            "eps_growth_year": 17576.13,
            "eps_4q": 0.83,
            "eps_4q_growth_year": null,
            "roe": 15.97,
            "roe_4q": 18.87,
            "gross_profit": 73848,
            "gross_margin": 13.6,
            "gross_margin_4q_avg": 15.89,
            "net_income": 149534,
            "revenue": 542944,
            "common_shares": 1621732,
            "book_valuer_per_share": 5.35,
            "book_valuer_per_share_4q_avg": 4.57,
            "equity": 868378,
            "current_ratio": 90.85,
            "debt_ratio": 59.31,
            "inventory_turnover_ratio": 1.59,
            "account_receivable_turnover_ratio": 1.38,
            "reinvestment_rate": -301.97,
            "research_to_sale_ratio": 2.73,
            "price_fair": 34.07,
            "eps_avg_yearly": 0.97,
            "eps_latest_yearly": 3.56,
            "eps_growth_yearly": 6196.46
        },
        "20151": {
            "year_quarter": 20151,
            "year": 2015,
            "quarter": 1,
            "eps": 0.02,
            "eps_growth_year": null,
            "eps_4q": 0.94,
            "eps_4q_growth_year": null,
            "roe": 0.37,
            "roe_4q": 20.3,
            "gross_profit": 48568,
            "gross_margin": 10.68,
            "gross_margin_4q_avg": 15.08,
            "net_income": 3202,
            "revenue": 454917,
            "common_shares": 1621732,
            "book_valuer_per_share": 5.32,
            "book_valuer_per_share_4q_avg": 4.82,
            "equity": 863245,
            "current_ratio": 93.81,
            "debt_ratio": 58.68,
            "inventory_turnover_ratio": 1.46,
            "account_receivable_turnover_ratio": 1.57,
            "reinvestment_rate": -288.16,
            "research_to_sale_ratio": 2.27,
            "price_fair": 29.6,
            "eps_avg_yearly": 0.85,
            "eps_latest_yearly": 0.08,
            "eps_growth_yearly": 5255.4
        },
        "20152": {
            "year_quarter": 20152,
            "year": 2015,
            "quarter": 2,
            "eps": 0.08,
            "eps_growth_year": 300,
            "eps_4q": 0.99,
            "eps_4q_growth_year": null,
            "roe": 1.43,
            "roe_4q": 19.18,
            "gross_profit": 62920,
            "gross_margin": 13.67,
            "gross_margin_4q_avg": 13.52,
            "net_income": 12433,
            "revenue": 460422,
            "common_shares": 1621732,
            "book_valuer_per_share": 5.37,
            "book_valuer_per_share_4q_avg": 5.1,
            "equity": 870952,
            "current_ratio": 78.27,
            "debt_ratio": 57.91,
            "inventory_turnover_ratio": 1.52,
            "account_receivable_turnover_ratio": 1.65,
            "reinvestment_rate": -272.14,
            "research_to_sale_ratio": 2.15,
            "price_fair": 27.3,
            "eps_avg_yearly": 0.78,
            "eps_latest_yearly": 0.32,
            "eps_growth_yearly": 4748.47
        },
        "20153": {
            "year_quarter": 20153,
            "year": 2015,
            "quarter": 3,
            "eps": 0.12,
            "eps_growth_year": 1100,
            "eps_4q": 1.12,
            "eps_4q_growth_year": null,
            "roe": 2.33,
            "roe_4q": 20.1,
            "gross_profit": 70818,
            "gross_margin": 14.47,
            "gross_margin_4q_avg": 13.11,
            "net_income": 20625,
            "revenue": 489394,
            "common_shares": 1621732,
            "book_valuer_per_share": 5.56,
            "book_valuer_per_share_4q_avg": 5.4,
            "equity": 902130,
            "current_ratio": 81.97,
            "debt_ratio": 56.76,
            "inventory_turnover_ratio": 1.6,
            "account_receivable_turnover_ratio": 1.54,
            "reinvestment_rate": -304.39,
            "research_to_sale_ratio": 2.32,
            "price_fair": 26.13,
            "eps_avg_yearly": 0.75,
            "eps_latest_yearly": 0.48,
            "eps_growth_yearly": 4243.09
        },
        "20154": {
            "year_quarter": 20154,
            "year": 2015,
            "quarter": 4,
            "eps": 0.16,
            "eps_growth_year": -82.38,
            "eps_4q": 0.38,
            "eps_4q_growth_year": -54.08,
            "roe": 2.82,
            "roe_4q": 6.95,
            "gross_profit": 93052,
            "gross_margin": 17.94,
            "gross_margin_4q_avg": 14.19,
            "net_income": 25470,
            "revenue": 518784,
            "common_shares": 1621732,
            "book_valuer_per_share": 5.58,
            "book_valuer_per_share_4q_avg": 5.46,
            "equity": 905464,
            "current_ratio": 126.81,
            "debt_ratio": 56.9,
            "inventory_turnover_ratio": 1.45,
            "account_receivable_turnover_ratio": 1.49,
            "reinvestment_rate": -307.07,
            "research_to_sale_ratio": 2.38,
            "price_fair": 26.76,
            "eps_avg_yearly": 0.76,
            "eps_latest_yearly": 0.64,
            "eps_growth_yearly": 4257.9
        },
        "20161": {
            "year_quarter": 20161,
            "year": 2016,
            "quarter": 1,
            "eps": 0.24,
            "eps_growth_year": 1100,
            "eps_4q": 0.6,
            "eps_4q_growth_year": -35.86,
            "roe": 4.22,
            "roe_4q": 10.799999999999999,
            "gross_profit": 98367,
            "gross_margin": 18.65,
            "gross_margin_4q_avg": 16.18,
            "net_income": 38864,
            "revenue": 527507,
            "common_shares": 1621732,
            "book_valuer_per_share": 5.77,
            "book_valuer_per_share_4q_avg": 5.57,
            "equity": 936450,
            "current_ratio": 133.39,
            "debt_ratio": 54.76,
            "inventory_turnover_ratio": 1.43,
            "account_receivable_turnover_ratio": 1.57,
            "reinvestment_rate": -262.21,
            "research_to_sale_ratio": 2.39,
            "price_fair": 30.02,
            "eps_avg_yearly": 0.86,
            "eps_latest_yearly": 0.96,
            "eps_growth_yearly": 4313.46
        },
        "20162": {
            "year_quarter": 20162,
            "year": 2016,
            "quarter": 2,
            "eps": 0.21,
            "eps_growth_year": 162.5,
            "eps_4q": 0.74,
            "eps_4q_growth_year": -26.1,
            "roe": 3.62,
            "roe_4q": 12.99,
            "gross_profit": 90811,
            "gross_margin": 17.59,
            "gross_margin_4q_avg": 17.16,
            "net_income": 34257,
            "revenue": 516264,
            "common_shares": 1621732,
            "book_valuer_per_share": 5.89,
            "book_valuer_per_share_4q_avg": 5.7,
            "equity": 955821,
            "current_ratio": 143.25,
            "debt_ratio": 52.03,
            "inventory_turnover_ratio": 1.62,
            "account_receivable_turnover_ratio": 1.62,
            "reinvestment_rate": -278.69,
            "research_to_sale_ratio": 2.54,
            "price_fair": 29.87,
            "eps_avg_yearly": 0.85,
            "eps_latest_yearly": 0.84,
            "eps_growth_yearly": 4026.42
        },
        "20163": {
            "year_quarter": 20163,
            "year": 2016,
            "quarter": 3,
            "eps": 0.15,
            "eps_growth_year": 25,
            "eps_4q": 0.76,
            "eps_4q_growth_year": -31.67,
            "roe": 2.6,
            "roe_4q": 13.260000000000002,
            "gross_profit": 79149,
            "gross_margin": 16.75,
            "gross_margin_4q_avg": 17.73,
            "net_income": 24984,
            "revenue": 472396,
            "common_shares": 1621732,
            "book_valuer_per_share": 5.94,
            "book_valuer_per_share_4q_avg": 5.8,
            "equity": 963365,
            "current_ratio": 149.5,
            "debt_ratio": 50.35,
            "inventory_turnover_ratio": 1.5,
            "account_receivable_turnover_ratio": 1.49,
            "reinvestment_rate": -291.65,
            "research_to_sale_ratio": 2.53,
            "price_fair": 29.24,
            "eps_avg_yearly": 0.84,
            "eps_latest_yearly": 0.6,
            "eps_growth_yearly": 4019.78
        },
        "20164": {
            "year_quarter": 20164,
            "year": 2016,
            "quarter": 4,
            "eps": 0.38,
            "eps_growth_year": 143.05,
            "eps_4q": 0.99,
            "eps_4q_growth_year": 159.2,
            "roe": 6.26,
            "roe_4q": 16.7,
            "gross_profit": 124685,
            "gross_margin": 23.48,
            "gross_margin_4q_avg": 19.12,
            "net_income": 61905,
            "revenue": 531007,
            "common_shares": 1621732,
            "book_valuer_per_share": 6.25,
            "book_valuer_per_share_4q_avg": 5.96,
            "equity": 1013511,
            "current_ratio": 160.59,
            "debt_ratio": 48.87,
            "inventory_turnover_ratio": 1.35,
            "account_receivable_turnover_ratio": 1.5,
            "reinvestment_rate": -245.56,
            "research_to_sale_ratio": 2.33,
            "price_fair": 31.64,
            "eps_avg_yearly": 0.9,
            "eps_latest_yearly": 1.52,
            "eps_growth_yearly": 3679.14
        },
        "20171": {
            "year_quarter": 20171,
            "year": 2017,
            "quarter": 1,
            "eps": 0.2,
            "eps_growth_year": -16.67,
            "eps_4q": 0.94,
            "eps_4q_growth_year": 56.98,
            "roe": 3.12,
            "roe_4q": 15.599999999999998,
            "gross_profit": 100723,
            "gross_margin": 18.51,
            "gross_margin_4q_avg": 19.08,
            "net_income": 31746,
            "revenue": 544282,
            "common_shares": 1621732,
            "book_valuer_per_share": 6.29,
            "book_valuer_per_share_4q_avg": 6.09,
            "equity": 1019324,
            "current_ratio": 166.26,
            "debt_ratio": 47.46,
            "inventory_turnover_ratio": 1.4,
            "account_receivable_turnover_ratio": 1.44,
            "reinvestment_rate": -71.98,
            "research_to_sale_ratio": 2.14,
            "price_fair": 31.31,
            "eps_avg_yearly": 0.89,
            "eps_latest_yearly": 0.8,
            "eps_growth_yearly": 3327.45
        },
        "20172": {
            "year_quarter": 20172,
            "year": 2017,
            "quarter": 2,
            "eps": 0.23,
            "eps_growth_year": 9.52,
            "eps_4q": 0.97,
            "eps_4q_growth_year": 31.79,
            "roe": 3.69,
            "roe_4q": 15.67,
            "gross_profit": 98343,
            "gross_margin": 17.83,
            "gross_margin_4q_avg": 19.14,
            "net_income": 38474,
            "revenue": 551561,
            "common_shares": 1621732,
            "book_valuer_per_share": 6.59,
            "book_valuer_per_share_4q_avg": 6.27,
            "equity": 1068275,
            "current_ratio": 180.62,
            "debt_ratio": 44.6,
            "inventory_turnover_ratio": 1.49,
            "account_receivable_turnover_ratio": 1.5,
            "reinvestment_rate": -64.65,
            "research_to_sale_ratio": 2.19,
            "price_fair": 31.38,
            "eps_avg_yearly": 0.9,
            "eps_latest_yearly": 0.92,
            "eps_growth_yearly": 3055.16
        },
        "20173": {
            "year_quarter": 20173,
            "year": 2017,
            "quarter": 3,
            "eps": 0.18,
            "eps_growth_year": 20,
            "eps_4q": 1,
            "eps_4q_growth_year": 30.85,
            "roe": 2.72,
            "roe_4q": 15.790000000000001,
            "gross_profit": 85255,
            "gross_margin": 16.18,
            "gross_margin_4q_avg": 19,
            "net_income": 29575,
            "revenue": 526799,
            "common_shares": 1621732,
            "book_valuer_per_share": 6.82,
            "book_valuer_per_share_4q_avg": 6.49,
            "equity": 1106612,
            "current_ratio": 183.61,
            "debt_ratio": 43.54,
            "inventory_turnover_ratio": 1.46,
            "account_receivable_turnover_ratio": 1.56,
            "reinvestment_rate": -52.25,
            "research_to_sale_ratio": 2.02,
            "price_fair": 30.91,
            "eps_avg_yearly": 0.88,
            "eps_latest_yearly": 0.72,
            "eps_growth_yearly": 2813.46
        },
        "20174": {
            "year_quarter": 20174,
            "year": 2017,
            "quarter": 4,
            "eps": 0.19,
            "eps_growth_year": -49.74,
            "eps_4q": 0.81,
            "eps_4q_growth_year": -18.19,
            "roe": 2.77,
            "roe_4q": 12.3,
            "gross_profit": 91240,
            "gross_margin": 17.85,
            "gross_margin_4q_avg": 17.59,
            "net_income": 31114,
            "revenue": 511185,
            "common_shares": 1621732,
            "book_valuer_per_share": 7.01,
            "book_valuer_per_share_4q_avg": 6.68,
            "equity": 1136118,
            "current_ratio": 190.94,
            "debt_ratio": 42.68,
            "inventory_turnover_ratio": 1.43,
            "account_receivable_turnover_ratio": 1.59,
            "reinvestment_rate": -52.96,
            "research_to_sale_ratio": 2.04,
            "price_fair": 30.6,
            "eps_avg_yearly": 0.87,
            "eps_latest_yearly": 0.76,
            "eps_growth_yearly": 2614.08
        },
        "20181": {
            "year_quarter": 20181,
            "year": 2018,
            "quarter": 1,
            "eps": 0.13,
            "eps_growth_year": -35,
            "eps_4q": 0.74,
            "eps_4q_growth_year": -21.16,
            "roe": 1.86,
            "roe_4q": 11.04,
            "gross_profit": 77946,
            "gross_margin": 16.08,
            "gross_margin_4q_avg": 16.99,
            "net_income": 21380,
            "revenue": 484784,
            "common_shares": 1621732,
            "book_valuer_per_share": 7.2,
            "book_valuer_per_share_4q_avg": 6.91,
            "equity": 1168283,
            "current_ratio": 205.49,
            "debt_ratio": 39.46,
            "inventory_turnover_ratio": 1.49,
            "account_receivable_turnover_ratio": 1.49,
            "reinvestment_rate": -50.48,
            "research_to_sale_ratio": 2.57,
            "price_fair": 29.77,
            "eps_avg_yearly": 0.85,
            "eps_latest_yearly": 0.52,
            "eps_growth_yearly": 2431.39
        },
        "20182": {
            "year_quarter": 20182,
            "year": 2018,
            "quarter": 2,
            "eps": 0.35,
            "eps_growth_year": 52.17,
            "eps_4q": 0.85,
            "eps_4q_growth_year": -12.26,
            "roe": 4.68,
            "roe_4q": 12.030000000000001,
            "gross_profit": 92476,
            "gross_margin": 17.83,
            "gross_margin_4q_avg": 16.99,
            "net_income": 55783,
            "revenue": 518717,
            "common_shares": 1621732,
            "book_valuer_per_share": 7.49,
            "book_valuer_per_share_4q_avg": 7.13,
            "equity": 1215194,
            "current_ratio": 204.33,
            "debt_ratio": 39.51,
            "inventory_turnover_ratio": 1.56,
            "account_receivable_turnover_ratio": 1.54,
            "reinvestment_rate": -41.97,
            "research_to_sale_ratio": 2.27,
            "price_fair": 30.98,
            "eps_avg_yearly": 0.89,
            "eps_latest_yearly": 1.4,
            "eps_growth_yearly": 2321.74
        },
        "20183": {
            "year_quarter": 20183,
            "year": 2018,
            "quarter": 3,
            "eps": 0.42,
            "eps_growth_year": 133.33,
            "eps_4q": 1.09,
            "eps_4q_growth_year": 8.98,
            "roe": 5.49,
            "roe_4q": 14.799999999999999,
            "gross_profit": 106405,
            "gross_margin": 20.39,
            "gross_margin_4q_avg": 18.04,
            "net_income": 67941,
            "revenue": 521922,
            "common_shares": 1621732,
            "book_valuer_per_share": 7.78,
            "book_valuer_per_share_4q_avg": 7.37,
            "equity": 1260964,
            "current_ratio": 232.54,
            "debt_ratio": 35.44,
            "inventory_turnover_ratio": 1.42,
            "account_receivable_turnover_ratio": 1.38,
            "reinvestment_rate": -37.75,
            "research_to_sale_ratio": 2.6,
            "price_fair": 34.56,
            "eps_avg_yearly": 0.99,
            "eps_latest_yearly": 1.68,
            "eps_growth_yearly": 2339.24
        },
        "20184": {
            "year_quarter": 20184,
            "year": 2018,
            "quarter": 4,
            "eps": 0.24,
            "eps_growth_year": 22.82,
            "eps_4q": 1.13,
            "eps_4q_growth_year": 40.03,
            "roe": 2.98,
            "roe_4q": 15.01,
            "gross_profit": 92411,
            "gross_margin": 19.1,
            "gross_margin_4q_avg": 18.35,
            "net_income": 38213,
            "revenue": 483745,
            "common_shares": 1621732,
            "book_valuer_per_share": 8.04,
            "book_valuer_per_share_4q_avg": 7.63,
            "equity": 1303385,
            "current_ratio": 264.62,
            "debt_ratio": 32.1,
            "inventory_turnover_ratio": 1.33,
            "account_receivable_turnover_ratio": 1.29,
            "reinvestment_rate": -71.8,
            "research_to_sale_ratio": 2.83,
            "price_fair": 28.88,
            "eps_avg_yearly": 0.83,
            "eps_latest_yearly": 0.96,
            "eps_growth_yearly": 128.52
        },
        "20191": {
            "year_quarter": 20191,
            "year": 2019,
            "quarter": 1,
            "eps": 0.12,
            "eps_growth_year": -7.69,
            "eps_4q": 1.12,
            "eps_4q_growth_year": 50.98,
            "roe": 1.52,
            "roe_4q": 14.67,
            "gross_profit": 76091,
            "gross_margin": 16.41,
            "gross_margin_4q_avg": 18.43,
            "net_income": 20063,
            "revenue": 463643,
            "common_shares": 1621732,
            "book_valuer_per_share": 8.26,
            "book_valuer_per_share_4q_avg": 7.89,
            "equity": 1338963,
            "current_ratio": 284.87,
            "debt_ratio": 29.89,
            "inventory_turnover_ratio": 1.34,
            "account_receivable_turnover_ratio": 1.5,
            "reinvestment_rate": -64.43,
            "research_to_sale_ratio": 2.88,
            "price_fair": 29.75,
            "eps_avg_yearly": 0.85,
            "eps_latest_yearly": 0.48,
            "eps_growth_yearly": 140.46
        },
        "20192": {
            "year_quarter": 20192,
            "year": 2019,
            "quarter": 2,
            "eps": 0.3,
            "eps_growth_year": -14.29,
            "eps_4q": 1.07,
            "eps_4q_growth_year": 26.3,
            "roe": 3.52,
            "roe_4q": 13.51,
            "gross_profit": 93517,
            "gross_margin": 16.43,
            "gross_margin_4q_avg": 18.08,
            "net_income": 47884,
            "revenue": 569181,
            "common_shares": 1621732,
            "book_valuer_per_share": 8.5,
            "book_valuer_per_share_4q_avg": 8.15,
            "equity": 1378247,
            "current_ratio": 252.84,
            "debt_ratio": 32.04,
            "inventory_turnover_ratio": 1.5,
            "account_receivable_turnover_ratio": 1.83,
            "reinvestment_rate": -58.4,
            "research_to_sale_ratio": 2.45,
            "price_fair": 31.68,
            "eps_avg_yearly": 0.91,
            "eps_latest_yearly": 1.2,
            "eps_growth_yearly": 102.96
        },
        "20193": {
            "year_quarter": 20193,
            "year": 2019,
            "quarter": 3,
            "eps": 0.37,
            "eps_growth_year": -11.9,
            "eps_4q": 1.02,
            "eps_4q_growth_year": -5.86,
            "roe": 4.28,
            "roe_4q": 12.3,
            "gross_profit": 98113,
            "gross_margin": 18.39,
            "gross_margin_4q_avg": 17.58,
            "net_income": 59725,
            "revenue": 533615,
            "common_shares": 1621732,
            "book_valuer_per_share": 8.71,
            "book_valuer_per_share_4q_avg": 8.38,
            "equity": 1412397,
            "current_ratio": 294.6,
            "debt_ratio": 27.81,
            "inventory_turnover_ratio": 1.44,
            "account_receivable_turnover_ratio": 1.53,
            "reinvestment_rate": -52.81,
            "research_to_sale_ratio": 2.66,
            "price_fair": 33.86,
            "eps_avg_yearly": 0.97,
            "eps_latest_yearly": 1.48,
            "eps_growth_yearly": 96.29
        },
        "20194": {
            "year_quarter": 20194,
            "year": 2019,
            "quarter": 4,
            "eps": 0.16,
            "eps_growth_year": -31.38,
            "eps_4q": 0.95,
            "eps_4q_growth_year": -16.05,
            "roe": 1.84,
            "roe_4q": 11.16,
            "gross_profit": 88046,
            "gross_margin": 20.04,
            "gross_margin_4q_avg": 17.82,
            "net_income": 26220,
            "revenue": 439276,
            "common_shares": 1621732,
            "book_valuer_per_share": 8.82,
            "book_valuer_per_share_4q_avg": 8.57,
            "equity": 1431060,
            "current_ratio": 304.29,
            "debt_ratio": 26.59,
            "inventory_turnover_ratio": 1.31,
            "account_receivable_turnover_ratio": 1.36,
            "reinvestment_rate": -45.3,
            "research_to_sale_ratio": 3.3,
            "price_fair": 33.86,
            "eps_avg_yearly": 0.97,
            "eps_latest_yearly": 0.64,
            "eps_growth_yearly": 73.77
        },
        "20201": {
            "year_quarter": 20201,
            "year": 2020,
            "quarter": 1,
            "eps": 0.13,
            "eps_growth_year": 8.33,
            "eps_4q": 0.96,
            "eps_4q_growth_year": -14.73,
            "roe": 1.49,
            "roe_4q": 11.13,
            "gross_profit": 61801,
            "gross_margin": 15.81,
            "gross_margin_4q_avg": 17.67,
            "net_income": 21364,
            "revenue": 390964,
            "common_shares": 1621732,
            "book_valuer_per_share": 8.91,
            "book_valuer_per_share_4q_avg": 8.74,
            "equity": 1444458,
            "current_ratio": 340.08,
            "debt_ratio": 24.62,
            "inventory_turnover_ratio": 1.21,
            "account_receivable_turnover_ratio": 1.32,
            "reinvestment_rate": -45.23,
            "research_to_sale_ratio": 3.62,
            "price_fair": 32.9,
            "eps_avg_yearly": 0.94,
            "eps_latest_yearly": 0.52,
            "eps_growth_yearly": 56.58
        },
        "20202": {
            "year_quarter": 20202,
            "year": 2020,
            "quarter": 2,
            "eps": 0.19,
            "eps_growth_year": -36.67,
            "eps_4q": 0.85,
            "eps_4q_growth_year": -20.67,
            "roe": 2.12,
            "roe_4q": 9.73,
            "gross_profit": 70912,
            "gross_margin": 17.58,
            "gross_margin_4q_avg": 17.96,
            "net_income": 30805,
            "revenue": 403272,
            "common_shares": 1621732,
            "book_valuer_per_share": 9.03,
            "book_valuer_per_share_4q_avg": 8.87,
            "equity": 1464884,
            "current_ratio": 348.1,
            "debt_ratio": 24.26,
            "inventory_turnover_ratio": 1.27,
            "account_receivable_turnover_ratio": 1.45,
            "reinvestment_rate": -40.56,
            "research_to_sale_ratio": 3.4,
            "price_fair": 32.73,
            "eps_avg_yearly": 0.94,
            "eps_latest_yearly": 0.76,
            "eps_growth_yearly": 71.25
        },
        "20203": {
            "year_quarter": 20203,
            "year": 2020,
            "quarter": 3,
            "eps": 0.01,
            "eps_growth_year": -97.3,
            "eps_4q": 0.49,
            "eps_4q_growth_year": -51.88,
            "roe": 0.1,
            "roe_4q": 5.55,
            "gross_profit": 57940,
            "gross_margin": 16.04,
            "gross_margin_4q_avg": 17.37,
            "net_income": 1440,
            "revenue": 361242,
            "common_shares": 1621732,
            "book_valuer_per_share": 9.11,
            "book_valuer_per_share_4q_avg": 8.97,
            "equity": 1477678,
            "current_ratio": 401.76,
            "debt_ratio": 22.19,
            "inventory_turnover_ratio": 1.25,
            "account_receivable_turnover_ratio": 1.51,
            "reinvestment_rate": -30.13,
            "research_to_sale_ratio": 3.52,
            "price_fair": 31.5,
            "eps_avg_yearly": 0.9,
            "eps_latest_yearly": 0.04,
            "eps_growth_yearly": 54.7
        },
        "20204": {
            "year_quarter": 20204,
            "year": 2020,
            "quarter": 4,
            "eps": -0.08,
            "eps_growth_year": -148.6,
            "eps_4q": 0.25,
            "eps_4q_growth_year": -73.45,
            "roe": -0.86,
            "roe_4q": 2.85,
            "gross_profit": 39235,
            "gross_margin": 11.35,
            "gross_margin_4q_avg": 15.2,
            "net_income": -12744,
            "revenue": 345712,
            "common_shares": 1621732,
            "book_valuer_per_share": 9.12,
            "book_valuer_per_share_4q_avg": 9.04,
            "equity": 1478827,
            "current_ratio": 384.61,
            "debt_ratio": 23.19,
            "inventory_turnover_ratio": 1.26,
            "account_receivable_turnover_ratio": 1.61,
            "reinvestment_rate": -28.2,
            "research_to_sale_ratio": 3.5,
            "price_fair": 23.58,
            "eps_avg_yearly": 0.86,
            "eps_latest_yearly": 0.04,
            "eps_growth_yearly": 17.46
        },
        "20211": {
            "year_quarter": 20211,
            "year": 2021,
            "quarter": 1,
            "eps": 0.07,
            "eps_growth_year": -46.15,
            "eps_4q": 0.19,
            "eps_4q_growth_year": -80.49,
            "roe": 0.73,
            "roe_4q": 2.0900000000000003,
            "gross_profit": 43087,
            "gross_margin": 11.88,
            "gross_margin_4q_avg": 14.21,
            "net_income": 10770,
            "revenue": 362571,
            "common_shares": 1621732,
            "book_valuer_per_share": 9.17,
            "book_valuer_per_share_4q_avg": 9.11,
            "equity": 1487265,
            "current_ratio": 383.22,
            "debt_ratio": 22.62,
            "inventory_turnover_ratio": 1.14,
            "account_receivable_turnover_ratio": 1.73,
            "reinvestment_rate": -22.41,
            "research_to_sale_ratio": 3.24,
            "price_fair": 30.2,
            "eps_avg_yearly": 0.86,
            "eps_latest_yearly": 0.04,
            "eps_growth_yearly": 32.24
        },
        "20212": {
            "year_quarter": 20212,
            "year": 2021,
            "quarter": 2,
            "eps": 0.12,
            "eps_growth_year": -36.84,
            "eps_4q": 0.12,
            "eps_4q_growth_year": -86.34,
            "roe": 1.3,
            "roe_4q": 1.2700000000000005,
            "gross_profit": 50554,
            "gross_margin": 11.77,
            "gross_margin_4q_avg": 12.76,
            "net_income": 19404,
            "revenue": 429579,
            "common_shares": 1621732,
            "book_valuer_per_share": 9.24,
            "book_valuer_per_share_4q_avg": 9.16,
            "equity": 1497997,
            "current_ratio": 313.97,
            "debt_ratio": 26.06,
            "inventory_turnover_ratio": 1.11,
            "account_receivable_turnover_ratio": 1.9,
            "reinvestment_rate": -20.88,
            "research_to_sale_ratio": 2.68,
            "price_fair": 29.1,
            "eps_avg_yearly": 0.83,
            "eps_latest_yearly": 0.48,
            "eps_growth_yearly": 48.37
        },
        "20213": {
            "year_quarter": 20213,
            "year": 2021,
            "quarter": 3,
            "eps": 0.2,
            "eps_growth_year": 1900,
            "eps_4q": 0.31,
            "eps_4q_growth_year": -36.55,
            "roe": 2.19,
            "roe_4q": 3.3600000000000008,
            "gross_profit": 69211,
            "gross_margin": 13.34,
            "gross_margin_4q_avg": 12.09,
            "net_income": 33218,
            "revenue": 518736,
            "common_shares": 1621732,
            "book_valuer_per_share": 9.44,
            "book_valuer_per_share_4q_avg": 9.24,
            "equity": 1530646,
            "current_ratio": 309.16,
            "debt_ratio": 25.76,
            "inventory_turnover_ratio": 1.1,
            "account_receivable_turnover_ratio": 1.82,
            "reinvestment_rate": -23.36,
            "research_to_sale_ratio": 2.4,
            "price_fair": 29.3,
            "eps_avg_yearly": 0.84,
            "eps_latest_yearly": 0.8,
            "eps_growth_yearly": 73.63
        },
        "20214": {
            "year_quarter": 20214,
            "year": 2021,
            "quarter": 4,
            "eps": 0.11,
            "eps_growth_year": null,
            "eps_4q": 0.5,
            "eps_4q_growth_year": 97.95,
            "roe": 1.13,
            "roe_4q": 5.35,
            "gross_profit": 67332,
            "gross_margin": 11.87,
            "gross_margin_4q_avg": 12.22,
            "net_income": 17502,
            "revenue": 567324,
            "common_shares": 1621732,
            "book_valuer_per_share": 9.58,
            "book_valuer_per_share_4q_avg": 9.36,
            "equity": 1554403,
            "current_ratio": 284.95,
            "debt_ratio": 27.08,
            "inventory_turnover_ratio": 1.1,
            "account_receivable_turnover_ratio": 1.71,
            "reinvestment_rate": -18.8,
            "research_to_sale_ratio": 2.33,
            "price_fair": 28.5,
            "eps_avg_yearly": 0.81,
            "eps_latest_yearly": 0.44,
            "eps_growth_yearly": 59.18
        },
        "20221": {
            "year_quarter": 20221,
            "year": 2022,
            "quarter": 1,
            "eps": 0.27,
            "eps_growth_year": 285.71,
            "eps_4q": 0.71,
            "eps_4q_growth_year": 278.07,
            "roe": 2.82,
            "roe_4q": 7.4399999999999995,
            "gross_profit": 80684,
            "gross_margin": 15.18,
            "gross_margin_4q_avg": 13.04,
            "net_income": 44321,
            "revenue": 531585,
            "common_shares": 1621732,
            "book_valuer_per_share": 9.81,
            "book_valuer_per_share_4q_avg": 9.52,
            "equity": 1591233,
            "current_ratio": 300.21,
            "debt_ratio": 25.71,
            "inventory_turnover_ratio": 0.95,
            "account_receivable_turnover_ratio": 1.64,
            "reinvestment_rate": -12.35,
            "research_to_sale_ratio": 2.22,
            "price_fair": 29.9,
            "eps_avg_yearly": 0.85,
            "eps_latest_yearly": 1.08,
            "eps_growth_yearly": 109.76
        },
        "20222": {
            "year_quarter": 20222,
            "year": 2022,
            "quarter": 2,
            "eps": 0.45,
            "eps_growth_year": 275,
            "eps_4q": 1.04,
            "eps_4q_growth_year": 794.07,
            "roe": 4.53,
            "roe_4q": 10.67,
            "gross_profit": 102049,
            "gross_margin": 18.12,
            "gross_margin_4q_avg": 14.63,
            "net_income": 73669,
            "revenue": 563172,
            "common_shares": 1621732,
            "book_valuer_per_share": 10.22,
            "book_valuer_per_share_4q_avg": 9.76,
            "equity": 1657766,
            "current_ratio": 279.99,
            "debt_ratio": 27.41,
            "inventory_turnover_ratio": 0.97,
            "account_receivable_turnover_ratio": 1.7,
            "reinvestment_rate": -14.79,
            "research_to_sale_ratio": 2.29,
            "price_fair": 30.9,
            "eps_avg_yearly": 0.88,
            "eps_latest_yearly": 1.8,
            "eps_growth_yearly": 80.46
        },
        "20223": {
            "year_quarter": 20223,
            "year": 2022,
            "quarter": 3,
            "eps": 0.5,
            "eps_growth_year": 150,
            "eps_4q": 1.34,
            "eps_4q_growth_year": 327.92,
            "roe": 4.77,
            "roe_4q": 13.25,
            "gross_profit": 110366,
            "gross_margin": 19.42,
            "gross_margin_4q_avg": 16.15,
            "net_income": 81241,
            "revenue": 568313,
            "common_shares": 1621732,
            "book_valuer_per_share": 10.78,
            "book_valuer_per_share_4q_avg": 10.1,
            "equity": 1747843,
            "current_ratio": 303.57,
            "debt_ratio": 25.25,
            "inventory_turnover_ratio": 1,
            "account_receivable_turnover_ratio": 1.64,
            "reinvestment_rate": -8.3,
            "research_to_sale_ratio": 2.44,
            "price_fair": 31.7,
            "eps_avg_yearly": 0.91,
            "eps_latest_yearly": 2,
            "eps_growth_yearly": 77.92
        },
        "20224": {
            "year_quarter": 20224,
            "year": 2022,
            "quarter": 4,
            "eps": 0.31,
            "eps_growth_year": 184.56,
            "eps_4q": 1.54,
            "eps_4q_growth_year": 207.85,
            "roe": 2.81,
            "roe_4q": 14.93,
            "gross_profit": 94826,
            "gross_margin": 19.33,
            "gross_margin_4q_avg": 18.01,
            "net_income": 49803,
            "revenue": 490683,
            "common_shares": 1621732,
            "book_valuer_per_share": 11.04,
            "book_valuer_per_share_4q_avg": 10.46,
            "equity": 1790671,
            "current_ratio": 316.92,
            "debt_ratio": 23.72,
            "inventory_turnover_ratio": 0.92,
            "account_receivable_turnover_ratio": 1.51,
            "reinvestment_rate": -6.09,
            "research_to_sale_ratio": 2.67,
            "price_fair": 32.4,
            "eps_avg_yearly": 0.93,
            "eps_latest_yearly": 1.24,
            "eps_growth_yearly": 79.31
        },
        "20231": {
            "year_quarter": 20231,
            "year": 2023,
            "quarter": 1,
            "eps": 0.16,
            "eps_growth_year": -40.74,
            "eps_4q": 1.42,
            "eps_4q_growth_year": 101.44,
            "roe": 1.48,
            "roe_4q": 13.59,
            "gross_profit": 75531,
            "gross_margin": 16.54,
            "gross_margin_4q_avg": 18.35,
            "net_income": 25825,
            "revenue": 456547,
            "common_shares": 1621732,
            "book_valuer_per_share": 10.52,
            "book_valuer_per_share_4q_avg": 10.64,
            "equity": 1705828,
            "current_ratio": 272.48,
            "debt_ratio": 26.41,
            "inventory_turnover_ratio": 0.95,
            "account_receivable_turnover_ratio": 1.47,
            "reinvestment_rate": -4.8,
            "research_to_sale_ratio": 2.87,
            "price_fair": 32.8,
            "eps_avg_yearly": 0.94,
            "eps_latest_yearly": 0.64,
            "eps_growth_yearly": 79.77
        }
    },
    "months": {
        "2002-03": {
            "month": "2002-03",
            "price": "31.92",
            "revenue": 85391
        },
        "2002-04": {
            "month": "2002-04",
            "price": "36.40",
            "revenue": 84608
        },
        "2002-05": {
            "month": "2002-05",
            "price": "26.95",
            "revenue": 73110
        },
        "2002-06": {
            "month": "2002-06",
            "price": "23.12",
            "revenue": 72364
        },
        "2002-07": {
            "month": "2002-07",
            "price": "18.59",
            "revenue": 69340
        },
        "2002-08": {
            "month": "2002-08",
            "price": "17.53",
            "revenue": 76859
        },
        "2002-09": {
            "month": "2002-09",
            "price": "17.42",
            "revenue": 87128
        },
        "2002-10": {
            "month": "2002-10",
            "price": "17.26",
            "revenue": 81908
        },
        "2002-11": {
            "month": "2002-11",
            "price": "17.54",
            "revenue": 70168
        },
        "2002-12": {
            "month": "2002-12",
            "price": "16.48",
            "revenue": 82342
        },
        "2003-01": {
            "month": "2003-01",
            "price": "15.07",
            "revenue": 88521
        },
        "2003-02": {
            "month": "2003-02",
            "price": "14.13",
            "revenue": 75468
        },
        "2003-03": {
            "month": "2003-03",
            "price": "13.56",
            "revenue": 111894
        },
        "2003-04": {
            "month": "2003-04",
            "price": "14.55",
            "revenue": 115744
        },
        "2003-05": {
            "month": "2003-05",
            "price": "13.55",
            "revenue": 108045
        },
        "2003-06": {
            "month": "2003-06",
            "price": "15.32",
            "revenue": 130817
        },
        "2003-07": {
            "month": "2003-07",
            "price": "19.92",
            "revenue": 123592
        },
        "2003-08": {
            "month": "2003-08",
            "price": "18.18",
            "revenue": 125944
        },
        "2003-09": {
            "month": "2003-09",
            "price": "16.70",
            "revenue": 141161
        },
        "2003-10": {
            "month": "2003-10",
            "price": "16.45",
            "revenue": 115705
        },
        "2003-11": {
            "month": "2003-11",
            "price": "18.14",
            "revenue": 118507
        },
        "2003-12": {
            "month": "2003-12",
            "price": "25.81",
            "revenue": 115523
        },
        "2004-01": {
            "month": "2004-01",
            "price": "26.99",
            "revenue": 113253
        },
        "2004-02": {
            "month": "2004-02",
            "price": "26.32",
            "revenue": 124846
        },
        "2004-03": {
            "month": "2004-03",
            "price": "27.53",
            "revenue": 142333
        },
        "2004-04": {
            "month": "2004-04",
            "price": "28.35",
            "revenue": 160993
        },
        "2004-05": {
            "month": "2004-05",
            "price": "22.66",
            "revenue": 249692
        },
        "2004-06": {
            "month": "2004-06",
            "price": "21.49",
            "revenue": 290224
        },
        "2004-07": {
            "month": "2004-07",
            "price": "18.29",
            "revenue": 233770
        },
        "2004-08": {
            "month": "2004-08",
            "price": "15.70",
            "revenue": 196975
        },
        "2004-09": {
            "month": "2004-09",
            "price": "15.45",
            "revenue": 264495
        },
        "2004-10": {
            "month": "2004-10",
            "price": "14.22",
            "revenue": 207462
        },
        "2004-11": {
            "month": "2004-11",
            "price": "13.52",
            "revenue": 213710
        },
        "2004-12": {
            "month": "2004-12",
            "price": "13.82",
            "revenue": 229272
        },
        "2005-01": {
            "month": "2005-01",
            "price": "12.97",
            "revenue": 283433
        },
        "2005-02": {
            "month": "2005-02",
            "price": "12.45",
            "revenue": 153814
        },
        "2005-03": {
            "month": "2005-03",
            "price": "12.86",
            "revenue": 231450
        },
        "2005-04": {
            "month": "2005-04",
            "price": "11.84",
            "revenue": 214405
        },
        "2005-05": {
            "month": "2005-05",
            "price": "9.06",
            "revenue": 257660
        },
        "2005-06": {
            "month": "2005-06",
            "price": "9.67",
            "revenue": 237065
        },
        "2005-07": {
            "month": "2005-07",
            "price": "10.11",
            "revenue": 242969
        },
        "2005-08": {
            "month": "2005-08",
            "price": "7.55",
            "revenue": 320209
        },
        "2005-09": {
            "month": "2005-09",
            "price": "7.44",
            "revenue": 302452
        },
        "2005-10": {
            "month": "2005-10",
            "price": "8.17",
            "revenue": 327612
        },
        "2005-11": {
            "month": "2005-11",
            "price": "8.08",
            "revenue": 340524
        },
        "2005-12": {
            "month": "2005-12",
            "price": "8.79",
            "revenue": 286675
        },
        "2006-01": {
            "month": "2006-01",
            "price": "9.03",
            "revenue": 288260
        },
        "2006-02": {
            "month": "2006-02",
            "price": "8.57",
            "revenue": 286817
        },
        "2006-03": {
            "month": "2006-03",
            "price": "8.67",
            "revenue": 321429
        },
        "2006-04": {
            "month": "2006-04",
            "price": "9.52",
            "revenue": 323288
        },
        "2006-05": {
            "month": "2006-05",
            "price": "9.50",
            "revenue": 274381
        },
        "2006-06": {
            "month": "2006-06",
            "price": "7.81",
            "revenue": 315254
        },
        "2006-07": {
            "month": "2006-07",
            "price": "8.95",
            "revenue": 402349
        },
        "2006-08": {
            "month": "2006-08",
            "price": "9.13",
            "revenue": 374928
        },
        "2006-09": {
            "month": "2006-09",
            "price": "9.77",
            "revenue": 327687
        },
        "2006-10": {
            "month": "2006-10",
            "price": "10.29",
            "revenue": 342961
        },
        "2006-11": {
            "month": "2006-11",
            "price": "10.98",
            "revenue": 306128
        },
        "2006-12": {
            "month": "2006-12",
            "price": "13.82",
            "revenue": 308768
        },
        "2007-01": {
            "month": "2007-01",
            "price": "13.98",
            "revenue": 374560
        },
        "2007-02": {
            "month": "2007-02",
            "price": "13.29",
            "revenue": 262530
        },
        "2007-03": {
            "month": "2007-03",
            "price": "13.14",
            "revenue": 384093
        },
        "2007-04": {
            "month": "2007-04",
            "price": "14.32",
            "revenue": 427035
        },
        "2007-05": {
            "month": "2007-05",
            "price": "16.09",
            "revenue": 460328
        },
        "2007-06": {
            "month": "2007-06",
            "price": "21.88",
            "revenue": 396685
        },
        "2007-07": {
            "month": "2007-07",
            "price": "22.34",
            "revenue": 391335
        },
        "2007-08": {
            "month": "2007-08",
            "price": "18.91",
            "revenue": 426800
        },
        "2007-09": {
            "month": "2007-09",
            "price": "16.62",
            "revenue": 428198
        },
        "2007-10": {
            "month": "2007-10",
            "price": "17.47",
            "revenue": 457521
        },
        "2007-11": {
            "month": "2007-11",
            "price": "14.47",
            "revenue": 403733
        },
        "2007-12": {
            "month": "2007-12",
            "price": "11.02",
            "revenue": 290901
        },
        "2008-01": {
            "month": "2008-01",
            "price": "8.73",
            "revenue": 355149
        },
        "2008-02": {
            "month": "2008-02",
            "price": "8.11",
            "revenue": 233969
        },
        "2008-03": {
            "month": "2008-03",
            "price": "9.78",
            "revenue": 358236
        },
        "2008-04": {
            "month": "2008-04",
            "price": "13.76",
            "revenue": 290614
        },
        "2008-05": {
            "month": "2008-05",
            "price": "11.52",
            "revenue": 366466
        },
        "2008-06": {
            "month": "2008-06",
            "price": "9.04",
            "revenue": 226818
        },
        "2008-07": {
            "month": "2008-07",
            "price": "6.71",
            "revenue": 288221
        },
        "2008-08": {
            "month": "2008-08",
            "price": "6.56",
            "revenue": 256760
        },
        "2008-09": {
            "month": "2008-09",
            "price": "5.01",
            "revenue": 243684
        },
        "2008-10": {
            "month": "2008-10",
            "price": "3.49",
            "revenue": 215376
        },
        "2008-11": {
            "month": "2008-11",
            "price": "2.31",
            "revenue": 184325
        },
        "2008-12": {
            "month": "2008-12",
            "price": "2.39",
            "revenue": 181218
        },
        "2009-01": {
            "month": "2009-01",
            "price": "2.21",
            "revenue": 151113
        },
        "2009-02": {
            "month": "2009-02",
            "price": "2.38",
            "revenue": 111163
        },
        "2009-03": {
            "month": "2009-03",
            "price": "4.34",
            "revenue": 180381
        },
        "2009-04": {
            "month": "2009-04",
            "price": "5.23",
            "revenue": 159275
        },
        "2009-05": {
            "month": "2009-05",
            "price": "4.81",
            "revenue": 121088
        },
        "2009-06": {
            "month": "2009-06",
            "price": "4.12",
            "revenue": 100147
        },
        "2009-07": {
            "month": "2009-07",
            "price": "4.04",
            "revenue": 122681
        },
        "2009-08": {
            "month": "2009-08",
            "price": "3.82",
            "revenue": 125704
        },
        "2009-09": {
            "month": "2009-09",
            "price": "4.07",
            "revenue": 167300
        },
        "2009-10": {
            "month": "2009-10",
            "price": "4.47",
            "revenue": 134640
        },
        "2009-11": {
            "month": "2009-11",
            "price": "4.16",
            "revenue": 140641
        },
        "2009-12": {
            "month": "2009-12",
            "price": "5.32",
            "revenue": 164600
        },
        "2010-01": {
            "month": "2010-01",
            "price": "6.30",
            "revenue": 137127
        },
        "2010-02": {
            "month": "2010-02",
            "price": "5.56",
            "revenue": 105069
        },
        "2010-03": {
            "month": "2010-03",
            "price": "5.74",
            "revenue": 199477
        },
        "2010-04": {
            "month": "2010-04",
            "price": "6.09",
            "revenue": 182717
        },
        "2010-05": {
            "month": "2010-05",
            "price": "3.78",
            "revenue": 187447
        },
        "2010-06": {
            "month": "2010-06",
            "price": "2.84",
            "revenue": 140371
        },
        "2010-07": {
            "month": "2010-07",
            "price": "3.66",
            "revenue": 215657
        },
        "2010-08": {
            "month": "2010-08",
            "price": "3.62",
            "revenue": 201465
        },
        "2010-09": {
            "month": "2010-09",
            "price": "3.69",
            "revenue": 192784
        },
        "2010-10": {
            "month": "2010-10",
            "price": "4.93",
            "revenue": 146182
        },
        "2010-11": {
            "month": "2010-11",
            "price": "4.42",
            "revenue": 160365
        },
        "2010-12": {
            "month": "2010-12",
            "price": "4.59",
            "revenue": 151526
        },
        "2011-01": {
            "month": "2011-01",
            "price": "4.32",
            "revenue": 145926
        },
        "2011-02": {
            "month": "2011-02",
            "price": "3.90",
            "revenue": 93063
        },
        "2011-03": {
            "month": "2011-03",
            "price": "3.50",
            "revenue": 143625
        },
        "2011-04": {
            "month": "2011-04",
            "price": "3.07",
            "revenue": 153003
        },
        "2011-05": {
            "month": "2011-05",
            "price": "2.46",
            "revenue": 183840
        },
        "2011-06": {
            "month": "2011-06",
            "price": "2.45",
            "revenue": 171600
        },
        "2011-07": {
            "month": "2011-07",
            "price": "1.92",
            "revenue": 173004
        },
        "2011-08": {
            "month": "2011-08",
            "price": "1.63",
            "revenue": 171118
        },
        "2011-09": {
            "month": "2011-09",
            "price": "1.78",
            "revenue": 166791
        },
        "2011-10": {
            "month": "2011-10",
            "price": "1.68",
            "revenue": 181687
        },
        "2011-11": {
            "month": "2011-11",
            "price": "1.95",
            "revenue": 181535
        },
        "2011-12": {
            "month": "2011-12",
            "price": "1.98",
            "revenue": 177867
        },
        "2012-01": {
            "month": "2012-01",
            "price": "2.00",
            "revenue": 126505
        },
        "2012-02": {
            "month": "2012-02",
            "price": "2.48",
            "revenue": 159097
        },
        "2012-03": {
            "month": "2012-03",
            "price": "2.26",
            "revenue": 198892
        },
        "2012-04": {
            "month": "2012-04",
            "price": "2.27",
            "revenue": 179415
        },
        "2012-05": {
            "month": "2012-05",
            "price": "2.30",
            "revenue": 189387
        },
        "2012-06": {
            "month": "2012-06",
            "price": "2.13",
            "revenue": 185384
        },
        "2012-07": {
            "month": "2012-07",
            "price": "2.38",
            "revenue": 189606
        },
        "2012-08": {
            "month": "2012-08",
            "price": "2.55",
            "revenue": 174762
        },
        "2012-09": {
            "month": "2012-09",
            "price": "2.93",
            "revenue": 166877
        },
        "2012-10": {
            "month": "2012-10",
            "price": "2.66",
            "revenue": 144789
        },
        "2012-11": {
            "month": "2012-11",
            "price": "2.55",
            "revenue": 113144
        },
        "2012-12": {
            "month": "2012-12",
            "price": "2.27",
            "revenue": 114953
        },
        "2013-01": {
            "month": "2013-01",
            "price": "2.08",
            "revenue": 145428
        },
        "2013-02": {
            "month": "2013-02",
            "price": "2.08",
            "revenue": 77438
        },
        "2013-03": {
            "month": "2013-03",
            "price": "2.11",
            "revenue": 139661
        },
        "2013-04": {
            "month": "2013-04",
            "price": "2.10",
            "revenue": 155270
        },
        "2013-05": {
            "month": "2013-05",
            "price": "2.24",
            "revenue": 139397
        },
        "2013-06": {
            "month": "2013-06",
            "price": "2.31",
            "revenue": 147074
        },
        "2013-07": {
            "month": "2013-07",
            "price": "2.05",
            "revenue": 153173
        },
        "2013-08": {
            "month": "2013-08",
            "price": "1.92",
            "revenue": 136578
        },
        "2013-09": {
            "month": "2013-09",
            "price": "1.96",
            "revenue": 140039
        },
        "2013-10": {
            "month": "2013-10",
            "price": "1.98",
            "revenue": 159869
        },
        "2013-11": {
            "month": "2013-11",
            "price": "1.91",
            "revenue": 156321
        },
        "2013-12": {
            "month": "2013-12",
            "price": "1.98",
            "revenue": 150765
        },
        "2014-01": {
            "month": "2014-01",
            "price": "2.11",
            "revenue": 155918
        },
        "2014-02": {
            "month": "2014-02",
            "price": "2.27",
            "revenue": 111849
        },
        "2014-03": {
            "month": "2014-03",
            "price": "2.88",
            "revenue": 180900
        },
        "2014-04": {
            "month": "2014-04",
            "price": "3.61",
            "revenue": 193738
        },
        "2014-05": {
            "month": "2014-05",
            "price": "3.41",
            "revenue": 192282
        },
        "2014-06": {
            "month": "2014-06",
            "price": "3.24",
            "revenue": 176724
        },
        "2014-07": {
            "month": "2014-07",
            "price": "3.08",
            "revenue": 177513
        },
        "2014-08": {
            "month": "2014-08",
            "price": "3.17",
            "revenue": 177925
        },
        "2014-09": {
            "month": "2014-09",
            "price": "2.97",
            "revenue": 194324
        },
        "2014-10": {
            "month": "2014-10",
            "price": "2.95",
            "revenue": 194197
        },
        "2014-11": {
            "month": "2014-11",
            "price": "3.14",
            "revenue": 181548
        },
        "2014-12": {
            "month": "2014-12",
            "price": "3.02",
            "revenue": 167199
        },
        "2015-01": {
            "month": "2015-01",
            "price": "3.27",
            "revenue": 189892
        },
        "2015-02": {
            "month": "2015-02",
            "price": "3.53",
            "revenue": 107608
        },
        "2015-03": {
            "month": "2015-03",
            "price": "3.80",
            "revenue": 157417
        },
        "2015-04": {
            "month": "2015-04",
            "price": "5.89",
            "revenue": 152978
        },
        "2015-05": {
            "month": "2015-05",
            "price": "5.89",
            "revenue": 150790
        },
        "2015-06": {
            "month": "2015-06",
            "price": "4.86",
            "revenue": 156655
        },
        "2015-07": {
            "month": "2015-07",
            "price": "4.04",
            "revenue": 157396
        },
        "2015-08": {
            "month": "2015-08",
            "price": "3.34",
            "revenue": 168190
        },
        "2015-09": {
            "month": "2015-09",
            "price": "3.73",
            "revenue": 163808
        },
        "2015-10": {
            "month": "2015-10",
            "price": "4.06",
            "revenue": 146126
        },
        "2015-11": {
            "month": "2015-11",
            "price": "4.53",
            "revenue": 176475
        },
        "2015-12": {
            "month": "2015-12",
            "price": "4.32",
            "revenue": 196183
        },
        "2016-01": {
            "month": "2016-01",
            "price": "4.21",
            "revenue": 210350
        },
        "2016-02": {
            "month": "2016-02",
            "price": "4.36",
            "revenue": 136473
        },
        "2016-03": {
            "month": "2016-03",
            "price": "5.79",
            "revenue": 180684
        },
        "2016-04": {
            "month": "2016-04",
            "price": "5.90",
            "revenue": 170723
        },
        "2016-05": {
            "month": "2016-05",
            "price": "6.45",
            "revenue": 175402
        },
        "2016-06": {
            "month": "2016-06",
            "price": "7.13",
            "revenue": 170139
        },
        "2016-07": {
            "month": "2016-07",
            "price": "6.99",
            "revenue": 165557
        },
        "2016-08": {
            "month": "2016-08",
            "price": "7.86",
            "revenue": 162079
        },
        "2016-09": {
            "month": "2016-09",
            "price": "7.23",
            "revenue": 144760
        },
        "2016-10": {
            "month": "2016-10",
            "price": "6.32",
            "revenue": 163355
        },
        "2016-11": {
            "month": "2016-11",
            "price": "6.28",
            "revenue": 182129
        },
        "2016-12": {
            "month": "2016-12",
            "price": "6.54",
            "revenue": 185523
        },
        "2017-01": {
            "month": "2017-01",
            "price": "6.55",
            "revenue": 190209
        },
        "2017-02": {
            "month": "2017-02",
            "price": "7.89",
            "revenue": 170606
        },
        "2017-03": {
            "month": "2017-03",
            "price": "9.19",
            "revenue": 183467
        },
        "2017-04": {
            "month": "2017-04",
            "price": "9.07",
            "revenue": 180821
        },
        "2017-05": {
            "month": "2017-05",
            "price": "8.61",
            "revenue": 178472
        },
        "2017-06": {
            "month": "2017-06",
            "price": "8.64",
            "revenue": 192268
        },
        "2017-07": {
            "month": "2017-07",
            "price": "8.11",
            "revenue": 177888
        },
        "2017-08": {
            "month": "2017-08",
            "price": "8.26",
            "revenue": 178170
        },
        "2017-09": {
            "month": "2017-09",
            "price": "8.91",
            "revenue": 170741
        },
        "2017-10": {
            "month": "2017-10",
            "price": "8.85",
            "revenue": 160821
        },
        "2017-11": {
            "month": "2017-11",
            "price": "8.34",
            "revenue": 179752
        },
        "2017-12": {
            "month": "2017-12",
            "price": "7.86",
            "revenue": 170612
        },
        "2018-01": {
            "month": "2018-01",
            "price": "7.67",
            "revenue": 182838
        },
        "2018-02": {
            "month": "2018-02",
            "price": "7.15",
            "revenue": 128727
        },
        "2018-03": {
            "month": "2018-03",
            "price": "7.03",
            "revenue": 173219
        },
        "2018-04": {
            "month": "2018-04",
            "price": "6.79",
            "revenue": 155201
        },
        "2018-05": {
            "month": "2018-05",
            "price": "6.46",
            "revenue": 194325
        },
        "2018-06": {
            "month": "2018-06",
            "price": "7.44",
            "revenue": 169191
        },
        "2018-07": {
            "month": "2018-07",
            "price": "6.92",
            "revenue": 176042
        },
        "2018-08": {
            "month": "2018-08",
            "price": "7.12",
            "revenue": 181131
        },
        "2018-09": {
            "month": "2018-09",
            "price": "6.96",
            "revenue": 164749
        },
        "2018-10": {
            "month": "2018-10",
            "price": "6.45",
            "revenue": 160076
        },
        "2018-11": {
            "month": "2018-11",
            "price": "6.75",
            "revenue": 162103
        },
        "2018-12": {
            "month": "2018-12",
            "price": "6.86",
            "revenue": 161566
        },
        "2019-01": {
            "month": "2019-01",
            "price": "6.80",
            "revenue": 179704
        },
        "2019-02": {
            "month": "2019-02",
            "price": "7.16",
            "revenue": 127298
        },
        "2019-03": {
            "month": "2019-03",
            "price": "7.28",
            "revenue": 156641
        },
        "2019-04": {
            "month": "2019-04",
            "price": "8.69",
            "revenue": 192137
        },
        "2019-05": {
            "month": "2019-05",
            "price": "7.68",
            "revenue": 188169
        },
        "2019-06": {
            "month": "2019-06",
            "price": "7.31",
            "revenue": 188875
        },
        "2019-07": {
            "month": "2019-07",
            "price": "8.04",
            "revenue": 189461
        },
        "2019-08": {
            "month": "2019-08",
            "price": "8.03",
            "revenue": 176887
        },
        "2019-09": {
            "month": "2019-09",
            "price": "7.68",
            "revenue": 167267
        },
        "2019-10": {
            "month": "2019-10",
            "price": "7.42",
            "revenue": 143346
        },
        "2019-11": {
            "month": "2019-11",
            "price": "7.53",
            "revenue": 143712
        },
        "2019-12": {
            "month": "2019-12",
            "price": "7.91",
            "revenue": 152218
        },
        "2020-01": {
            "month": "2020-01",
            "price": "7.52",
            "revenue": 131742
        },
        "2020-02": {
            "month": "2020-02",
            "price": "6.99",
            "revenue": 118632
        },
        "2020-03": {
            "month": "2020-03",
            "price": "5.74",
            "revenue": 140590
        },
        "2020-04": {
            "month": "2020-04",
            "price": "5.84",
            "revenue": 127926
        },
        "2020-05": {
            "month": "2020-05",
            "price": "6.56",
            "revenue": 136535
        },
        "2020-06": {
            "month": "2020-06",
            "price": "6.96",
            "revenue": 138811
        },
        "2020-07": {
            "month": "2020-07",
            "price": "7.19",
            "revenue": 130835
        },
        "2020-08": {
            "month": "2020-08",
            "price": "7.04",
            "revenue": 111659
        },
        "2020-09": {
            "month": "2020-09",
            "price": "7.39",
            "revenue": 118748
        },
        "2020-10": {
            "month": "2020-10",
            "price": "7.06",
            "revenue": 97919
        },
        "2020-11": {
            "month": "2020-11",
            "price": "6.89",
            "revenue": 118231
        },
        "2020-12": {
            "month": "2020-12",
            "price": "7.34",
            "revenue": 129562
        },
        "2021-01": {
            "month": "2021-01",
            "price": "7.85",
            "revenue": 130830
        },
        "2021-02": {
            "month": "2021-02",
            "price": "7.55",
            "revenue": 100386
        },
        "2021-03": {
            "month": "2021-03",
            "price": "8.02",
            "revenue": 131355
        },
        "2021-04": {
            "month": "2021-04",
            "price": "10.02",
            "revenue": 133596
        },
        "2021-05": {
            "month": "2021-05",
            "price": "8.60",
            "revenue": 150425
        },
        "2021-06": {
            "month": "2021-06",
            "price": "8.57",
            "revenue": 145557
        },
        "2021-07": {
            "month": "2021-07",
            "price": "8.84",
            "revenue": 142422
        },
        "2021-08": {
            "month": "2021-08",
            "price": "8.84",
            "revenue": 198191
        },
        "2021-09": {
            "month": "2021-09",
            "price": "8.80",
            "revenue": 178123
        },
        "2021-10": {
            "month": "2021-10",
            "price": "9.00",
            "revenue": 182202
        },
        "2021-11": {
            "month": "2021-11",
            "price": "10.93",
            "revenue": 191933
        },
        "2021-12": {
            "month": "2021-12",
            "price": "14.69",
            "revenue": 193188
        },
        "2022-01": {
            "month": "2022-01",
            "price": "14.85",
            "revenue": 189743
        },
        "2022-02": {
            "month": "2022-02",
            "price": "14.44",
            "revenue": 154509
        },
        "2022-03": {
            "month": "2022-03",
            "price": "12.80",
            "revenue": 187333
        },
        "2022-04": {
            "month": "2022-04",
            "price": "11.98",
            "revenue": 166796
        },
        "2022-05": {
            "month": "2022-05",
            "price": "11.48",
            "revenue": 203631
        },
        "2022-06": {
            "month": "2022-06",
            "price": "13.00",
            "revenue": 192745
        },
        "2022-07": {
            "month": "2022-07",
            "price": "12.14",
            "revenue": 193814
        },
        "2022-08": {
            "month": "2022-08",
            "price": "14.54",
            "revenue": 192258
        },
        "2022-09": {
            "month": "2022-09",
            "price": "13.87",
            "revenue": 182241
        },
        "2022-10": {
            "month": "2022-10",
            "price": "11.91",
            "revenue": 165023
        },
        "2022-11": {
            "month": "2022-11",
            "price": "12.73",
            "revenue": 169799
        },
        "2022-12": {
            "month": "2022-12",
            "price": "12.27",
            "revenue": 155861
        },
        "2023-01": {
            "month": "2023-01",
            "price": "11.82",
            "revenue": 136146
        },
        "2023-02": {
            "month": "2023-02",
            "price": "12.49",
            "revenue": 150067
        },
        "2023-03": {
            "month": "2023-03",
            "price": "13.24",
            "revenue": 170334
        },
        "2023-04": {
            "month": "2023-04",
            "price": "15.88",
            "revenue": 140685
        },
        "2023-05": {
            "month": "2023-05",
            "price": "17.39",
            "revenue": 180300
        }
    }
}
