{
    "summary": {
        "stock_name": "宏齊",
        "stock_id": "6168",
        "category": "光電",
        "main_business": "表面黏著發光二極體之生產與銷售",
        "website_url": "http://www.harvatek.com",
        "ceo": "汪秉龍",
        "pe_ratio": 18,
        "report_year_from": 2001,
        "report_year_to": 2023,
        "age": 22,
        "eps_negative_percentage": 13,
        "eps_growth_avg": {
            "last_all": -1.63,
            "last_2y": 67.04,
            "last_4y": 22.16,
            "last_8y": 15.83,
            "last_12y": -1.9,
            "last_16y": -1.89,
            "last_20y": -1.63,
            "at_2006_last_3y": -5.92,
            "at_2007_last_3y": -9.8,
            "at_2008_last_3y": -2.84,
            "at_2009_last_3y": -1.87,
            "at_2010_last_3y": -2.8,
            "at_2011_last_3y": -24.26,
            "at_2012_last_3y": -44.55,
            "at_2013_last_3y": -43.27,
            "at_2014_last_3y": -25.36,
            "at_2015_last_3y": -33.33,
            "at_2016_last_3y": 0,
            "at_2017_last_3y": 0,
            "at_2018_last_3y": -48.2,
            "at_2019_last_3y": -45.15,
            "at_2020_last_3y": 3.23,
            "at_2021_last_3y": 27.42,
            "at_2022_last_3y": 26.8,
            "at_2023_last_3y": 26.8,
            "at_2006_last_all": 9.44,
            "at_2007_last_all": 9.49,
            "at_2008_last_all": 5.44,
            "at_2009_last_all": -1.28,
            "at_2010_last_all": 4,
            "at_2011_last_all": -4.01,
            "at_2012_last_all": -12.74,
            "at_2013_last_all": -12.74,
            "at_2014_last_all": -3.34,
            "at_2015_last_all": -10.78,
            "at_2016_last_all": -10.78,
            "at_2017_last_all": -10.78,
            "at_2018_last_all": -9.75,
            "at_2019_last_all": -15.36,
            "at_2020_last_all": -8.15,
            "at_2021_last_all": -1.79,
            "at_2022_last_all": -1.63,
            "at_2023_last_all": -1.63
        },
        "latest_eps": 1.32,
        "latest_price": 24.05,
        "latest_roe": 8.62,
        "latest_gross_margin": 26.74,
        "latest_equity": 3179773,
        "latest_revenue": 514823,
        "latest_gross_profit": 137658,
        "latest_net_income": 4130,
        "latest_debt_ratio": 24.11,
        "latest_current_ratio": 265.25,
        "latest_account_receivable_turnover_ratio": 1.17,
        "latest_inventory_turnover_ratio": 1.03,
        "latest_reinvestment_rate": 27.88,
        "latest_research_to_sale_ratio": 12.42
    },
    "eps_dividends": {
        "2001": {
            "cash": 1.5,
            "stock": 1.5,
            "eps": 2.13
        },
        "2002": {
            "cash": 0,
            "stock": 0,
            "eps": 3.64
        },
        "2003": {
            "cash": 0.2,
            "stock": 2.5,
            "eps": 4.56
        },
        "2004": {
            "cash": 1.5,
            "stock": 2,
            "eps": 2.43
        },
        "2005": {
            "cash": 1,
            "stock": 0.5,
            "eps": 1.16
        },
        "2006": {
            "cash": 0.29,
            "stock": 0.87,
            "eps": 1.74
        },
        "2007": {
            "cash": 0.5,
            "stock": 0.8,
            "eps": 1.91
        },
        "2008": {
            "cash": 1,
            "stock": 0.5,
            "eps": 1.55
        },
        "2009": {
            "cash": 0.6,
            "stock": 0.4,
            "eps": 0.8
        },
        "2010": {
            "cash": 0.68,
            "stock": 0.29,
            "eps": 1.17
        },
        "2011": {
            "cash": 0.9500000000000001,
            "stock": 0.30000000000000004,
            "eps": 0.28
        },
        "2012": {
            "cash": 0,
            "stock": 0,
            "eps": -2.63
        },
        "2013": {
            "cash": 0,
            "stock": 0,
            "eps": 0.18
        },
        "2014": {
            "cash": 0.11,
            "stock": 0,
            "eps": 1.81
        },
        "2015": {
            "cash": 1.4,
            "stock": 0.1,
            "eps": -0.08
        },
        "2016": {
            "cash": 0,
            "stock": 0,
            "eps": -0.76
        },
        "2017": {
            "cash": 0,
            "stock": 0,
            "eps": 1.11
        },
        "2018": {
            "cash": 1,
            "stock": 0,
            "eps": 1.15
        },
        "2019": {
            "cash": 1,
            "stock": 0,
            "eps": 0.07
        },
        "2020": {
            "cash": 0,
            "stock": 0,
            "eps": 0.69
        },
        "2021": {
            "cash": 0.7,
            "stock": 0,
            "eps": 1.8
        },
        "2022": {
            "cash": 1.5,
            "stock": 0,
            "eps": 1.82
        },
        "2023": {
            "cash": 1.5,
            "stock": 0,
            "eps": 0.04
        }
    },
    "dividends": {
        "2001-05-17": {
            "cash": 1.5,
            "stock": 1.5
        },
        "2003-03-24": {
            "cash": 0.2,
            "stock": 2.5
        },
        "2004-06-23": {
            "cash": 1.5,
            "stock": 2
        },
        "2005-03-25": {
            "cash": 1,
            "stock": 0.5
        },
        "2006-03-17": {
            "cash": 0.29,
            "stock": 0.87
        },
        "2007-03-16": {
            "cash": 0.5,
            "stock": 0.8
        },
        "2008-03-24": {
            "cash": 1,
            "stock": 0.5
        },
        "2009-03-23": {
            "cash": 0.6,
            "stock": 0.4
        },
        "2010-03-18": {
            "cash": 0.68,
            "stock": 0.29
        },
        "2011-01-01": {
            "cash": 0.15,
            "stock": 0.1
        },
        "2011-03-25": {
            "cash": 0.8,
            "stock": 0.2
        },
        "2014-10-09": {
            "cash": 0.11,
            "stock": 0
        },
        "2015-10-23": {
            "cash": 1.4,
            "stock": 0.1
        },
        "2018-09-21": {
            "cash": 1,
            "stock": 0
        },
        "2019-09-20": {
            "cash": 1,
            "stock": 0
        },
        "2021-09-24": {
            "cash": 0.7,
            "stock": 0
        },
        "2022-09-23": {
            "cash": 1.5,
            "stock": 0
        },
        "2023-03-09": {
            "cash": 1.5,
            "stock": 0
        }
    },
    "prices": {
        "200101": "無",
        "200102": "無",
        "200103": "無",
        "200104": "無",
        "200105": "無",
        "200106": "無",
        "200107": "無",
        "200108": "無",
        "200109": "無",
        "200110": "無",
        "200111": "無",
        "200112": "無",
        "200201": "無",
        "200202": "無",
        "200203": "45.65",
        "200204": "62.60",
        "200205": "55.10",
        "200206": "43.49",
        "200207": "39.02",
        "200208": "42.49",
        "200209": "46.28",
        "200210": "48.02",
        "200211": "64.81",
        "200212": "68.07",
        "200301": "54.65",
        "200302": "51.53",
        "200303": "50.47",
        "200304": "55.87",
        "200305": "47.03",
        "200306": "50.44",
        "200307": "52.95",
        "200308": "49.64",
        "200309": "52.76",
        "200310": "52.66",
        "200311": "54.85",
        "200312": "54.93",
        "200401": "56.90",
        "200402": "66.42",
        "200403": "54.70",
        "200404": "59.55",
        "200405": "50.76",
        "200406": "43.64",
        "200407": "35.88",
        "200408": "34.36",
        "200409": "30.94",
        "200410": "25.12",
        "200411": "24.38",
        "200412": "25.25",
        "200501": "25.90",
        "200502": "29.94",
        "200503": "35.00",
        "200504": "33.87",
        "200505": "31.18",
        "200506": "32.56",
        "200507": "32.41",
        "200508": "25.26",
        "200509": "22.45",
        "200510": "27.00",
        "200511": "28.52",
        "200512": "34.22",
        "200601": "36.42",
        "200602": "34.80",
        "200603": "37.02",
        "200604": "44.52",
        "200605": "43.20",
        "200606": "32.31",
        "200607": "29.66",
        "200608": "32.44",
        "200609": "32.32",
        "200610": "30.64",
        "200611": "31.99",
        "200612": "35.26",
        "200701": "38.88",
        "200702": "40.30",
        "200703": "44.33",
        "200704": "41.32",
        "200705": "38.49",
        "200706": "44.03",
        "200707": "47.17",
        "200708": "44.83",
        "200709": "42.53",
        "200710": "43.15",
        "200711": "35.93",
        "200712": "32.72",
        "200801": "26.74",
        "200802": "24.08",
        "200803": "30.00",
        "200804": "33.48",
        "200805": "43.90",
        "200806": "33.80",
        "200807": "28.45",
        "200808": "33.35",
        "200809": "25.95",
        "200810": "22.34",
        "200811": "15.66",
        "200812": "14.43",
        "200901": "16.21",
        "200902": "17.33",
        "200903": "19.90",
        "200904": "21.59",
        "200905": "25.49",
        "200906": "25.00",
        "200907": "27.82",
        "200908": "29.79",
        "200909": "29.82",
        "200910": "29.96",
        "200911": "28.21",
        "200912": "31.05",
        "201001": "34.04",
        "201002": "30.80",
        "201003": "36.10",
        "201004": "38.36",
        "201005": "33.74",
        "201006": "35.03",
        "201007": "41.35",
        "201008": "38.85",
        "201009": "39.15",
        "201010": "37.63",
        "201011": "33.25",
        "201012": "34.01",
        "201101": "32.31",
        "201102": "34.47",
        "201103": "37.49",
        "201104": "35.08",
        "201105": "32.01",
        "201106": "29.72",
        "201107": "24.75",
        "201108": "18.86",
        "201109": "16.28",
        "201110": "17.67",
        "201111": "16.76",
        "201112": "15.12",
        "201201": "16.16",
        "201202": "19.52",
        "201203": "20.65",
        "201204": "19.48",
        "201205": "17.43",
        "201206": "16.39",
        "201207": "15.68",
        "201208": "15.49",
        "201209": "15.14",
        "201210": "13.23",
        "201211": "11.58",
        "201212": "12.02",
        "201301": "12.93",
        "201302": "12.55",
        "201303": "13.23",
        "201304": "11.69",
        "201305": "12.60",
        "201306": "12.12",
        "201307": "11.78",
        "201308": "11.07",
        "201309": "10.91",
        "201310": "11.63",
        "201311": "12.63",
        "201312": "14.63",
        "201401": "16.99",
        "201402": "17.60",
        "201403": "19.19",
        "201404": "19.51",
        "201405": "19.80",
        "201406": "22.88",
        "201407": "23.85",
        "201408": "22.76",
        "201409": "19.78",
        "201410": "16.25",
        "201411": "17.27",
        "201412": "18.08",
        "201501": "18.04",
        "201502": "18.83",
        "201503": "20.63",
        "201504": "18.60",
        "201505": "16.47",
        "201506": "13.78",
        "201507": "12.57",
        "201508": "10.93",
        "201509": "11.26",
        "201510": "12.17",
        "201511": "12.74",
        "201512": "13.18",
        "201601": "12.46",
        "201602": "12.53",
        "201603": "12.58",
        "201604": "10.68",
        "201605": "9.40",
        "201606": "9.44",
        "201607": "10.24",
        "201608": "9.47",
        "201609": "9.34",
        "201610": "9.33",
        "201611": "9.24",
        "201612": "10.30",
        "201701": "11.06",
        "201702": "10.90",
        "201703": "10.71",
        "201704": "10.39",
        "201705": "10.06",
        "201706": "10.65",
        "201707": "10.63",
        "201708": "12.04",
        "201709": "15.05",
        "201710": "17.55",
        "201711": "19.25",
        "201712": "20.29",
        "201801": "20.63",
        "201802": "19.05",
        "201803": "20.90",
        "201804": "19.27",
        "201805": "18.15",
        "201806": "20.05",
        "201807": "18.02",
        "201808": "17.17",
        "201809": "14.91",
        "201810": "12.72",
        "201811": "12.65",
        "201812": "12.74",
        "201901": "12.63",
        "201902": "13.79",
        "201903": "14.76",
        "201904": "16.40",
        "201905": "14.58",
        "201906": "14.23",
        "201907": "15.03",
        "201908": "14.17",
        "201909": "13.43",
        "201910": "12.99",
        "201911": "12.75",
        "201912": "13.27",
        "202001": "12.93",
        "202002": "11.96",
        "202003": "10.82",
        "202004": "10.85",
        "202005": "12.63",
        "202006": "13.01",
        "202007": "13.56",
        "202008": "14.31",
        "202009": "14.93",
        "202010": "14.19",
        "202011": "14.15",
        "202012": "15.76",
        "202101": "17.95",
        "202102": "17.50",
        "202103": "18.40",
        "202104": "22.68",
        "202105": "19.24",
        "202106": "22.10",
        "202107": "27.96",
        "202108": "28.26",
        "202109": "26.35",
        "202110": "23.67",
        "202111": "27.12",
        "202112": "27.52",
        "202201": "26.16",
        "202202": "25.69",
        "202203": "23.82",
        "202204": "22.53",
        "202205": "22.00",
        "202206": "21.90",
        "202207": "19.10",
        "202208": "20.09",
        "202209": "18.08",
        "202210": "15.86",
        "202211": "17.43",
        "202212": "18.08",
        "202301": "17.92",
        "202302": "19.86",
        "202303": "23.22",
        "202304": "25.50",
        "202305": "24.00",
        "202306": "24.28"
    },
    "quarters": {
        "20011": {
            "year_quarter": 20011,
            "year": 2001,
            "quarter": 1,
            "eps": 0.83,
            "eps_growth_year": null,
            "eps_4q": null,
            "eps_4q_growth_year": null,
            "roe": 5.76,
            "roe_4q": 5.76,
            "gross_profit": 65588,
            "gross_margin": 43.85,
            "gross_margin_4q_avg": 43.85,
            "net_income": 38207,
            "revenue": 149559,
            "common_shares": 460000,
            "book_valuer_per_share": 14.84,
            "book_valuer_per_share_4q_avg": 14.84,
            "equity": 682444,
            "current_ratio": 261.72,
            "debt_ratio": 30.58,
            "inventory_turnover_ratio": 0.37,
            "account_receivable_turnover_ratio": null,
            "reinvestment_rate": null,
            "research_to_sale_ratio": null,
            "price_fair": 0,
            "eps_avg_yearly": 0,
            "eps_latest_yearly": 0,
            "eps_growth_yearly": 0
        },
        "20012": {
            "year_quarter": 20012,
            "year": 2001,
            "quarter": 2,
            "eps": 0,
            "eps_growth_year": null,
            "eps_4q": null,
            "eps_4q_growth_year": null,
            "roe": -0.01,
            "roe_4q": 5.75,
            "gross_profit": 45310,
            "gross_margin": 36.15,
            "gross_margin_4q_avg": 40,
            "net_income": -76,
            "revenue": 125326,
            "common_shares": 460000,
            "book_valuer_per_share": 14.83,
            "book_valuer_per_share_4q_avg": 14.84,
            "equity": 682368,
            "current_ratio": 265.52,
            "debt_ratio": 31.22,
            "inventory_turnover_ratio": 0.33,
            "account_receivable_turnover_ratio": null,
            "reinvestment_rate": null,
            "research_to_sale_ratio": null,
            "price_fair": 0,
            "eps_avg_yearly": 0,
            "eps_latest_yearly": 0,
            "eps_growth_yearly": 0
        },
        "20013": {
            "year_quarter": 20013,
            "year": 2001,
            "quarter": 3,
            "eps": 1.04,
            "eps_growth_year": null,
            "eps_4q": null,
            "eps_4q_growth_year": null,
            "roe": 7.83,
            "roe_4q": 13.58,
            "gross_profit": 97644,
            "gross_margin": 45.82,
            "gross_margin_4q_avg": 41.94,
            "net_income": 55615,
            "revenue": 213104,
            "common_shares": 536828,
            "book_valuer_per_share": 13.75,
            "book_valuer_per_share_4q_avg": 14.47,
            "equity": 737983,
            "current_ratio": 222.14,
            "debt_ratio": 35.35,
            "inventory_turnover_ratio": 0.41,
            "account_receivable_turnover_ratio": null,
            "reinvestment_rate": null,
            "research_to_sale_ratio": null,
            "price_fair": 0,
            "eps_avg_yearly": 0,
            "eps_latest_yearly": 0,
            "eps_growth_yearly": 0
        },
        "20014": {
            "year_quarter": 20014,
            "year": 2001,
            "quarter": 4,
            "eps": 0.26,
            "eps_growth_year": null,
            "eps_4q": 1.99,
            "eps_4q_growth_year": null,
            "roe": 1.89,
            "roe_4q": 15.47,
            "gross_profit": 47094,
            "gross_margin": 31.19,
            "gross_margin_4q_avg": 39.25,
            "net_income": 14115,
            "revenue": 151008,
            "common_shares": 536828,
            "book_valuer_per_share": 14.01,
            "book_valuer_per_share_4q_avg": 14.36,
            "equity": 752098,
            "current_ratio": 231.64,
            "debt_ratio": 32.66,
            "inventory_turnover_ratio": 0.34,
            "account_receivable_turnover_ratio": null,
            "reinvestment_rate": null,
            "research_to_sale_ratio": null,
            "price_fair": 0,
            "eps_avg_yearly": 0,
            "eps_latest_yearly": 0,
            "eps_growth_yearly": 0
        },
        "20021": {
            "year_quarter": 20021,
            "year": 2002,
            "quarter": 1,
            "eps": 0.37,
            "eps_growth_year": -55.42,
            "eps_4q": 1.67,
            "eps_4q_growth_year": null,
            "roe": 2.59,
            "roe_4q": 12.299999999999999,
            "gross_profit": 46434,
            "gross_margin": 27.81,
            "gross_margin_4q_avg": 35.24,
            "net_income": 19769,
            "revenue": 166963,
            "common_shares": 536828,
            "book_valuer_per_share": 14.38,
            "book_valuer_per_share_4q_avg": 14.24,
            "equity": 771867,
            "current_ratio": 243.09,
            "debt_ratio": 31.37,
            "inventory_turnover_ratio": 0.41,
            "account_receivable_turnover_ratio": null,
            "reinvestment_rate": null,
            "research_to_sale_ratio": null,
            "price_fair": 51.8,
            "eps_avg_yearly": 1.48,
            "eps_latest_yearly": 1.48,
            "eps_growth_yearly": 169.23
        },
        "20022": {
            "year_quarter": 20022,
            "year": 2002,
            "quarter": 2,
            "eps": 0.74,
            "eps_growth_year": null,
            "eps_4q": 2.42,
            "eps_4q_growth_year": null,
            "roe": 4.88,
            "roe_4q": 17.189999999999998,
            "gross_profit": 89658,
            "gross_margin": 34.46,
            "gross_margin_4q_avg": 34.82,
            "net_income": 39492,
            "revenue": 260190,
            "common_shares": 536828,
            "book_valuer_per_share": 15.75,
            "book_valuer_per_share_4q_avg": 14.47,
            "equity": 845438,
            "current_ratio": 204.79,
            "debt_ratio": 36.9,
            "inventory_turnover_ratio": 0.52,
            "account_receivable_turnover_ratio": null,
            "reinvestment_rate": null,
            "research_to_sale_ratio": null,
            "price_fair": 77.7,
            "eps_avg_yearly": 2.22,
            "eps_latest_yearly": 2.96,
            "eps_growth_yearly": 284.62
        },
        "20023": {
            "year_quarter": 20023,
            "year": 2002,
            "quarter": 3,
            "eps": 0.83,
            "eps_growth_year": -20.19,
            "eps_4q": 1.93,
            "eps_4q_growth_year": null,
            "roe": 5.33,
            "roe_4q": 14.690000000000001,
            "gross_profit": 116006,
            "gross_margin": 35.78,
            "gross_margin_4q_avg": 32.31,
            "net_income": 55425,
            "revenue": 324188,
            "common_shares": 742617,
            "book_valuer_per_share": 16.64,
            "book_valuer_per_share_4q_avg": 15.2,
            "equity": 1235913,
            "current_ratio": 251.23,
            "debt_ratio": 30.92,
            "inventory_turnover_ratio": 0.55,
            "account_receivable_turnover_ratio": null,
            "reinvestment_rate": null,
            "research_to_sale_ratio": null,
            "price_fair": 90.53,
            "eps_avg_yearly": 2.59,
            "eps_latest_yearly": 3.32,
            "eps_growth_yearly": 205.96
        },
        "20024": {
            "year_quarter": 20024,
            "year": 2002,
            "quarter": 4,
            "eps": 1.7,
            "eps_growth_year": 553.85,
            "eps_4q": 3.39,
            "eps_4q_growth_year": 70.86,
            "roe": 8.89,
            "roe_4q": 21.69,
            "gross_profit": 164365,
            "gross_margin": 35.37,
            "gross_margin_4q_avg": 33.36,
            "net_income": 115045,
            "revenue": 464717,
            "common_shares": 742617,
            "book_valuer_per_share": 18.19,
            "book_valuer_per_share_4q_avg": 16.24,
            "equity": 1351002,
            "current_ratio": 244.5,
            "debt_ratio": 30.27,
            "inventory_turnover_ratio": 0.67,
            "account_receivable_turnover_ratio": null,
            "reinvestment_rate": null,
            "research_to_sale_ratio": null,
            "price_fair": 127.4,
            "eps_avg_yearly": 3.64,
            "eps_latest_yearly": 6.8,
            "eps_growth_yearly": 259.29
        },
        "20031": {
            "year_quarter": 20031,
            "year": 2003,
            "quarter": 1,
            "eps": 1.37,
            "eps_growth_year": 270.27,
            "eps_4q": 4.21,
            "eps_4q_growth_year": 151.26,
            "roe": 7.24,
            "roe_4q": 26.34,
            "gross_profit": 173925,
            "gross_margin": 36.74,
            "gross_margin_4q_avg": 35.59,
            "net_income": 101454,
            "revenue": 473351,
            "common_shares": 742617,
            "book_valuer_per_share": 19.56,
            "book_valuer_per_share_4q_avg": 17.54,
            "equity": 1452454,
            "current_ratio": 282.5,
            "debt_ratio": 26.14,
            "inventory_turnover_ratio": 0.58,
            "account_receivable_turnover_ratio": null,
            "reinvestment_rate": null,
            "research_to_sale_ratio": null,
            "price_fair": 140.28,
            "eps_avg_yearly": 4.01,
            "eps_latest_yearly": 5.48,
            "eps_growth_yearly": 191.9
        },
        "20032": {
            "year_quarter": 20032,
            "year": 2003,
            "quarter": 2,
            "eps": 0.6,
            "eps_growth_year": -18.92,
            "eps_4q": 3.48,
            "eps_4q_growth_year": 43.83,
            "roe": 3.85,
            "roe_4q": 25.310000000000002,
            "gross_profit": 128647,
            "gross_margin": 30.16,
            "gross_margin_4q_avg": 34.51,
            "net_income": 56721,
            "revenue": 426613,
            "common_shares": 742617,
            "book_valuer_per_share": 20.09,
            "book_valuer_per_share_4q_avg": 18.62,
            "equity": 1492234,
            "current_ratio": 307.04,
            "debt_ratio": 23.88,
            "inventory_turnover_ratio": 0.55,
            "account_receivable_turnover_ratio": null,
            "reinvestment_rate": null,
            "research_to_sale_ratio": null,
            "price_fair": 130.9,
            "eps_avg_yearly": 3.74,
            "eps_latest_yearly": 2.4,
            "eps_growth_yearly": 122.45
        },
        "20033": {
            "year_quarter": 20033,
            "year": 2003,
            "quarter": 3,
            "eps": 0.95,
            "eps_growth_year": 14.46,
            "eps_4q": 3.84,
            "eps_4q_growth_year": 98.91,
            "roe": 5.85,
            "roe_4q": 25.83,
            "gross_profit": 210636,
            "gross_margin": 36.65,
            "gross_margin_4q_avg": 34.73,
            "net_income": 89918,
            "revenue": 574795,
            "common_shares": 946424,
            "book_valuer_per_share": 16.72,
            "book_valuer_per_share_4q_avg": 18.64,
            "equity": 1581984,
            "current_ratio": 360.4,
            "debt_ratio": 34.85,
            "inventory_turnover_ratio": 0.69,
            "account_receivable_turnover_ratio": null,
            "reinvestment_rate": null,
            "research_to_sale_ratio": null,
            "price_fair": 131.2,
            "eps_avg_yearly": 3.75,
            "eps_latest_yearly": 3.8,
            "eps_growth_yearly": 138.29
        },
        "20034": {
            "year_quarter": 20034,
            "year": 2003,
            "quarter": 4,
            "eps": 1.64,
            "eps_growth_year": -3.53,
            "eps_4q": 4.26,
            "eps_4q_growth_year": 25.35,
            "roe": 8.91,
            "roe_4q": 25.85,
            "gross_profit": 258599,
            "gross_margin": 42.51,
            "gross_margin_4q_avg": 36.52,
            "net_income": 155574,
            "revenue": 608265,
            "common_shares": 946424,
            "book_valuer_per_share": 20.19,
            "book_valuer_per_share_4q_avg": 19.14,
            "equity": 1911236,
            "current_ratio": 373.28,
            "debt_ratio": 26.8,
            "inventory_turnover_ratio": 0.68,
            "account_receivable_turnover_ratio": null,
            "reinvestment_rate": null,
            "research_to_sale_ratio": null,
            "price_fair": 143.5,
            "eps_avg_yearly": 4.1,
            "eps_latest_yearly": 6.56,
            "eps_growth_yearly": 157.32
        },
        "20041": {
            "year_quarter": 20041,
            "year": 2004,
            "quarter": 1,
            "eps": 1.08,
            "eps_growth_year": -21.17,
            "eps_4q": 4.11,
            "eps_4q_growth_year": -2.16,
            "roe": 5.44,
            "roe_4q": 24.050000000000004,
            "gross_profit": 181327,
            "gross_margin": 34.89,
            "gross_margin_4q_avg": 36.05,
            "net_income": 107559,
            "revenue": 519642,
            "common_shares": 991629,
            "book_valuer_per_share": 20.63,
            "book_valuer_per_share_4q_avg": 19.41,
            "equity": 2045304,
            "current_ratio": 502.79,
            "debt_ratio": 20.84,
            "inventory_turnover_ratio": 0.7,
            "account_receivable_turnover_ratio": null,
            "reinvestment_rate": null,
            "research_to_sale_ratio": null,
            "price_fair": 144.36,
            "eps_avg_yearly": 4.12,
            "eps_latest_yearly": 4.32,
            "eps_growth_yearly": 124.66
        },
        "20042": {
            "year_quarter": 20042,
            "year": 2004,
            "quarter": 2,
            "eps": 1.01,
            "eps_growth_year": 68.33,
            "eps_4q": 4.54,
            "eps_4q_growth_year": 30.51,
            "roe": 5,
            "roe_4q": 25.200000000000003,
            "gross_profit": 136662,
            "gross_margin": 25.24,
            "gross_margin_4q_avg": 34.82,
            "net_income": 101099,
            "revenue": 541485,
            "common_shares": 999644,
            "book_valuer_per_share": 20,
            "book_valuer_per_share_4q_avg": 19.39,
            "equity": 1999009,
            "current_ratio": 329.99,
            "debt_ratio": 27.15,
            "inventory_turnover_ratio": 0.89,
            "account_receivable_turnover_ratio": null,
            "reinvestment_rate": null,
            "research_to_sale_ratio": null,
            "price_fair": 144.06,
            "eps_avg_yearly": 4.12,
            "eps_latest_yearly": 4.04,
            "eps_growth_yearly": 109.6
        },
        "20043": {
            "year_quarter": 20043,
            "year": 2004,
            "quarter": 3,
            "eps": 0.21,
            "eps_growth_year": -77.89,
            "eps_4q": 3.12,
            "eps_4q_growth_year": -18.68,
            "roe": 1.31,
            "roe_4q": 20.66,
            "gross_profit": 32176,
            "gross_margin": 8.19,
            "gross_margin_4q_avg": 27.71,
            "net_income": 26285,
            "revenue": 393001,
            "common_shares": 1228253,
            "book_valuer_per_share": 16.5,
            "book_valuer_per_share_4q_avg": 19.33,
            "equity": 2026391,
            "current_ratio": 388.79,
            "debt_ratio": 23.7,
            "inventory_turnover_ratio": 0.83,
            "account_receivable_turnover_ratio": null,
            "reinvestment_rate": null,
            "research_to_sale_ratio": null,
            "price_fair": 133.64,
            "eps_avg_yearly": 3.82,
            "eps_latest_yearly": 0.84,
            "eps_growth_yearly": 70.84
        },
        "20044": {
            "year_quarter": 20044,
            "year": 2004,
            "quarter": 4,
            "eps": 0.13,
            "eps_growth_year": -92.07,
            "eps_4q": 2.03,
            "eps_4q_growth_year": -52.33,
            "roe": 0.79,
            "roe_4q": 12.54,
            "gross_profit": 71198,
            "gross_margin": 17.21,
            "gross_margin_4q_avg": 21.38,
            "net_income": 16088,
            "revenue": 413735,
            "common_shares": 1228253,
            "book_valuer_per_share": 16.63,
            "book_valuer_per_share_4q_avg": 18.44,
            "equity": 2042458,
            "current_ratio": 314.96,
            "debt_ratio": 24.19,
            "inventory_turnover_ratio": 0.81,
            "account_receivable_turnover_ratio": null,
            "reinvestment_rate": 38.34,
            "research_to_sale_ratio": null,
            "price_fair": 124.02,
            "eps_avg_yearly": 3.54,
            "eps_latest_yearly": 0.52,
            "eps_growth_yearly": 52.24
        },
        "20051": {
            "year_quarter": 20051,
            "year": 2005,
            "quarter": 1,
            "eps": 0.05,
            "eps_growth_year": -95.37,
            "eps_4q": 1.29,
            "eps_4q_growth_year": -68.68,
            "roe": 0.28,
            "roe_4q": 7.38,
            "gross_profit": 97247,
            "gross_margin": 23.29,
            "gross_margin_4q_avg": 18.48,
            "net_income": 5791,
            "revenue": 417627,
            "common_shares": 1228253,
            "book_valuer_per_share": 16.68,
            "book_valuer_per_share_4q_avg": 17.45,
            "equity": 2048976,
            "current_ratio": 309.7,
            "debt_ratio": 24.2,
            "inventory_turnover_ratio": 0.71,
            "account_receivable_turnover_ratio": null,
            "reinvestment_rate": 34.3,
            "research_to_sale_ratio": null,
            "price_fair": 115.02,
            "eps_avg_yearly": 3.29,
            "eps_latest_yearly": 0.2,
            "eps_growth_yearly": 29.28
        },
        "20052": {
            "year_quarter": 20052,
            "year": 2005,
            "quarter": 2,
            "eps": 0.05,
            "eps_growth_year": -95.05,
            "eps_4q": 0.46,
            "eps_4q_growth_year": -89.92,
            "roe": 0.3,
            "roe_4q": 2.68,
            "gross_profit": 114071,
            "gross_margin": 23.77,
            "gross_margin_4q_avg": 18.12,
            "net_income": 5915,
            "revenue": 479816,
            "common_shares": 1230362,
            "book_valuer_per_share": 15.69,
            "book_valuer_per_share_4q_avg": 16.38,
            "equity": 1930345,
            "current_ratio": 200.56,
            "debt_ratio": 30.87,
            "inventory_turnover_ratio": 0.72,
            "account_receivable_turnover_ratio": null,
            "reinvestment_rate": 30.79,
            "research_to_sale_ratio": null,
            "price_fair": 107.3,
            "eps_avg_yearly": 3.07,
            "eps_latest_yearly": 0.2,
            "eps_growth_yearly": 27.19
        },
        "20053": {
            "year_quarter": 20053,
            "year": 2005,
            "quarter": 3,
            "eps": 0.6,
            "eps_growth_year": 185.71,
            "eps_4q": 0.81,
            "eps_4q_growth_year": -73.96,
            "roe": 3.98,
            "roe_4q": 5.3500000000000005,
            "gross_profit": 154451,
            "gross_margin": 27.3,
            "gross_margin_4q_avg": 22.89,
            "net_income": 78512,
            "revenue": 565720,
            "common_shares": 1311945,
            "book_valuer_per_share": 15.33,
            "book_valuer_per_share_4q_avg": 16.08,
            "equity": 2011397,
            "current_ratio": 211.22,
            "debt_ratio": 30.66,
            "inventory_turnover_ratio": 0.73,
            "account_receivable_turnover_ratio": null,
            "reinvestment_rate": 27.59,
            "research_to_sale_ratio": null,
            "price_fair": 105.75,
            "eps_avg_yearly": 3.02,
            "eps_latest_yearly": 2.4,
            "eps_growth_yearly": 318.71
        },
        "20054": {
            "year_quarter": 20054,
            "year": 2005,
            "quarter": 4,
            "eps": 0.46,
            "eps_growth_year": 253.85,
            "eps_4q": 1.14,
            "eps_4q_growth_year": -43.59,
            "roe": 2.95,
            "roe_4q": 7.51,
            "gross_profit": 200009,
            "gross_margin": 29.11,
            "gross_margin_4q_avg": 25.87,
            "net_income": 60642,
            "revenue": 686974,
            "common_shares": 1311945,
            "book_valuer_per_share": 16.05,
            "book_valuer_per_share_4q_avg": 15.94,
            "equity": 2105993,
            "current_ratio": 220.76,
            "debt_ratio": 30.87,
            "inventory_turnover_ratio": 0.78,
            "account_receivable_turnover_ratio": null,
            "reinvestment_rate": 27.86,
            "research_to_sale_ratio": null,
            "price_fair": 103.16,
            "eps_avg_yearly": 2.95,
            "eps_latest_yearly": 1.84,
            "eps_growth_yearly": 292.96
        },
        "20061": {
            "year_quarter": 20061,
            "year": 2006,
            "quarter": 1,
            "eps": 0.52,
            "eps_growth_year": 940,
            "eps_4q": 1.6,
            "eps_4q_growth_year": 24.14,
            "roe": 3.2,
            "roe_4q": 10.430000000000001,
            "gross_profit": 175210,
            "gross_margin": 27.84,
            "gross_margin_4q_avg": 27.01,
            "net_income": 69861,
            "revenue": 629270,
            "common_shares": 1327081,
            "book_valuer_per_share": 17.03,
            "book_valuer_per_share_4q_avg": 16.03,
            "equity": 2259568,
            "current_ratio": 288.82,
            "debt_ratio": 21.86,
            "inventory_turnover_ratio": 0.66,
            "account_receivable_turnover_ratio": null,
            "reinvestment_rate": 25.93,
            "research_to_sale_ratio": null,
            "price_fair": 104.48,
            "eps_avg_yearly": 2.99,
            "eps_latest_yearly": 2.08,
            "eps_growth_yearly": 285.64
        },
        "20062": {
            "year_quarter": 20062,
            "year": 2006,
            "quarter": 2,
            "eps": 0.37,
            "eps_growth_year": 640,
            "eps_4q": 1.9,
            "eps_4q_growth_year": 315.71,
            "roe": 2.23,
            "roe_4q": 12.36,
            "gross_profit": 113764,
            "gross_margin": 20.01,
            "gross_margin_4q_avg": 26.07,
            "net_income": 50534,
            "revenue": 568668,
            "common_shares": 1363445,
            "book_valuer_per_share": 16.72,
            "book_valuer_per_share_4q_avg": 16.28,
            "equity": 2280037,
            "current_ratio": 284.42,
            "debt_ratio": 22.44,
            "inventory_turnover_ratio": 0.63,
            "account_receivable_turnover_ratio": null,
            "reinvestment_rate": 22.83,
            "research_to_sale_ratio": null,
            "price_fair": 101.24,
            "eps_avg_yearly": 2.89,
            "eps_latest_yearly": 1.48,
            "eps_growth_yearly": 253.43
        },
        "20063": {
            "year_quarter": 20063,
            "year": 2006,
            "quarter": 3,
            "eps": 0.52,
            "eps_growth_year": -13.33,
            "eps_4q": 1.72,
            "eps_4q_growth_year": 111.92,
            "roe": 3.38,
            "roe_4q": 11.759999999999998,
            "gross_profit": 136182,
            "gross_margin": 20.22,
            "gross_margin_4q_avg": 24.3,
            "net_income": 78340,
            "revenue": 673663,
            "common_shares": 1503063,
            "book_valuer_per_share": 15.7,
            "book_valuer_per_share_4q_avg": 16.38,
            "equity": 2360166,
            "current_ratio": 251.95,
            "debt_ratio": 26.21,
            "inventory_turnover_ratio": 0.72,
            "account_receivable_turnover_ratio": null,
            "reinvestment_rate": 11.85,
            "research_to_sale_ratio": null,
            "price_fair": 98.53,
            "eps_avg_yearly": 2.82,
            "eps_latest_yearly": 2.08,
            "eps_growth_yearly": 260.53
        },
        "20064": {
            "year_quarter": 20064,
            "year": 2006,
            "quarter": 4,
            "eps": 0.33,
            "eps_growth_year": -28.26,
            "eps_4q": 1.66,
            "eps_4q_growth_year": 45.36,
            "roe": 2.06,
            "roe_4q": 10.870000000000001,
            "gross_profit": 104602,
            "gross_margin": 13.28,
            "gross_margin_4q_avg": 20.34,
            "net_income": 49185,
            "revenue": 787936,
            "common_shares": 1503063,
            "book_valuer_per_share": 16.04,
            "book_valuer_per_share_4q_avg": 16.37,
            "equity": 2411567,
            "current_ratio": 242.65,
            "debt_ratio": 27.4,
            "inventory_turnover_ratio": 0.88,
            "account_receivable_turnover_ratio": null,
            "reinvestment_rate": 14.27,
            "research_to_sale_ratio": null,
            "price_fair": 86.54,
            "eps_avg_yearly": 2.47,
            "eps_latest_yearly": 1.32,
            "eps_growth_yearly": 225.19
        },
        "20071": {
            "year_quarter": 20071,
            "year": 2007,
            "quarter": 1,
            "eps": 0.25,
            "eps_growth_year": -51.92,
            "eps_4q": 1.42,
            "eps_4q_growth_year": -11.01,
            "roe": 1.56,
            "roe_4q": 9.23,
            "gross_profit": 126820,
            "gross_margin": 19.99,
            "gross_margin_4q_avg": 18.38,
            "net_income": 37927,
            "revenue": 634546,
            "common_shares": 1503063,
            "book_valuer_per_share": 16.29,
            "book_valuer_per_share_4q_avg": 16.19,
            "equity": 2448497,
            "current_ratio": 249.45,
            "debt_ratio": 25.42,
            "inventory_turnover_ratio": 0.62,
            "account_receivable_turnover_ratio": null,
            "reinvestment_rate": 14.26,
            "research_to_sale_ratio": null,
            "price_fair": 76.74,
            "eps_avg_yearly": 2.19,
            "eps_latest_yearly": 1,
            "eps_growth_yearly": 223.98
        },
        "20072": {
            "year_quarter": 20072,
            "year": 2007,
            "quarter": 2,
            "eps": 0.53,
            "eps_growth_year": 43.24,
            "eps_4q": 1.64,
            "eps_4q_growth_year": -13.9,
            "roe": 3.24,
            "roe_4q": 10.240000000000002,
            "gross_profit": 163364,
            "gross_margin": 21.8,
            "gross_margin_4q_avg": 18.82,
            "net_income": 79268,
            "revenue": 749436,
            "common_shares": 1503063,
            "book_valuer_per_share": 16.29,
            "book_valuer_per_share_4q_avg": 16.08,
            "equity": 2449184,
            "current_ratio": 218.02,
            "debt_ratio": 28.9,
            "inventory_turnover_ratio": 0.68,
            "account_receivable_turnover_ratio": null,
            "reinvestment_rate": 20.61,
            "research_to_sale_ratio": null,
            "price_fair": 76.13,
            "eps_avg_yearly": 2.18,
            "eps_latest_yearly": 2.12,
            "eps_growth_yearly": 266.03
        },
        "20073": {
            "year_quarter": 20073,
            "year": 2007,
            "quarter": 3,
            "eps": 0.53,
            "eps_growth_year": 1.92,
            "eps_4q": 1.54,
            "eps_4q_growth_year": -10.3,
            "roe": 3.49,
            "roe_4q": 10.350000000000001,
            "gross_profit": 198303,
            "gross_margin": 21.36,
            "gross_margin_4q_avg": 19.11,
            "net_income": 86940,
            "revenue": 928500,
            "common_shares": 1643308,
            "book_valuer_per_share": 15.43,
            "book_valuer_per_share_4q_avg": 16.01,
            "equity": 2535756,
            "current_ratio": 215.48,
            "debt_ratio": 30.18,
            "inventory_turnover_ratio": 0.83,
            "account_receivable_turnover_ratio": null,
            "reinvestment_rate": 21.16,
            "research_to_sale_ratio": null,
            "price_fair": 72.45,
            "eps_avg_yearly": 2.07,
            "eps_latest_yearly": 2.12,
            "eps_growth_yearly": 251.45
        },
        "20074": {
            "year_quarter": 20074,
            "year": 2007,
            "quarter": 4,
            "eps": 0.6,
            "eps_growth_year": 81.82,
            "eps_4q": 1.84,
            "eps_4q_growth_year": 10.37,
            "roe": 3.84,
            "roe_4q": 12.13,
            "gross_profit": 176064,
            "gross_margin": 20.85,
            "gross_margin_4q_avg": 21,
            "net_income": 99102,
            "revenue": 844317,
            "common_shares": 1643308,
            "book_valuer_per_share": 16.01,
            "book_valuer_per_share_4q_avg": 16.01,
            "equity": 2630220,
            "current_ratio": 269.37,
            "debt_ratio": 31.18,
            "inventory_turnover_ratio": 0.73,
            "account_receivable_turnover_ratio": null,
            "reinvestment_rate": 34.11,
            "research_to_sale_ratio": null,
            "price_fair": 63.35,
            "eps_avg_yearly": 1.81,
            "eps_latest_yearly": 2.4,
            "eps_growth_yearly": 236.59
        },
        "20081": {
            "year_quarter": 20081,
            "year": 2008,
            "quarter": 1,
            "eps": 0.57,
            "eps_growth_year": 128,
            "eps_4q": 2.18,
            "eps_4q_growth_year": 52.87,
            "roe": 3.52,
            "roe_4q": 14.09,
            "gross_profit": 234837,
            "gross_margin": 30.27,
            "gross_margin_4q_avg": 23.57,
            "net_income": 94141,
            "revenue": 775909,
            "common_shares": 1643308,
            "book_valuer_per_share": 16.58,
            "book_valuer_per_share_4q_avg": 16.08,
            "equity": 2724532,
            "current_ratio": 294.6,
            "debt_ratio": 28.88,
            "inventory_turnover_ratio": 0.52,
            "account_receivable_turnover_ratio": null,
            "reinvestment_rate": 35.92,
            "research_to_sale_ratio": null,
            "price_fair": 58.89,
            "eps_avg_yearly": 1.68,
            "eps_latest_yearly": 2.28,
            "eps_growth_yearly": 243.88
        },
        "20082": {
            "year_quarter": 20082,
            "year": 2008,
            "quarter": 2,
            "eps": 0.49,
            "eps_growth_year": -7.55,
            "eps_4q": 2.2,
            "eps_4q_growth_year": 34.66,
            "roe": 2.99,
            "roe_4q": 13.84,
            "gross_profit": 142577,
            "gross_margin": 20.05,
            "gross_margin_4q_avg": 23.13,
            "net_income": 80132,
            "revenue": 710933,
            "common_shares": 1643308,
            "book_valuer_per_share": 16.05,
            "book_valuer_per_share_4q_avg": 16.02,
            "equity": 2638209,
            "current_ratio": 279.75,
            "debt_ratio": 29.29,
            "inventory_turnover_ratio": 0.52,
            "account_receivable_turnover_ratio": null,
            "reinvestment_rate": 19.41,
            "research_to_sale_ratio": null,
            "price_fair": 54.34,
            "eps_avg_yearly": 1.55,
            "eps_latest_yearly": 1.96,
            "eps_growth_yearly": 241.99
        },
        "20083": {
            "year_quarter": 20083,
            "year": 2008,
            "quarter": 3,
            "eps": 0.64,
            "eps_growth_year": 20.75,
            "eps_4q": 2.2,
            "eps_4q_growth_year": 42.44,
            "roe": 4.16,
            "roe_4q": 14.51,
            "gross_profit": 156298,
            "gross_margin": 18.71,
            "gross_margin_4q_avg": 22.47,
            "net_income": 112179,
            "revenue": 835313,
            "common_shares": 1755473,
            "book_valuer_per_share": 15.7,
            "book_valuer_per_share_4q_avg": 16.09,
            "equity": 2756522,
            "current_ratio": 369.6,
            "debt_ratio": 24.07,
            "inventory_turnover_ratio": 0.67,
            "account_receivable_turnover_ratio": null,
            "reinvestment_rate": 12.9,
            "research_to_sale_ratio": null,
            "price_fair": 58.1,
            "eps_avg_yearly": 1.66,
            "eps_latest_yearly": 2.56,
            "eps_growth_yearly": 269.44
        },
        "20084": {
            "year_quarter": 20084,
            "year": 2008,
            "quarter": 4,
            "eps": -0.15,
            "eps_growth_year": -125,
            "eps_4q": 1.49,
            "eps_4q_growth_year": -18.84,
            "roe": -0.93,
            "roe_4q": 9.74,
            "gross_profit": 68603,
            "gross_margin": 11.83,
            "gross_margin_4q_avg": 20.22,
            "net_income": -25458,
            "revenue": 579835,
            "common_shares": 1755474,
            "book_valuer_per_share": 15.57,
            "book_valuer_per_share_4q_avg": 15.98,
            "equity": 2734119,
            "current_ratio": 281.48,
            "debt_ratio": 24.06,
            "inventory_turnover_ratio": 0.53,
            "account_receivable_turnover_ratio": 1.75,
            "reinvestment_rate": 5.52,
            "research_to_sale_ratio": null,
            "price_fair": 60.76,
            "eps_avg_yearly": 1.74,
            "eps_latest_yearly": 2.56,
            "eps_growth_yearly": 297.57
        },
        "20091": {
            "year_quarter": 20091,
            "year": 2009,
            "quarter": 1,
            "eps": -0.03,
            "eps_growth_year": -105.26,
            "eps_4q": 0.93,
            "eps_4q_growth_year": -57.49,
            "roe": -0.17,
            "roe_4q": 6.050000000000001,
            "gross_profit": 34003,
            "gross_margin": 7.15,
            "gross_margin_4q_avg": 14.44,
            "net_income": -4573,
            "revenue": 475483,
            "common_shares": 1755474,
            "book_valuer_per_share": 15.47,
            "book_valuer_per_share_4q_avg": 15.7,
            "equity": 2726426,
            "current_ratio": 374.76,
            "debt_ratio": 17.79,
            "inventory_turnover_ratio": 0.49,
            "account_receivable_turnover_ratio": 0.81,
            "reinvestment_rate": 2.88,
            "research_to_sale_ratio": null,
            "price_fair": 64.6,
            "eps_avg_yearly": 1.85,
            "eps_latest_yearly": 2.56,
            "eps_growth_yearly": 336.4
        },
        "20092": {
            "year_quarter": 20092,
            "year": 2009,
            "quarter": 2,
            "eps": 0.08,
            "eps_growth_year": -83.67,
            "eps_4q": 0.53,
            "eps_4q_growth_year": -75.78,
            "roe": 0.54,
            "roe_4q": 3.6,
            "gross_profit": 128120,
            "gross_margin": 19.51,
            "gross_margin_4q_avg": 14.3,
            "net_income": 14537,
            "revenue": 656535,
            "common_shares": 1755474,
            "book_valuer_per_share": 15.07,
            "book_valuer_per_share_4q_avg": 15.45,
            "equity": 2655735,
            "current_ratio": 274.68,
            "debt_ratio": 25.26,
            "inventory_turnover_ratio": 0.65,
            "account_receivable_turnover_ratio": 1.07,
            "reinvestment_rate": 0.95,
            "research_to_sale_ratio": null,
            "price_fair": 69.03,
            "eps_avg_yearly": 1.97,
            "eps_latest_yearly": 2.56,
            "eps_growth_yearly": 362.28
        },
        "20093": {
            "year_quarter": 20093,
            "year": 2009,
            "quarter": 3,
            "eps": 0.56,
            "eps_growth_year": -12.5,
            "eps_4q": 0.48,
            "eps_4q_growth_year": -78.32,
            "roe": 3.79,
            "roe_4q": 3.23,
            "gross_profit": 219657,
            "gross_margin": 27.24,
            "gross_margin_4q_avg": 16.43,
            "net_income": 102611,
            "revenue": 806253,
            "common_shares": 1835439,
            "book_valuer_per_share": 14.97,
            "book_valuer_per_share_4q_avg": 15.27,
            "equity": 2758328,
            "current_ratio": 276.43,
            "debt_ratio": 24.87,
            "inventory_turnover_ratio": 0.73,
            "account_receivable_turnover_ratio": 1.06,
            "reinvestment_rate": 6.48,
            "research_to_sale_ratio": null,
            "price_fair": 68.6,
            "eps_avg_yearly": 1.96,
            "eps_latest_yearly": 2.24,
            "eps_growth_yearly": 208.43
        },
        "20094": {
            "year_quarter": 20094,
            "year": 2009,
            "quarter": 4,
            "eps": 0.19,
            "eps_growth_year": null,
            "eps_4q": 0.81,
            "eps_4q_growth_year": -45.68,
            "roe": 1.27,
            "roe_4q": 5.430000000000001,
            "gross_profit": 193577,
            "gross_margin": 25.27,
            "gross_margin_4q_avg": 19.79,
            "net_income": 35275,
            "revenue": 766073,
            "common_shares": 1835439,
            "book_valuer_per_share": 15.25,
            "book_valuer_per_share_4q_avg": 15.19,
            "equity": 2793514,
            "current_ratio": 249.71,
            "debt_ratio": 27.59,
            "inventory_turnover_ratio": 0.7,
            "account_receivable_turnover_ratio": 1.89,
            "reinvestment_rate": 30.68,
            "research_to_sale_ratio": null,
            "price_fair": 65.69,
            "eps_avg_yearly": 1.88,
            "eps_latest_yearly": 0.76,
            "eps_growth_yearly": 195.28
        },
        "20101": {
            "year_quarter": 20101,
            "year": 2010,
            "quarter": 1,
            "eps": 0.52,
            "eps_growth_year": null,
            "eps_4q": 1.34,
            "eps_4q_growth_year": 44.95,
            "roe": 3.3,
            "roe_4q": 8.899999999999999,
            "gross_profit": 228872,
            "gross_margin": 28.11,
            "gross_margin_4q_avg": 25.03,
            "net_income": 94444,
            "revenue": 814178,
            "common_shares": 1849013,
            "book_valuer_per_share": 15.88,
            "book_valuer_per_share_4q_avg": 15.29,
            "equity": 2931089,
            "current_ratio": 267.49,
            "debt_ratio": 26.2,
            "inventory_turnover_ratio": 0.68,
            "account_receivable_turnover_ratio": 0.97,
            "reinvestment_rate": 30.92,
            "research_to_sale_ratio": 2.3,
            "price_fair": 65.69,
            "eps_avg_yearly": 1.88,
            "eps_latest_yearly": 2.08,
            "eps_growth_yearly": 244.71
        },
        "20102": {
            "year_quarter": 20102,
            "year": 2010,
            "quarter": 2,
            "eps": 0.63,
            "eps_growth_year": 685.48,
            "eps_4q": 1.84,
            "eps_4q_growth_year": 245.45,
            "roe": 4.05,
            "roe_4q": 12.41,
            "gross_profit": 205197,
            "gross_margin": 21.35,
            "gross_margin_4q_avg": 25.49,
            "net_income": 120417,
            "revenue": 960890,
            "common_shares": 1849013,
            "book_valuer_per_share": 16.33,
            "book_valuer_per_share_4q_avg": 15.61,
            "equity": 3015167,
            "current_ratio": 288.07,
            "debt_ratio": 44.79,
            "inventory_turnover_ratio": 0.82,
            "account_receivable_turnover_ratio": 1.02,
            "reinvestment_rate": 45.2,
            "research_to_sale_ratio": 2.71,
            "price_fair": 68.49,
            "eps_avg_yearly": 1.96,
            "eps_latest_yearly": 2.52,
            "eps_growth_yearly": 260.1
        },
        "20103": {
            "year_quarter": 20103,
            "year": 2010,
            "quarter": 3,
            "eps": 0.32,
            "eps_growth_year": -41.97,
            "eps_4q": 1.59,
            "eps_4q_growth_year": 232.65,
            "roe": 2.04,
            "roe_4q": 10.66,
            "gross_profit": 200487,
            "gross_margin": 17.98,
            "gross_margin_4q_avg": 23.18,
            "net_income": 64573,
            "revenue": 1114763,
            "common_shares": 1918435,
            "book_valuer_per_share": 17.25,
            "book_valuer_per_share_4q_avg": 16.18,
            "equity": 3303391,
            "current_ratio": 319.25,
            "debt_ratio": 39.55,
            "inventory_turnover_ratio": 0.91,
            "account_receivable_turnover_ratio": 1.01,
            "reinvestment_rate": 66.13,
            "research_to_sale_ratio": 2.4,
            "price_fair": 66.34,
            "eps_avg_yearly": 1.9,
            "eps_latest_yearly": 1.28,
            "eps_growth_yearly": 232.48
        },
        "20104": {
            "year_quarter": 20104,
            "year": 2010,
            "quarter": 4,
            "eps": -0.3,
            "eps_growth_year": -256.23,
            "eps_4q": 1.11,
            "eps_4q_growth_year": 37.15,
            "roe": -1.48,
            "roe_4q": 7.909999999999999,
            "gross_profit": 94739,
            "gross_margin": 11.02,
            "gross_margin_4q_avg": 19.62,
            "net_income": -58385,
            "revenue": 859466,
            "common_shares": 1986421,
            "book_valuer_per_share": 23.2,
            "book_valuer_per_share_4q_avg": 18.17,
            "equity": 4604495,
            "current_ratio": 360.4,
            "debt_ratio": 29.3,
            "inventory_turnover_ratio": 0.74,
            "account_receivable_turnover_ratio": 0.8,
            "reinvestment_rate": 226.25,
            "research_to_sale_ratio": 3.33,
            "price_fair": 68.02,
            "eps_avg_yearly": 1.94,
            "eps_latest_yearly": 1.28,
            "eps_growth_yearly": 264.03
        },
        "20111": {
            "year_quarter": 20111,
            "year": 2011,
            "quarter": 1,
            "eps": 0.18,
            "eps_growth_year": -65.38,
            "eps_4q": 0.81,
            "eps_4q_growth_year": -39.57,
            "roe": 0.76,
            "roe_4q": 5.37,
            "gross_profit": 157267,
            "gross_margin": 14.72,
            "gross_margin_4q_avg": 16.27,
            "net_income": 35230,
            "revenue": 1068275,
            "common_shares": 1991493,
            "book_valuer_per_share": 23.22,
            "book_valuer_per_share_4q_avg": 20,
            "equity": 4614654,
            "current_ratio": 321.23,
            "debt_ratio": 30.87,
            "inventory_turnover_ratio": 0.88,
            "account_receivable_turnover_ratio": 1,
            "reinvestment_rate": 231.9,
            "research_to_sale_ratio": 2.74,
            "price_fair": 71.02,
            "eps_avg_yearly": 2.03,
            "eps_latest_yearly": 1.28,
            "eps_growth_yearly": 296.85
        },
        "20112": {
            "year_quarter": 20112,
            "year": 2011,
            "quarter": 2,
            "eps": 0.09,
            "eps_growth_year": -86.16,
            "eps_4q": 0.29,
            "eps_4q_growth_year": -84.34,
            "roe": 0.36,
            "roe_4q": 1.6800000000000002,
            "gross_profit": 138619,
            "gross_margin": 14.43,
            "gross_margin_4q_avg": 14.54,
            "net_income": 15745,
            "revenue": 960755,
            "common_shares": 1991493,
            "book_valuer_per_share": 20.34,
            "book_valuer_per_share_4q_avg": 21,
            "equity": 4031474,
            "current_ratio": 163.31,
            "debt_ratio": 35.17,
            "inventory_turnover_ratio": 0.76,
            "account_receivable_turnover_ratio": 0.82,
            "reinvestment_rate": 196.62,
            "research_to_sale_ratio": 2.95,
            "price_fair": 65.42,
            "eps_avg_yearly": 1.87,
            "eps_latest_yearly": 0.36,
            "eps_growth_yearly": 237.94
        },
        "20113": {
            "year_quarter": 20113,
            "year": 2011,
            "quarter": 3,
            "eps": 0.17,
            "eps_growth_year": -47.95,
            "eps_4q": 0.14,
            "eps_4q_growth_year": -91.23,
            "roe": 0.8,
            "roe_4q": 0.44000000000000017,
            "gross_profit": 40384,
            "gross_margin": 4.33,
            "gross_margin_4q_avg": 11.13,
            "net_income": 30694,
            "revenue": 932639,
            "common_shares": 2031302,
            "book_valuer_per_share": 18.27,
            "book_valuer_per_share_4q_avg": 21.26,
            "equity": 3672146,
            "current_ratio": 155.89,
            "debt_ratio": 38.16,
            "inventory_turnover_ratio": 0.82,
            "account_receivable_turnover_ratio": 0.78,
            "reinvestment_rate": 180.23,
            "research_to_sale_ratio": 3.04,
            "price_fair": 60.84,
            "eps_avg_yearly": 1.74,
            "eps_latest_yearly": 0.68,
            "eps_growth_yearly": 270.27
        },
        "20114": {
            "year_quarter": 20114,
            "year": 2011,
            "quarter": 4,
            "eps": -0.16,
            "eps_growth_year": null,
            "eps_4q": 0.27,
            "eps_4q_growth_year": -75.75,
            "roe": -1.08,
            "roe_4q": 0.84,
            "gross_profit": 6471,
            "gross_margin": 0.83,
            "gross_margin_4q_avg": 8.58,
            "net_income": -38626,
            "revenue": 775561,
            "common_shares": 2031302,
            "book_valuer_per_share": 17.48,
            "book_valuer_per_share_4q_avg": 19.83,
            "equity": 3505352,
            "current_ratio": 169.68,
            "debt_ratio": 33.72,
            "inventory_turnover_ratio": 0.79,
            "account_receivable_turnover_ratio": 0.67,
            "reinvestment_rate": 179.56,
            "research_to_sale_ratio": 3.56,
            "price_fair": 58.52,
            "eps_avg_yearly": 1.67,
            "eps_latest_yearly": 0.68,
            "eps_growth_yearly": 292.01
        },
        "20121": {
            "year_quarter": 20121,
            "year": 2012,
            "quarter": 1,
            "eps": -0.29,
            "eps_growth_year": -261.11,
            "eps_4q": -0.19,
            "eps_4q_growth_year": -123.68,
            "roe": -1.65,
            "roe_4q": -1.5699999999999998,
            "gross_profit": 55680,
            "gross_margin": 6.73,
            "gross_margin_4q_avg": 6.58,
            "net_income": -57717,
            "revenue": 827153,
            "common_shares": 2031302,
            "book_valuer_per_share": 17.33,
            "book_valuer_per_share_4q_avg": 18.36,
            "equity": 3478516,
            "current_ratio": 170.52,
            "debt_ratio": 34.74,
            "inventory_turnover_ratio": 0.94,
            "account_receivable_turnover_ratio": 0.75,
            "reinvestment_rate": 219.2,
            "research_to_sale_ratio": 2.94,
            "price_fair": 56.16,
            "eps_avg_yearly": 1.6,
            "eps_latest_yearly": 0.68,
            "eps_growth_yearly": 326.68
        },
        "20122": {
            "year_quarter": 20122,
            "year": 2012,
            "quarter": 2,
            "eps": -0.35,
            "eps_growth_year": -496.84,
            "eps_4q": -0.62,
            "eps_4q_growth_year": -315.23,
            "roe": -1.98,
            "roe_4q": -3.91,
            "gross_profit": 56830,
            "gross_margin": 6.51,
            "gross_margin_4q_avg": 4.6,
            "net_income": -67069,
            "revenue": 873437,
            "common_shares": 2031302,
            "book_valuer_per_share": 16.44,
            "book_valuer_per_share_4q_avg": 17.38,
            "equity": 3302956,
            "current_ratio": 255.38,
            "debt_ratio": 33.59,
            "inventory_turnover_ratio": 1.05,
            "account_receivable_turnover_ratio": 0.73,
            "reinvestment_rate": 279.57,
            "research_to_sale_ratio": 3.26,
            "price_fair": 54.6,
            "eps_avg_yearly": 1.56,
            "eps_latest_yearly": 0.68,
            "eps_growth_yearly": 374.53
        },
        "20123": {
            "year_quarter": 20123,
            "year": 2012,
            "quarter": 3,
            "eps": -0.21,
            "eps_growth_year": -224.31,
            "eps_4q": -1,
            "eps_4q_growth_year": -818.22,
            "roe": -1.24,
            "roe_4q": -5.949999999999999,
            "gross_profit": 54233,
            "gross_margin": 5.09,
            "gross_margin_4q_avg": 4.79,
            "net_income": -40660,
            "revenue": 1066495,
            "common_shares": 2051615,
            "book_valuer_per_share": 15.99,
            "book_valuer_per_share_4q_avg": 16.81,
            "equity": 3246680,
            "current_ratio": 273.5,
            "debt_ratio": 39.15,
            "inventory_turnover_ratio": 1.27,
            "account_receivable_turnover_ratio": 0.81,
            "reinvestment_rate": 461.66,
            "research_to_sale_ratio": 1.82,
            "price_fair": 49.6,
            "eps_avg_yearly": 1.42,
            "eps_latest_yearly": 0.68,
            "eps_growth_yearly": 410.54
        },
        "20124": {
            "year_quarter": 20124,
            "year": 2012,
            "quarter": 4,
            "eps": -1.78,
            "eps_growth_year": null,
            "eps_4q": -2.62,
            "eps_4q_growth_year": -1073.8,
            "roe": -11.9,
            "roe_4q": -16.77,
            "gross_profit": -278072,
            "gross_margin": -27.72,
            "gross_margin_4q_avg": -2.35,
            "net_income": -359993,
            "revenue": 1003158,
            "common_shares": 2051615,
            "book_valuer_per_share": 13.82,
            "book_valuer_per_share_4q_avg": 15.9,
            "equity": 2805046,
            "current_ratio": 264.2,
            "debt_ratio": 40.21,
            "inventory_turnover_ratio": 2.06,
            "account_receivable_turnover_ratio": 0.79,
            "reinvestment_rate": null,
            "research_to_sale_ratio": 2.91,
            "price_fair": 49.6,
            "eps_avg_yearly": 1.42,
            "eps_latest_yearly": 0.68,
            "eps_growth_yearly": 410.54
        },
        "20131": {
            "year_quarter": 20131,
            "year": 2013,
            "quarter": 1,
            "eps": -0.25,
            "eps_growth_year": null,
            "eps_4q": -2.59,
            "eps_4q_growth_year": null,
            "roe": -1.74,
            "roe_4q": -16.86,
            "gross_profit": 24570,
            "gross_margin": 2.81,
            "gross_margin_4q_avg": -3.33,
            "net_income": -48925,
            "revenue": 875510,
            "common_shares": 2051615,
            "book_valuer_per_share": 13.6,
            "book_valuer_per_share_4q_avg": 14.96,
            "equity": 2818638,
            "current_ratio": 249.64,
            "debt_ratio": 40.05,
            "inventory_turnover_ratio": 1.87,
            "account_receivable_turnover_ratio": 0.77,
            "reinvestment_rate": null,
            "research_to_sale_ratio": 3.72,
            "price_fair": 49.6,
            "eps_avg_yearly": 1.42,
            "eps_latest_yearly": 0.68,
            "eps_growth_yearly": 410.54
        },
        "20132": {
            "year_quarter": 20132,
            "year": 2013,
            "quarter": 2,
            "eps": -0.44,
            "eps_growth_year": null,
            "eps_4q": -2.69,
            "eps_4q_growth_year": null,
            "roe": -3.2,
            "roe_4q": -18.08,
            "gross_profit": 59102,
            "gross_margin": 5.23,
            "gross_margin_4q_avg": -3.65,
            "net_income": -88139,
            "revenue": 1130577,
            "common_shares": 2051615,
            "book_valuer_per_share": 13,
            "book_valuer_per_share_4q_avg": 14.1,
            "equity": 2689795,
            "current_ratio": 205.28,
            "debt_ratio": 44.92,
            "inventory_turnover_ratio": 2.08,
            "account_receivable_turnover_ratio": 0.99,
            "reinvestment_rate": null,
            "research_to_sale_ratio": 2.62,
            "price_fair": 49.6,
            "eps_avg_yearly": 1.42,
            "eps_latest_yearly": 0.68,
            "eps_growth_yearly": 410.54
        },
        "20133": {
            "year_quarter": 20133,
            "year": 2013,
            "quarter": 3,
            "eps": 0.25,
            "eps_growth_year": null,
            "eps_4q": -2.23,
            "eps_4q_growth_year": null,
            "roe": 2.07,
            "roe_4q": -14.77,
            "gross_profit": 118977,
            "gross_margin": 9.58,
            "gross_margin_4q_avg": -2.53,
            "net_income": 56341,
            "revenue": 1242021,
            "common_shares": 2051615,
            "book_valuer_per_share": 13.3,
            "book_valuer_per_share_4q_avg": 13.43,
            "equity": 2749219,
            "current_ratio": 216.3,
            "debt_ratio": 42.44,
            "inventory_turnover_ratio": 2.13,
            "account_receivable_turnover_ratio": 0.96,
            "reinvestment_rate": null,
            "research_to_sale_ratio": 2.25,
            "price_fair": 44.8,
            "eps_avg_yearly": 1.28,
            "eps_latest_yearly": 0.68,
            "eps_growth_yearly": 78.97
        },
        "20134": {
            "year_quarter": 20134,
            "year": 2013,
            "quarter": 4,
            "eps": 0.62,
            "eps_growth_year": null,
            "eps_4q": 0.18,
            "eps_4q_growth_year": null,
            "roe": 5.11,
            "roe_4q": 2.2399999999999993,
            "gross_profit": 147577,
            "gross_margin": 10.37,
            "gross_margin_4q_avg": 7,
            "net_income": 141885,
            "revenue": 1423133,
            "common_shares": 2051615,
            "book_valuer_per_share": 13.61,
            "book_valuer_per_share_4q_avg": 13.38,
            "equity": 2807330,
            "current_ratio": 192.86,
            "debt_ratio": 43.9,
            "inventory_turnover_ratio": 2.56,
            "account_receivable_turnover_ratio": 1.06,
            "reinvestment_rate": null,
            "research_to_sale_ratio": 2.33,
            "price_fair": 54.83,
            "eps_avg_yearly": 1.57,
            "eps_latest_yearly": 2.48,
            "eps_growth_yearly": 221.68
        },
        "20141": {
            "year_quarter": 20141,
            "year": 2014,
            "quarter": 1,
            "eps": 0.26,
            "eps_growth_year": null,
            "eps_4q": 0.7,
            "eps_4q_growth_year": null,
            "roe": 1.82,
            "roe_4q": 5.8,
            "gross_profit": 111625,
            "gross_margin": 9.37,
            "gross_margin_4q_avg": 8.64,
            "net_income": 51712,
            "revenue": 1191147,
            "common_shares": 2051615,
            "book_valuer_per_share": 14.03,
            "book_valuer_per_share_4q_avg": 13.49,
            "equity": 2891097,
            "current_ratio": 186.39,
            "debt_ratio": 41.71,
            "inventory_turnover_ratio": 2,
            "account_receivable_turnover_ratio": 0.92,
            "reinvestment_rate": null,
            "research_to_sale_ratio": 1.88,
            "price_fair": 48.77,
            "eps_avg_yearly": 1.39,
            "eps_latest_yearly": 1.04,
            "eps_growth_yearly": 67.18
        },
        "20142": {
            "year_quarter": 20142,
            "year": 2014,
            "quarter": 2,
            "eps": 0.75,
            "eps_growth_year": null,
            "eps_4q": 1.89,
            "eps_4q_growth_year": null,
            "roe": 5.2,
            "roe_4q": 14.200000000000001,
            "gross_profit": 251524,
            "gross_margin": 14.37,
            "gross_margin_4q_avg": 10.92,
            "net_income": 152719,
            "revenue": 1750444,
            "common_shares": 2051615,
            "book_valuer_per_share": 14.48,
            "book_valuer_per_share_4q_avg": 13.86,
            "equity": 2981137,
            "current_ratio": 168.48,
            "debt_ratio": 42.92,
            "inventory_turnover_ratio": 2.51,
            "account_receivable_turnover_ratio": 1.21,
            "reinvestment_rate": null,
            "research_to_sale_ratio": 1.44,
            "price_fair": 51.57,
            "eps_avg_yearly": 1.47,
            "eps_latest_yearly": 3,
            "eps_growth_yearly": 178.72
        },
        "20143": {
            "year_quarter": 20143,
            "year": 2014,
            "quarter": 3,
            "eps": 0.56,
            "eps_growth_year": 124,
            "eps_4q": 2.2,
            "eps_4q_growth_year": null,
            "roe": 3.76,
            "roe_4q": 15.89,
            "gross_profit": 206088,
            "gross_margin": 14.72,
            "gross_margin_4q_avg": 12.21,
            "net_income": 114087,
            "revenue": 1400041,
            "common_shares": 2051615,
            "book_valuer_per_share": 15,
            "book_valuer_per_share_4q_avg": 14.28,
            "equity": 3086499,
            "current_ratio": 218.55,
            "debt_ratio": 42.24,
            "inventory_turnover_ratio": 1.88,
            "account_receivable_turnover_ratio": 0.95,
            "reinvestment_rate": null,
            "research_to_sale_ratio": 2.03,
            "price_fair": 57.17,
            "eps_avg_yearly": 1.63,
            "eps_latest_yearly": 2.24,
            "eps_growth_yearly": 194.64
        },
        "20144": {
            "year_quarter": 20144,
            "year": 2014,
            "quarter": 4,
            "eps": 0.24,
            "eps_growth_year": -60.84,
            "eps_4q": 1.82,
            "eps_4q_growth_year": 912.26,
            "roe": 1.91,
            "roe_4q": 12.690000000000001,
            "gross_profit": 125972,
            "gross_margin": 11.38,
            "gross_margin_4q_avg": 12.46,
            "net_income": 59621,
            "revenue": 1106921,
            "common_shares": 2051615,
            "book_valuer_per_share": 15.2,
            "book_valuer_per_share_4q_avg": 14.68,
            "equity": 3140538,
            "current_ratio": 256.49,
            "debt_ratio": 38.34,
            "inventory_turnover_ratio": 1.52,
            "account_receivable_turnover_ratio": 0.93,
            "reinvestment_rate": null,
            "research_to_sale_ratio": 2.85,
            "price_fair": 53.8,
            "eps_avg_yearly": 1.54,
            "eps_latest_yearly": 0.96,
            "eps_growth_yearly": 134.18
        },
        "20151": {
            "year_quarter": 20151,
            "year": 2015,
            "quarter": 1,
            "eps": -0.22,
            "eps_growth_year": -184.62,
            "eps_4q": 1.34,
            "eps_4q_growth_year": 92.69,
            "roe": -1.49,
            "roe_4q": 9.379999999999999,
            "gross_profit": 66372,
            "gross_margin": 6.4,
            "gross_margin_4q_avg": 11.72,
            "net_income": -45920,
            "revenue": 1037210,
            "common_shares": 2051615,
            "book_valuer_per_share": 15.02,
            "book_valuer_per_share_4q_avg": 14.93,
            "equity": 3012985,
            "current_ratio": 262.11,
            "debt_ratio": 37.88,
            "inventory_turnover_ratio": 1.58,
            "account_receivable_turnover_ratio": 0.97,
            "reinvestment_rate": null,
            "research_to_sale_ratio": 2.65,
            "price_fair": 53.8,
            "eps_avg_yearly": 1.54,
            "eps_latest_yearly": 0.96,
            "eps_growth_yearly": 134.18
        },
        "20152": {
            "year_quarter": 20152,
            "year": 2015,
            "quarter": 2,
            "eps": -0.62,
            "eps_growth_year": -182.67,
            "eps_4q": -0.03,
            "eps_4q_growth_year": -101.75,
            "roe": -4.78,
            "roe_4q": -0.6000000000000005,
            "gross_profit": 11970,
            "gross_margin": 1.1,
            "gross_margin_4q_avg": 8.4,
            "net_income": -133128,
            "revenue": 1089676,
            "common_shares": 2051615,
            "book_valuer_per_share": 12.8,
            "book_valuer_per_share_4q_avg": 14.51,
            "equity": 2554716,
            "current_ratio": 212.47,
            "debt_ratio": 44.2,
            "inventory_turnover_ratio": 1.88,
            "account_receivable_turnover_ratio": 1,
            "reinvestment_rate": null,
            "research_to_sale_ratio": 2,
            "price_fair": 60.67,
            "eps_avg_yearly": 1.73,
            "eps_latest_yearly": 0.96,
            "eps_growth_yearly": 189.87
        },
        "20153": {
            "year_quarter": 20153,
            "year": 2015,
            "quarter": 3,
            "eps": 0.88,
            "eps_growth_year": 57.14,
            "eps_4q": 0.29,
            "eps_4q_growth_year": -86.68,
            "roe": 6.66,
            "roe_4q": 2.3,
            "gross_profit": 157436,
            "gross_margin": 13.18,
            "gross_margin_4q_avg": 8.02,
            "net_income": 175228,
            "revenue": 1194094,
            "common_shares": 2072018,
            "book_valuer_per_share": 13.46,
            "book_valuer_per_share_4q_avg": 14.12,
            "equity": 2704051,
            "current_ratio": 252.04,
            "debt_ratio": 45.8,
            "inventory_turnover_ratio": 1.93,
            "account_receivable_turnover_ratio": 1.03,
            "reinvestment_rate": null,
            "research_to_sale_ratio": 1.59,
            "price_fair": 68.04,
            "eps_avg_yearly": 1.94,
            "eps_latest_yearly": 0.96,
            "eps_growth_yearly": 156.74
        },
        "20154": {
            "year_quarter": 20154,
            "year": 2015,
            "quarter": 4,
            "eps": -0.12,
            "eps_growth_year": -151.42,
            "eps_4q": -0.07,
            "eps_4q_growth_year": -103.95,
            "roe": -1.28,
            "roe_4q": -0.8900000000000003,
            "gross_profit": 66276,
            "gross_margin": 7.08,
            "gross_margin_4q_avg": 6.94,
            "net_income": -34317,
            "revenue": 936545,
            "common_shares": 2072018,
            "book_valuer_per_share": 13.29,
            "book_valuer_per_share_4q_avg": 13.64,
            "equity": 2666713,
            "current_ratio": 319.54,
            "debt_ratio": 40.5,
            "inventory_turnover_ratio": 1.8,
            "account_receivable_turnover_ratio": 0.82,
            "reinvestment_rate": null,
            "research_to_sale_ratio": 1.99,
            "price_fair": 68.04,
            "eps_avg_yearly": 1.94,
            "eps_latest_yearly": 0.96,
            "eps_growth_yearly": 156.74
        },
        "20161": {
            "year_quarter": 20161,
            "year": 2016,
            "quarter": 1,
            "eps": -0.35,
            "eps_growth_year": null,
            "eps_4q": -0.21,
            "eps_4q_growth_year": -115.36,
            "roe": -3.07,
            "roe_4q": -2.4699999999999998,
            "gross_profit": 40428,
            "gross_margin": 5.83,
            "gross_margin_4q_avg": 6.8,
            "net_income": -80499,
            "revenue": 693508,
            "common_shares": 2072018,
            "book_valuer_per_share": 12.9,
            "book_valuer_per_share_4q_avg": 13.11,
            "equity": 2576587,
            "current_ratio": 325.28,
            "debt_ratio": 35.89,
            "inventory_turnover_ratio": 1.55,
            "account_receivable_turnover_ratio": 0.72,
            "reinvestment_rate": null,
            "research_to_sale_ratio": 2.68,
            "price_fair": 68.04,
            "eps_avg_yearly": 1.94,
            "eps_latest_yearly": 0.96,
            "eps_growth_yearly": 156.74
        },
        "20162": {
            "year_quarter": 20162,
            "year": 2016,
            "quarter": 2,
            "eps": -0.71,
            "eps_growth_year": null,
            "eps_4q": -0.3,
            "eps_4q_growth_year": null,
            "roe": -5.89,
            "roe_4q": -3.5799999999999983,
            "gross_profit": 55404,
            "gross_margin": 7.99,
            "gross_margin_4q_avg": 8.52,
            "net_income": -147155,
            "revenue": 693393,
            "common_shares": 2072018,
            "book_valuer_per_share": 12.15,
            "book_valuer_per_share_4q_avg": 12.95,
            "equity": 2417424,
            "current_ratio": 285.95,
            "debt_ratio": 39.41,
            "inventory_turnover_ratio": 1.46,
            "account_receivable_turnover_ratio": 0.78,
            "reinvestment_rate": null,
            "research_to_sale_ratio": 2.78,
            "price_fair": 68.04,
            "eps_avg_yearly": 1.94,
            "eps_latest_yearly": 0.96,
            "eps_growth_yearly": 156.74
        },
        "20163": {
            "year_quarter": 20163,
            "year": 2016,
            "quarter": 3,
            "eps": 0.12,
            "eps_growth_year": -86.36,
            "eps_4q": -1.07,
            "eps_4q_growth_year": -464.78,
            "roe": 1.23,
            "roe_4q": -9.01,
            "gross_profit": 121944,
            "gross_margin": 16.9,
            "gross_margin_4q_avg": 9.45,
            "net_income": 29899,
            "revenue": 721508,
            "common_shares": 2072018,
            "book_valuer_per_share": 12.23,
            "book_valuer_per_share_4q_avg": 12.64,
            "equity": 2439111,
            "current_ratio": 183.04,
            "debt_ratio": 38.95,
            "inventory_turnover_ratio": 1.26,
            "account_receivable_turnover_ratio": 0.83,
            "reinvestment_rate": null,
            "research_to_sale_ratio": 1.62,
            "price_fair": 68.04,
            "eps_avg_yearly": 1.94,
            "eps_latest_yearly": 0.96,
            "eps_growth_yearly": 156.74
        },
        "20164": {
            "year_quarter": 20164,
            "year": 2016,
            "quarter": 4,
            "eps": 0.18,
            "eps_growth_year": null,
            "eps_4q": -0.77,
            "eps_4q_growth_year": null,
            "roe": 1.03,
            "roe_4q": -6.699999999999999,
            "gross_profit": 125645,
            "gross_margin": 17.26,
            "gross_margin_4q_avg": 12,
            "net_income": 25255,
            "revenue": 727996,
            "common_shares": 2072018,
            "book_valuer_per_share": 12.32,
            "book_valuer_per_share_4q_avg": 12.4,
            "equity": 2455570,
            "current_ratio": 200.91,
            "debt_ratio": 36.74,
            "inventory_turnover_ratio": 1.18,
            "account_receivable_turnover_ratio": 0.87,
            "reinvestment_rate": -405.78,
            "research_to_sale_ratio": 2.09,
            "price_fair": 60.9,
            "eps_avg_yearly": 1.74,
            "eps_latest_yearly": 0.72,
            "eps_growth_yearly": 163.95
        },
        "20171": {
            "year_quarter": 20171,
            "year": 2017,
            "quarter": 1,
            "eps": -0.07,
            "eps_growth_year": null,
            "eps_4q": -0.49,
            "eps_4q_growth_year": null,
            "roe": -0.52,
            "roe_4q": -4.1499999999999995,
            "gross_profit": 133259,
            "gross_margin": 19.42,
            "gross_margin_4q_avg": 15.39,
            "net_income": -12752,
            "revenue": 686373,
            "common_shares": 2060698,
            "book_valuer_per_share": 12.33,
            "book_valuer_per_share_4q_avg": 12.26,
            "equity": 2458048,
            "current_ratio": 212.59,
            "debt_ratio": 33.14,
            "inventory_turnover_ratio": 1.11,
            "account_receivable_turnover_ratio": 0.87,
            "reinvestment_rate": -296.62,
            "research_to_sale_ratio": 2.21,
            "price_fair": 60.9,
            "eps_avg_yearly": 1.74,
            "eps_latest_yearly": 0.72,
            "eps_growth_yearly": 163.95
        },
        "20172": {
            "year_quarter": 20172,
            "year": 2017,
            "quarter": 2,
            "eps": 0.34,
            "eps_growth_year": null,
            "eps_4q": 0.56,
            "eps_4q_growth_year": null,
            "roe": 2.71,
            "roe_4q": 4.449999999999999,
            "gross_profit": 147916,
            "gross_margin": 20.32,
            "gross_margin_4q_avg": 18.48,
            "net_income": 67282,
            "revenue": 727935,
            "common_shares": 2060698,
            "book_valuer_per_share": 12.59,
            "book_valuer_per_share_4q_avg": 12.37,
            "equity": 2508392,
            "current_ratio": 215.62,
            "debt_ratio": 33.4,
            "inventory_turnover_ratio": 1.3,
            "account_receivable_turnover_ratio": 0.92,
            "reinvestment_rate": -159.56,
            "research_to_sale_ratio": 2.28,
            "price_fair": 60.9,
            "eps_avg_yearly": 1.74,
            "eps_latest_yearly": 0.72,
            "eps_growth_yearly": 163.95
        },
        "20173": {
            "year_quarter": 20173,
            "year": 2017,
            "quarter": 3,
            "eps": 0.62,
            "eps_growth_year": 416.67,
            "eps_4q": 1.07,
            "eps_4q_growth_year": null,
            "roe": 5,
            "roe_4q": 8.219999999999999,
            "gross_profit": 207277,
            "gross_margin": 24.42,
            "gross_margin_4q_avg": 20.36,
            "net_income": 129119,
            "revenue": 848767,
            "common_shares": 2060698,
            "book_valuer_per_share": 13.26,
            "book_valuer_per_share_4q_avg": 12.63,
            "equity": 2657401,
            "current_ratio": 339.67,
            "debt_ratio": 28.76,
            "inventory_turnover_ratio": 1.52,
            "account_receivable_turnover_ratio": 1.01,
            "reinvestment_rate": -133.03,
            "research_to_sale_ratio": 2.43,
            "price_fair": 64.6,
            "eps_avg_yearly": 1.85,
            "eps_latest_yearly": 2.48,
            "eps_growth_yearly": 187.59
        },
        "20174": {
            "year_quarter": 20174,
            "year": 2017,
            "quarter": 4,
            "eps": 0.22,
            "eps_growth_year": 26.55,
            "eps_4q": 1.11,
            "eps_4q_growth_year": null,
            "roe": 1.87,
            "roe_4q": 9.06,
            "gross_profit": 174256,
            "gross_margin": 23.22,
            "gross_margin_4q_avg": 21.85,
            "net_income": 50845,
            "revenue": 750528,
            "common_shares": 2060698,
            "book_valuer_per_share": 13.56,
            "book_valuer_per_share_4q_avg": 12.94,
            "equity": 2784281,
            "current_ratio": 322.53,
            "debt_ratio": 29.19,
            "inventory_turnover_ratio": 1.39,
            "account_receivable_turnover_ratio": 0.86,
            "reinvestment_rate": -136.3,
            "research_to_sale_ratio": 2.66,
            "price_fair": 56.6,
            "eps_avg_yearly": 1.62,
            "eps_latest_yearly": 0.88,
            "eps_growth_yearly": 66.15
        },
        "20181": {
            "year_quarter": 20181,
            "year": 2018,
            "quarter": 1,
            "eps": 0.21,
            "eps_growth_year": null,
            "eps_4q": 1.38,
            "eps_4q_growth_year": null,
            "roe": 1.5,
            "roe_4q": 11.080000000000002,
            "gross_profit": 166089,
            "gross_margin": 21.45,
            "gross_margin_4q_avg": 22.35,
            "net_income": 42655,
            "revenue": 774333,
            "common_shares": 2060698,
            "book_valuer_per_share": 13.86,
            "book_valuer_per_share_4q_avg": 13.32,
            "equity": 2894729,
            "current_ratio": 324.91,
            "debt_ratio": 28.25,
            "inventory_turnover_ratio": 1.39,
            "account_receivable_turnover_ratio": 0.83,
            "reinvestment_rate": -206.74,
            "research_to_sale_ratio": 1.94,
            "price_fair": 55.6,
            "eps_avg_yearly": 1.59,
            "eps_latest_yearly": 0.84,
            "eps_growth_yearly": 96.73
        },
        "20182": {
            "year_quarter": 20182,
            "year": 2018,
            "quarter": 2,
            "eps": 0.36,
            "eps_growth_year": 5.88,
            "eps_4q": 1.41,
            "eps_4q_growth_year": 152.05,
            "roe": 2.62,
            "roe_4q": 10.99,
            "gross_profit": 175132,
            "gross_margin": 23.02,
            "gross_margin_4q_avg": 23.03,
            "net_income": 74120,
            "revenue": 760785,
            "common_shares": 2060698,
            "book_valuer_per_share": 13.24,
            "book_valuer_per_share_4q_avg": 13.48,
            "equity": 2771957,
            "current_ratio": 252.43,
            "debt_ratio": 33.08,
            "inventory_turnover_ratio": 1.15,
            "account_receivable_turnover_ratio": 0.81,
            "reinvestment_rate": -230.62,
            "research_to_sale_ratio": 2.79,
            "price_fair": 47.8,
            "eps_avg_yearly": 1.37,
            "eps_latest_yearly": 1.44,
            "eps_growth_yearly": 29.85
        },
        "20183": {
            "year_quarter": 20183,
            "year": 2018,
            "quarter": 3,
            "eps": 0.14,
            "eps_growth_year": -77.42,
            "eps_4q": 0.94,
            "eps_4q_growth_year": -12.42,
            "roe": 1.13,
            "roe_4q": 7.12,
            "gross_profit": 133339,
            "gross_margin": 18.2,
            "gross_margin_4q_avg": 21.47,
            "net_income": 31244,
            "revenue": 732438,
            "common_shares": 2060698,
            "book_valuer_per_share": 13.22,
            "book_valuer_per_share_4q_avg": 13.47,
            "equity": 2754175,
            "current_ratio": 294.17,
            "debt_ratio": 32.82,
            "inventory_turnover_ratio": 1.05,
            "account_receivable_turnover_ratio": 0.82,
            "reinvestment_rate": -269.18,
            "research_to_sale_ratio": 4.28,
            "price_fair": 21.85,
            "eps_avg_yearly": 1.13,
            "eps_latest_yearly": 0.56,
            "eps_growth_yearly": 9.41
        },
        "20184": {
            "year_quarter": 20184,
            "year": 2018,
            "quarter": 4,
            "eps": 0.44,
            "eps_growth_year": 94.12,
            "eps_4q": 1.15,
            "eps_4q_growth_year": 3.59,
            "roe": 3.07,
            "roe_4q": 8.32,
            "gross_profit": 92523,
            "gross_margin": 14.1,
            "gross_margin_4q_avg": 19.19,
            "net_income": 85667,
            "revenue": 656113,
            "common_shares": 2060698,
            "book_valuer_per_share": 13.58,
            "book_valuer_per_share_4q_avg": 13.48,
            "equity": 2823947,
            "current_ratio": 391.93,
            "debt_ratio": 26.64,
            "inventory_turnover_ratio": 1.08,
            "account_receivable_turnover_ratio": 0.76,
            "reinvestment_rate": -194.89,
            "research_to_sale_ratio": 3.99,
            "price_fair": 43.4,
            "eps_avg_yearly": 1.24,
            "eps_latest_yearly": 1.76,
            "eps_growth_yearly": 164.51
        },
        "20191": {
            "year_quarter": 20191,
            "year": 2019,
            "quarter": 1,
            "eps": 0.24,
            "eps_growth_year": 14.29,
            "eps_4q": 1.18,
            "eps_4q_growth_year": -15.04,
            "roe": 1.7,
            "roe_4q": 8.52,
            "gross_profit": 127863,
            "gross_margin": 20.44,
            "gross_margin_4q_avg": 18.94,
            "net_income": 48461,
            "revenue": 625568,
            "common_shares": 2060698,
            "book_valuer_per_share": 13.89,
            "book_valuer_per_share_4q_avg": 13.48,
            "equity": 2891553,
            "current_ratio": 420.1,
            "debt_ratio": 24.72,
            "inventory_turnover_ratio": 1.2,
            "account_receivable_turnover_ratio": 0.82,
            "reinvestment_rate": -146.73,
            "research_to_sale_ratio": 3.85,
            "price_fair": 42.18,
            "eps_avg_yearly": 1.21,
            "eps_latest_yearly": 0.96,
            "eps_growth_yearly": 121.22
        },
        "20192": {
            "year_quarter": 20192,
            "year": 2019,
            "quarter": 2,
            "eps": -0.03,
            "eps_growth_year": -108.33,
            "eps_4q": 0.79,
            "eps_4q_growth_year": -44.31,
            "roe": -0.24,
            "roe_4q": 5.659999999999999,
            "gross_profit": 85721,
            "gross_margin": 17.61,
            "gross_margin_4q_avg": 17.59,
            "net_income": -6773,
            "revenue": 486707,
            "common_shares": 2060698,
            "book_valuer_per_share": 13.03,
            "book_valuer_per_share_4q_avg": 13.43,
            "equity": 2717296,
            "current_ratio": 273.4,
            "debt_ratio": 31.64,
            "inventory_turnover_ratio": 1.05,
            "account_receivable_turnover_ratio": 0.79,
            "reinvestment_rate": -40.45,
            "research_to_sale_ratio": 6.12,
            "price_fair": 42.18,
            "eps_avg_yearly": 1.21,
            "eps_latest_yearly": 0.96,
            "eps_growth_yearly": 121.22
        },
        "20193": {
            "year_quarter": 20193,
            "year": 2019,
            "quarter": 3,
            "eps": -0.04,
            "eps_growth_year": -128.57,
            "eps_4q": 0.6,
            "eps_4q_growth_year": -35.38,
            "roe": -0.26,
            "roe_4q": 4.27,
            "gross_profit": 98537,
            "gross_margin": 18.97,
            "gross_margin_4q_avg": 17.78,
            "net_income": -6980,
            "revenue": 519560,
            "common_shares": 2060698,
            "book_valuer_per_share": 12.83,
            "book_valuer_per_share_4q_avg": 13.33,
            "equity": 2668445,
            "current_ratio": 309.3,
            "debt_ratio": 27.42,
            "inventory_turnover_ratio": 1.1,
            "account_receivable_turnover_ratio": 0.88,
            "reinvestment_rate": -46.07,
            "research_to_sale_ratio": 5.84,
            "price_fair": 42.18,
            "eps_avg_yearly": 1.21,
            "eps_latest_yearly": 0.96,
            "eps_growth_yearly": 121.22
        },
        "20194": {
            "year_quarter": 20194,
            "year": 2019,
            "quarter": 4,
            "eps": -0.1,
            "eps_growth_year": -121.82,
            "eps_4q": 0.07,
            "eps_4q_growth_year": -93.61,
            "roe": -0.75,
            "roe_4q": 0.44999999999999996,
            "gross_profit": 91810,
            "gross_margin": 17.26,
            "gross_margin_4q_avg": 18.57,
            "net_income": -20087,
            "revenue": 532034,
            "common_shares": 2060698,
            "book_valuer_per_share": 12.79,
            "book_valuer_per_share_4q_avg": 13.14,
            "equity": 2669854,
            "current_ratio": 361.15,
            "debt_ratio": 25.66,
            "inventory_turnover_ratio": 1.1,
            "account_receivable_turnover_ratio": 0.89,
            "reinvestment_rate": -61.28,
            "research_to_sale_ratio": 6.07,
            "price_fair": 42.18,
            "eps_avg_yearly": 1.21,
            "eps_latest_yearly": 0.96,
            "eps_growth_yearly": 121.22
        },
        "20201": {
            "year_quarter": 20201,
            "year": 2020,
            "quarter": 1,
            "eps": 0.15,
            "eps_growth_year": -37.5,
            "eps_4q": -0.02,
            "eps_4q_growth_year": -101.36,
            "roe": 1.16,
            "roe_4q": -0.09000000000000008,
            "gross_profit": 115100,
            "gross_margin": 18.83,
            "gross_margin_4q_avg": 18.17,
            "net_income": 30865,
            "revenue": 611257,
            "common_shares": 2060698,
            "book_valuer_per_share": 12.69,
            "book_valuer_per_share_4q_avg": 12.84,
            "equity": 2646028,
            "current_ratio": 294.25,
            "debt_ratio": 29.06,
            "inventory_turnover_ratio": 1.21,
            "account_receivable_turnover_ratio": 0.97,
            "reinvestment_rate": -34.97,
            "research_to_sale_ratio": 4.49,
            "price_fair": 42.18,
            "eps_avg_yearly": 1.21,
            "eps_latest_yearly": 0.96,
            "eps_growth_yearly": 121.22
        },
        "20202": {
            "year_quarter": 20202,
            "year": 2020,
            "quarter": 2,
            "eps": 0.22,
            "eps_growth_year": null,
            "eps_4q": 0.23,
            "eps_4q_growth_year": -70.36,
            "roe": 1.64,
            "roe_4q": 1.7899999999999998,
            "gross_profit": 126918,
            "gross_margin": 23.95,
            "gross_margin_4q_avg": 19.75,
            "net_income": 44589,
            "revenue": 529986,
            "common_shares": 2060698,
            "book_valuer_per_share": 13.17,
            "book_valuer_per_share_4q_avg": 12.87,
            "equity": 2779348,
            "current_ratio": 382.58,
            "debt_ratio": 23.79,
            "inventory_turnover_ratio": 0.94,
            "account_receivable_turnover_ratio": 0.85,
            "reinvestment_rate": -18.08,
            "research_to_sale_ratio": 5.23,
            "price_fair": 40.91,
            "eps_avg_yearly": 1.17,
            "eps_latest_yearly": 0.88,
            "eps_growth_yearly": 128.49
        },
        "20203": {
            "year_quarter": 20203,
            "year": 2020,
            "quarter": 3,
            "eps": 0.08,
            "eps_growth_year": null,
            "eps_4q": 0.36,
            "eps_4q_growth_year": -40.94,
            "roe": 0.66,
            "roe_4q": 2.71,
            "gross_profit": 117497,
            "gross_margin": 18.73,
            "gross_margin_4q_avg": 19.69,
            "net_income": 18578,
            "revenue": 627342,
            "common_shares": 2060698,
            "book_valuer_per_share": 13.54,
            "book_valuer_per_share_4q_avg": 13.05,
            "equity": 2844861,
            "current_ratio": 319.83,
            "debt_ratio": 21.72,
            "inventory_turnover_ratio": 1.17,
            "account_receivable_turnover_ratio": 1.18,
            "reinvestment_rate": -6.55,
            "research_to_sale_ratio": 3.56,
            "price_fair": 37.94,
            "eps_avg_yearly": 1.08,
            "eps_latest_yearly": 0.32,
            "eps_growth_yearly": 90.19
        },
        "20204": {
            "year_quarter": 20204,
            "year": 2020,
            "quarter": 4,
            "eps": 0.24,
            "eps_growth_year": null,
            "eps_4q": 0.7,
            "eps_4q_growth_year": 850.45,
            "roe": 1.69,
            "roe_4q": 5.15,
            "gross_profit": 173210,
            "gross_margin": 23.45,
            "gross_margin_4q_avg": 21.24,
            "net_income": 49614,
            "revenue": 738766,
            "common_shares": 2060698,
            "book_valuer_per_share": 14.36,
            "book_valuer_per_share_4q_avg": 13.44,
            "equity": 3017807,
            "current_ratio": 272.6,
            "debt_ratio": 25.57,
            "inventory_turnover_ratio": 1.43,
            "account_receivable_turnover_ratio": 1.35,
            "reinvestment_rate": 0.42,
            "research_to_sale_ratio": 3.47,
            "price_fair": 38.78,
            "eps_avg_yearly": 1.11,
            "eps_latest_yearly": 0.96,
            "eps_growth_yearly": 150.19
        },
        "20211": {
            "year_quarter": 20211,
            "year": 2021,
            "quarter": 1,
            "eps": 0.51,
            "eps_growth_year": 240,
            "eps_4q": 1.06,
            "eps_4q_growth_year": null,
            "roe": 3.35,
            "roe_4q": 7.34,
            "gross_profit": 177940,
            "gross_margin": 26.11,
            "gross_margin_4q_avg": 23.06,
            "net_income": 104375,
            "revenue": 681521,
            "common_shares": 2060698,
            "book_valuer_per_share": 15.27,
            "book_valuer_per_share_4q_avg": 14.09,
            "equity": 3212433,
            "current_ratio": 281.78,
            "debt_ratio": 24.74,
            "inventory_turnover_ratio": 1.21,
            "account_receivable_turnover_ratio": 1.1,
            "reinvestment_rate": -12.01,
            "research_to_sale_ratio": 3.47,
            "price_fair": 41.75,
            "eps_avg_yearly": 1.19,
            "eps_latest_yearly": 2.04,
            "eps_growth_yearly": 177.44
        },
        "20212": {
            "year_quarter": 20212,
            "year": 2021,
            "quarter": 2,
            "eps": 0.5,
            "eps_growth_year": 127.27,
            "eps_4q": 1.34,
            "eps_4q_growth_year": 474.1,
            "roe": 3.2,
            "roe_4q": 8.9,
            "gross_profit": 241341,
            "gross_margin": 28.77,
            "gross_margin_4q_avg": 24.27,
            "net_income": 103069,
            "revenue": 838829,
            "common_shares": 2060698,
            "book_valuer_per_share": 15.09,
            "book_valuer_per_share_4q_avg": 14.57,
            "equity": 3233018,
            "current_ratio": 256.68,
            "debt_ratio": 27.33,
            "inventory_turnover_ratio": 1.24,
            "account_receivable_turnover_ratio": 1.15,
            "reinvestment_rate": -9.98,
            "research_to_sale_ratio": 2.79,
            "price_fair": 44.1,
            "eps_avg_yearly": 1.26,
            "eps_latest_yearly": 2,
            "eps_growth_yearly": 162
        },
        "20213": {
            "year_quarter": 20213,
            "year": 2021,
            "quarter": 3,
            "eps": 0.52,
            "eps_growth_year": 550,
            "eps_4q": 1.77,
            "eps_4q_growth_year": 396.43,
            "roe": 3.49,
            "roe_4q": 11.73,
            "gross_profit": 222946,
            "gross_margin": 27.69,
            "gross_margin_4q_avg": 26.51,
            "net_income": 115739,
            "revenue": 805097,
            "common_shares": 2060698,
            "book_valuer_per_share": 15.73,
            "book_valuer_per_share_4q_avg": 15.11,
            "equity": 3391001,
            "current_ratio": 295.22,
            "debt_ratio": 23.83,
            "inventory_turnover_ratio": 1.18,
            "account_receivable_turnover_ratio": 0.99,
            "reinvestment_rate": -11.04,
            "research_to_sale_ratio": 3.31,
            "price_fair": 42.93,
            "eps_avg_yearly": 1.23,
            "eps_latest_yearly": 2.08,
            "eps_growth_yearly": 135.89
        },
        "20214": {
            "year_quarter": 20214,
            "year": 2021,
            "quarter": 4,
            "eps": 0.27,
            "eps_growth_year": 10.37,
            "eps_4q": 1.8,
            "eps_4q_growth_year": 157.95,
            "roe": 1.89,
            "roe_4q": 11.93,
            "gross_profit": 180059,
            "gross_margin": 26.67,
            "gross_margin_4q_avg": 27.31,
            "net_income": 65165,
            "revenue": 675043,
            "common_shares": 2060698,
            "book_valuer_per_share": 16.2,
            "book_valuer_per_share_4q_avg": 15.57,
            "equity": 3510291,
            "current_ratio": 291.38,
            "debt_ratio": 23.82,
            "inventory_turnover_ratio": 1.03,
            "account_receivable_turnover_ratio": 0.93,
            "reinvestment_rate": -8.46,
            "research_to_sale_ratio": 9.52,
            "price_fair": 43.52,
            "eps_avg_yearly": 1.24,
            "eps_latest_yearly": 1.08,
            "eps_growth_yearly": 141.37
        },
        "20221": {
            "year_quarter": 20221,
            "year": 2022,
            "quarter": 1,
            "eps": 0.56,
            "eps_growth_year": 9.8,
            "eps_4q": 1.85,
            "eps_4q_growth_year": 75.23,
            "roe": 3.72,
            "roe_4q": 12.3,
            "gross_profit": 200324,
            "gross_margin": 29,
            "gross_margin_4q_avg": 28.03,
            "net_income": 125246,
            "revenue": 690713,
            "common_shares": 2060698,
            "book_valuer_per_share": 14.85,
            "book_valuer_per_share_4q_avg": 15.47,
            "equity": 3232149,
            "current_ratio": 242.85,
            "debt_ratio": 28.74,
            "inventory_turnover_ratio": 1.06,
            "account_receivable_turnover_ratio": 1.07,
            "reinvestment_rate": 24.55,
            "research_to_sale_ratio": 7.22,
            "price_fair": 47.6,
            "eps_avg_yearly": 1.36,
            "eps_latest_yearly": 2.24,
            "eps_growth_yearly": 178.68
        },
        "20222": {
            "year_quarter": 20222,
            "year": 2022,
            "quarter": 2,
            "eps": 0.55,
            "eps_growth_year": 10,
            "eps_4q": 1.91,
            "eps_4q_growth_year": 42.66,
            "roe": 3.96,
            "roe_4q": 13.06,
            "gross_profit": 218454,
            "gross_margin": 30.01,
            "gross_margin_4q_avg": 28.34,
            "net_income": 127874,
            "revenue": 727950,
            "common_shares": 2060698,
            "book_valuer_per_share": 14.9,
            "book_valuer_per_share_4q_avg": 15.42,
            "equity": 3222003,
            "current_ratio": 254.4,
            "debt_ratio": 28.11,
            "inventory_turnover_ratio": 1.13,
            "account_receivable_turnover_ratio": 1.08,
            "reinvestment_rate": 22.05,
            "research_to_sale_ratio": 7.26,
            "price_fair": 49.82,
            "eps_avg_yearly": 1.42,
            "eps_latest_yearly": 2.2,
            "eps_growth_yearly": 154.28
        },
        "20223": {
            "year_quarter": 20223,
            "year": 2022,
            "quarter": 3,
            "eps": 0.48,
            "eps_growth_year": -7.69,
            "eps_4q": 1.86,
            "eps_4q_growth_year": 5.06,
            "roe": 3.13,
            "roe_4q": 12.700000000000001,
            "gross_profit": 164274,
            "gross_margin": 30.26,
            "gross_margin_4q_avg": 28.99,
            "net_income": 102101,
            "revenue": 542871,
            "common_shares": 2060698,
            "book_valuer_per_share": 15.33,
            "book_valuer_per_share_4q_avg": 15.32,
            "equity": 3305587,
            "current_ratio": 357.5,
            "debt_ratio": 19.64,
            "inventory_turnover_ratio": 0.84,
            "account_receivable_turnover_ratio": 0.87,
            "reinvestment_rate": 17.17,
            "research_to_sale_ratio": 10.26,
            "price_fair": 53.78,
            "eps_avg_yearly": 1.54,
            "eps_latest_yearly": 1.92,
            "eps_growth_yearly": 170.41
        },
        "20224": {
            "year_quarter": 20224,
            "year": 2022,
            "quarter": 4,
            "eps": 0.23,
            "eps_growth_year": -14.8,
            "eps_4q": 1.82,
            "eps_4q_growth_year": 1.33,
            "roe": 1.26,
            "roe_4q": 12.07,
            "gross_profit": 169451,
            "gross_margin": 33.34,
            "gross_margin_4q_avg": 30.65,
            "net_income": 42111,
            "revenue": 508175,
            "common_shares": 2060698,
            "book_valuer_per_share": 15.65,
            "book_valuer_per_share_4q_avg": 15.18,
            "equity": 3363275,
            "current_ratio": 393.68,
            "debt_ratio": 17.5,
            "inventory_turnover_ratio": 0.81,
            "account_receivable_turnover_ratio": 1.04,
            "reinvestment_rate": 12.25,
            "research_to_sale_ratio": 9.14,
            "price_fair": 51.33,
            "eps_avg_yearly": 1.47,
            "eps_latest_yearly": 0.92,
            "eps_growth_yearly": 81.62
        },
        "20231": {
            "year_quarter": 20231,
            "year": 2023,
            "quarter": 1,
            "eps": 0.04,
            "eps_growth_year": -92.86,
            "eps_4q": 1.32,
            "eps_4q_growth_year": -28.79,
            "roe": 0.13,
            "roe_4q": 8.48,
            "gross_profit": 137658,
            "gross_margin": 26.74,
            "gross_margin_4q_avg": 30.09,
            "net_income": 4130,
            "revenue": 514823,
            "common_shares": 2060698,
            "book_valuer_per_share": 14.89,
            "book_valuer_per_share_4q_avg": 15.19,
            "equity": 3179773,
            "current_ratio": 265.25,
            "debt_ratio": 24.11,
            "inventory_turnover_ratio": 1.03,
            "account_receivable_turnover_ratio": 1.17,
            "reinvestment_rate": 27.88,
            "research_to_sale_ratio": 12.42,
            "price_fair": 49,
            "eps_avg_yearly": 1.4,
            "eps_latest_yearly": 0.16,
            "eps_growth_yearly": 69.23
        }
    },
    "months": {
        "2002-03": {
            "month": "2002-03",
            "price": "45.65",
            "revenue": 72610
        },
        "2002-04": {
            "month": "2002-04",
            "price": "62.60",
            "revenue": 83651
        },
        "2002-05": {
            "month": "2002-05",
            "price": "55.10",
            "revenue": 90102
        },
        "2002-06": {
            "month": "2002-06",
            "price": "43.49",
            "revenue": 86437
        },
        "2002-07": {
            "month": "2002-07",
            "price": "39.02",
            "revenue": 93170
        },
        "2002-08": {
            "month": "2002-08",
            "price": "42.49",
            "revenue": 105952
        },
        "2002-09": {
            "month": "2002-09",
            "price": "46.28",
            "revenue": 125066
        },
        "2002-10": {
            "month": "2002-10",
            "price": "48.02",
            "revenue": 167025
        },
        "2002-11": {
            "month": "2002-11",
            "price": "64.81",
            "revenue": 139099
        },
        "2002-12": {
            "month": "2002-12",
            "price": "68.07",
            "revenue": 164943
        },
        "2003-01": {
            "month": "2003-01",
            "price": "54.65",
            "revenue": 155627
        },
        "2003-02": {
            "month": "2003-02",
            "price": "51.53",
            "revenue": 153273
        },
        "2003-03": {
            "month": "2003-03",
            "price": "50.47",
            "revenue": 165741
        },
        "2003-04": {
            "month": "2003-04",
            "price": "55.87",
            "revenue": 169378
        },
        "2003-05": {
            "month": "2003-05",
            "price": "47.03",
            "revenue": 132521
        },
        "2003-06": {
            "month": "2003-06",
            "price": "50.44",
            "revenue": 128524
        },
        "2003-07": {
            "month": "2003-07",
            "price": "52.95",
            "revenue": 152513
        },
        "2003-08": {
            "month": "2003-08",
            "price": "49.64",
            "revenue": 188846
        },
        "2003-09": {
            "month": "2003-09",
            "price": "52.76",
            "revenue": 228335
        },
        "2003-10": {
            "month": "2003-10",
            "price": "52.66",
            "revenue": 234076
        },
        "2003-11": {
            "month": "2003-11",
            "price": "54.85",
            "revenue": 182439
        },
        "2003-12": {
            "month": "2003-12",
            "price": "54.93",
            "revenue": 194050
        },
        "2004-01": {
            "month": "2004-01",
            "price": "56.90",
            "revenue": 204068
        },
        "2004-02": {
            "month": "2004-02",
            "price": "66.42",
            "revenue": 144717
        },
        "2004-03": {
            "month": "2004-03",
            "price": "54.70",
            "revenue": 168529
        },
        "2004-04": {
            "month": "2004-04",
            "price": "59.55",
            "revenue": 210029
        },
        "2004-05": {
            "month": "2004-05",
            "price": "50.76",
            "revenue": 176557
        },
        "2004-06": {
            "month": "2004-06",
            "price": "43.64",
            "revenue": 154898
        },
        "2004-07": {
            "month": "2004-07",
            "price": "35.88",
            "revenue": 140903
        },
        "2004-08": {
            "month": "2004-08",
            "price": "34.36",
            "revenue": 117805
        },
        "2004-09": {
            "month": "2004-09",
            "price": "30.94",
            "revenue": 134292
        },
        "2004-10": {
            "month": "2004-10",
            "price": "25.12",
            "revenue": 141908
        },
        "2004-11": {
            "month": "2004-11",
            "price": "24.38",
            "revenue": 149827
        },
        "2004-12": {
            "month": "2004-12",
            "price": "25.25",
            "revenue": 126927
        },
        "2005-01": {
            "month": "2005-01",
            "price": "25.90",
            "revenue": 150687
        },
        "2005-02": {
            "month": "2005-02",
            "price": "29.94",
            "revenue": 122850
        },
        "2005-03": {
            "month": "2005-03",
            "price": "35.00",
            "revenue": 144089
        },
        "2005-04": {
            "month": "2005-04",
            "price": "33.87",
            "revenue": 161107
        },
        "2005-05": {
            "month": "2005-05",
            "price": "31.18",
            "revenue": 189108
        },
        "2005-06": {
            "month": "2005-06",
            "price": "32.56",
            "revenue": 132555
        },
        "2005-07": {
            "month": "2005-07",
            "price": "32.41",
            "revenue": 146253
        },
        "2005-08": {
            "month": "2005-08",
            "price": "25.26",
            "revenue": 194952
        },
        "2005-09": {
            "month": "2005-09",
            "price": "22.45",
            "revenue": 221562
        },
        "2005-10": {
            "month": "2005-10",
            "price": "27.00",
            "revenue": 218226
        },
        "2005-11": {
            "month": "2005-11",
            "price": "28.52",
            "revenue": 236975
        },
        "2005-12": {
            "month": "2005-12",
            "price": "34.22",
            "revenue": 231774
        },
        "2006-01": {
            "month": "2006-01",
            "price": "36.42",
            "revenue": 225166
        },
        "2006-02": {
            "month": "2006-02",
            "price": "34.80",
            "revenue": 172648
        },
        "2006-03": {
            "month": "2006-03",
            "price": "37.02",
            "revenue": 231456
        },
        "2006-04": {
            "month": "2006-04",
            "price": "44.52",
            "revenue": 195409
        },
        "2006-05": {
            "month": "2006-05",
            "price": "43.20",
            "revenue": 196844
        },
        "2006-06": {
            "month": "2006-06",
            "price": "32.31",
            "revenue": 176415
        },
        "2006-07": {
            "month": "2006-07",
            "price": "29.66",
            "revenue": 199994
        },
        "2006-08": {
            "month": "2006-08",
            "price": "32.44",
            "revenue": 240597
        },
        "2006-09": {
            "month": "2006-09",
            "price": "32.32",
            "revenue": 233071
        },
        "2006-10": {
            "month": "2006-10",
            "price": "30.64",
            "revenue": 279007
        },
        "2006-11": {
            "month": "2006-11",
            "price": "31.99",
            "revenue": 273230
        },
        "2006-12": {
            "month": "2006-12",
            "price": "35.26",
            "revenue": 235699
        },
        "2007-01": {
            "month": "2007-01",
            "price": "38.88",
            "revenue": 240952
        },
        "2007-02": {
            "month": "2007-02",
            "price": "40.30",
            "revenue": 160088
        },
        "2007-03": {
            "month": "2007-03",
            "price": "44.33",
            "revenue": 233506
        },
        "2007-04": {
            "month": "2007-04",
            "price": "41.32",
            "revenue": 247291
        },
        "2007-05": {
            "month": "2007-05",
            "price": "38.49",
            "revenue": 269559
        },
        "2007-06": {
            "month": "2007-06",
            "price": "44.03",
            "revenue": 232585
        },
        "2007-07": {
            "month": "2007-07",
            "price": "47.17",
            "revenue": 305297
        },
        "2007-08": {
            "month": "2007-08",
            "price": "44.83",
            "revenue": 308185
        },
        "2007-09": {
            "month": "2007-09",
            "price": "42.53",
            "revenue": 315018
        },
        "2007-10": {
            "month": "2007-10",
            "price": "43.15",
            "revenue": 312722
        },
        "2007-11": {
            "month": "2007-11",
            "price": "35.93",
            "revenue": 306436
        },
        "2007-12": {
            "month": "2007-12",
            "price": "32.72",
            "revenue": 225160
        },
        "2008-01": {
            "month": "2008-01",
            "price": "26.74",
            "revenue": 276751
        },
        "2008-02": {
            "month": "2008-02",
            "price": "24.08",
            "revenue": 217212
        },
        "2008-03": {
            "month": "2008-03",
            "price": "30.00",
            "revenue": 282445
        },
        "2008-04": {
            "month": "2008-04",
            "price": "33.48",
            "revenue": 262771
        },
        "2008-05": {
            "month": "2008-05",
            "price": "43.90",
            "revenue": 237678
        },
        "2008-06": {
            "month": "2008-06",
            "price": "33.80",
            "revenue": 199169
        },
        "2008-07": {
            "month": "2008-07",
            "price": "28.45",
            "revenue": 263655
        },
        "2008-08": {
            "month": "2008-08",
            "price": "33.35",
            "revenue": 260919
        },
        "2008-09": {
            "month": "2008-09",
            "price": "25.95",
            "revenue": 304591
        },
        "2008-10": {
            "month": "2008-10",
            "price": "22.34",
            "revenue": 267870
        },
        "2008-11": {
            "month": "2008-11",
            "price": "15.66",
            "revenue": 183079
        },
        "2008-12": {
            "month": "2008-12",
            "price": "14.43",
            "revenue": 123054
        },
        "2009-01": {
            "month": "2009-01",
            "price": "16.21",
            "revenue": 120369
        },
        "2009-02": {
            "month": "2009-02",
            "price": "17.33",
            "revenue": 148700
        },
        "2009-03": {
            "month": "2009-03",
            "price": "19.90",
            "revenue": 206561
        },
        "2009-04": {
            "month": "2009-04",
            "price": "21.59",
            "revenue": 231323
        },
        "2009-05": {
            "month": "2009-05",
            "price": "25.49",
            "revenue": 205755
        },
        "2009-06": {
            "month": "2009-06",
            "price": "25.00",
            "revenue": 217492
        },
        "2009-07": {
            "month": "2009-07",
            "price": "27.82",
            "revenue": 245171
        },
        "2009-08": {
            "month": "2009-08",
            "price": "29.79",
            "revenue": 262428
        },
        "2009-09": {
            "month": "2009-09",
            "price": "29.82",
            "revenue": 300979
        },
        "2009-10": {
            "month": "2009-10",
            "price": "29.96",
            "revenue": 271621
        },
        "2009-11": {
            "month": "2009-11",
            "price": "28.21",
            "revenue": 279423
        },
        "2009-12": {
            "month": "2009-12",
            "price": "31.05",
            "revenue": 213883
        },
        "2010-01": {
            "month": "2010-01",
            "price": "34.04",
            "revenue": 298400
        },
        "2010-02": {
            "month": "2010-02",
            "price": "30.80",
            "revenue": 211090
        },
        "2010-03": {
            "month": "2010-03",
            "price": "36.10",
            "revenue": 305231
        },
        "2010-04": {
            "month": "2010-04",
            "price": "38.36",
            "revenue": 319565
        },
        "2010-05": {
            "month": "2010-05",
            "price": "33.74",
            "revenue": 331613
        },
        "2010-06": {
            "month": "2010-06",
            "price": "35.03",
            "revenue": 313154
        },
        "2010-07": {
            "month": "2010-07",
            "price": "41.35",
            "revenue": 350945
        },
        "2010-08": {
            "month": "2010-08",
            "price": "38.85",
            "revenue": 391515
        },
        "2010-09": {
            "month": "2010-09",
            "price": "39.15",
            "revenue": 377736
        },
        "2010-10": {
            "month": "2010-10",
            "price": "37.63",
            "revenue": 300039
        },
        "2010-11": {
            "month": "2010-11",
            "price": "33.25",
            "revenue": 288985
        },
        "2010-12": {
            "month": "2010-12",
            "price": "34.01",
            "revenue": 260392
        },
        "2011-01": {
            "month": "2011-01",
            "price": "32.31",
            "revenue": 398998
        },
        "2011-02": {
            "month": "2011-02",
            "price": "34.47",
            "revenue": 273531
        },
        "2011-03": {
            "month": "2011-03",
            "price": "37.49",
            "revenue": 408274
        },
        "2011-04": {
            "month": "2011-04",
            "price": "35.08",
            "revenue": 390792
        },
        "2011-05": {
            "month": "2011-05",
            "price": "32.01",
            "revenue": 300498
        },
        "2011-06": {
            "month": "2011-06",
            "price": "29.72",
            "revenue": 254945
        },
        "2011-07": {
            "month": "2011-07",
            "price": "24.75",
            "revenue": 279752
        },
        "2011-08": {
            "month": "2011-08",
            "price": "18.86",
            "revenue": 307360
        },
        "2011-09": {
            "month": "2011-09",
            "price": "16.28",
            "revenue": 306802
        },
        "2011-10": {
            "month": "2011-10",
            "price": "17.67",
            "revenue": 267548
        },
        "2011-11": {
            "month": "2011-11",
            "price": "16.76",
            "revenue": 247556
        },
        "2011-12": {
            "month": "2011-12",
            "price": "15.12",
            "revenue": 219049
        },
        "2012-01": {
            "month": "2012-01",
            "price": "16.16",
            "revenue": 214927
        },
        "2012-02": {
            "month": "2012-02",
            "price": "19.52",
            "revenue": 244756
        },
        "2012-03": {
            "month": "2012-03",
            "price": "20.65",
            "revenue": 317560
        },
        "2012-04": {
            "month": "2012-04",
            "price": "19.48",
            "revenue": 287854
        },
        "2012-05": {
            "month": "2012-05",
            "price": "17.43",
            "revenue": 259836
        },
        "2012-06": {
            "month": "2012-06",
            "price": "16.39",
            "revenue": 258521
        },
        "2012-07": {
            "month": "2012-07",
            "price": "15.68",
            "revenue": 308666
        },
        "2012-08": {
            "month": "2012-08",
            "price": "15.49",
            "revenue": 339162
        },
        "2012-09": {
            "month": "2012-09",
            "price": "15.14",
            "revenue": 311347
        },
        "2012-10": {
            "month": "2012-10",
            "price": "13.23",
            "revenue": 355749
        },
        "2012-11": {
            "month": "2012-11",
            "price": "11.58",
            "revenue": 265026
        },
        "2012-12": {
            "month": "2012-12",
            "price": "12.02",
            "revenue": 227060
        },
        "2013-01": {
            "month": "2013-01",
            "price": "12.93",
            "revenue": 330409
        },
        "2013-02": {
            "month": "2013-02",
            "price": "12.55",
            "revenue": 221218
        },
        "2013-03": {
            "month": "2013-03",
            "price": "13.23",
            "revenue": 324189
        },
        "2013-04": {
            "month": "2013-04",
            "price": "11.69",
            "revenue": 351089
        },
        "2013-05": {
            "month": "2013-05",
            "price": "12.60",
            "revenue": 408980
        },
        "2013-06": {
            "month": "2013-06",
            "price": "12.12",
            "revenue": 371318
        },
        "2013-07": {
            "month": "2013-07",
            "price": "11.78",
            "revenue": 408890
        },
        "2013-08": {
            "month": "2013-08",
            "price": "11.07",
            "revenue": 417390
        },
        "2013-09": {
            "month": "2013-09",
            "price": "10.91",
            "revenue": 410595
        },
        "2013-10": {
            "month": "2013-10",
            "price": "11.63",
            "revenue": 467924
        },
        "2013-11": {
            "month": "2013-11",
            "price": "12.63",
            "revenue": 462561
        },
        "2013-12": {
            "month": "2013-12",
            "price": "14.63",
            "revenue": 499467
        },
        "2014-01": {
            "month": "2014-01",
            "price": "16.99",
            "revenue": 330425
        },
        "2014-02": {
            "month": "2014-02",
            "price": "17.60",
            "revenue": 331303
        },
        "2014-03": {
            "month": "2014-03",
            "price": "19.19",
            "revenue": 530755
        },
        "2014-04": {
            "month": "2014-04",
            "price": "19.51",
            "revenue": 585250
        },
        "2014-05": {
            "month": "2014-05",
            "price": "19.80",
            "revenue": 614735
        },
        "2014-06": {
            "month": "2014-06",
            "price": "22.88",
            "revenue": 552614
        },
        "2014-07": {
            "month": "2014-07",
            "price": "23.85",
            "revenue": 461564
        },
        "2014-08": {
            "month": "2014-08",
            "price": "22.76",
            "revenue": 440221
        },
        "2014-09": {
            "month": "2014-09",
            "price": "19.78",
            "revenue": 502403
        },
        "2014-10": {
            "month": "2014-10",
            "price": "16.25",
            "revenue": 340516
        },
        "2014-11": {
            "month": "2014-11",
            "price": "17.27",
            "revenue": 266527
        },
        "2014-12": {
            "month": "2014-12",
            "price": "18.08",
            "revenue": 476041
        },
        "2015-01": {
            "month": "2015-01",
            "price": "18.04",
            "revenue": 331557
        },
        "2015-02": {
            "month": "2015-02",
            "price": "18.83",
            "revenue": 316605
        },
        "2015-03": {
            "month": "2015-03",
            "price": "20.63",
            "revenue": 403388
        },
        "2015-04": {
            "month": "2015-04",
            "price": "18.60",
            "revenue": 410222
        },
        "2015-05": {
            "month": "2015-05",
            "price": "16.47",
            "revenue": 336666
        },
        "2015-06": {
            "month": "2015-06",
            "price": "13.78",
            "revenue": 329083
        },
        "2015-07": {
            "month": "2015-07",
            "price": "12.57",
            "revenue": 379338
        },
        "2015-08": {
            "month": "2015-08",
            "price": "10.93",
            "revenue": 452491
        },
        "2015-09": {
            "month": "2015-09",
            "price": "11.26",
            "revenue": 347158
        },
        "2015-10": {
            "month": "2015-10",
            "price": "12.17",
            "revenue": 300227
        },
        "2015-11": {
            "month": "2015-11",
            "price": "12.74",
            "revenue": 328571
        },
        "2015-12": {
            "month": "2015-12",
            "price": "13.18",
            "revenue": 315570
        },
        "2016-01": {
            "month": "2016-01",
            "price": "12.46",
            "revenue": 262008
        },
        "2016-02": {
            "month": "2016-02",
            "price": "12.53",
            "revenue": 195054
        },
        "2016-03": {
            "month": "2016-03",
            "price": "12.58",
            "revenue": 236667
        },
        "2016-04": {
            "month": "2016-04",
            "price": "10.68",
            "revenue": 238825
        },
        "2016-05": {
            "month": "2016-05",
            "price": "9.40",
            "revenue": 242664
        },
        "2016-06": {
            "month": "2016-06",
            "price": "9.44",
            "revenue": 244778
        },
        "2016-07": {
            "month": "2016-07",
            "price": "10.24",
            "revenue": 234903
        },
        "2016-08": {
            "month": "2016-08",
            "price": "9.47",
            "revenue": 230093
        },
        "2016-09": {
            "month": "2016-09",
            "price": "9.34",
            "revenue": 205915
        },
        "2016-10": {
            "month": "2016-10",
            "price": "9.33",
            "revenue": 282250
        },
        "2016-11": {
            "month": "2016-11",
            "price": "9.24",
            "revenue": 254871
        },
        "2016-12": {
            "month": "2016-12",
            "price": "10.30",
            "revenue": 236946
        },
        "2017-01": {
            "month": "2017-01",
            "price": "11.06",
            "revenue": 216073
        },
        "2017-02": {
            "month": "2017-02",
            "price": "10.90",
            "revenue": 233090
        },
        "2017-03": {
            "month": "2017-03",
            "price": "10.71",
            "revenue": 237362
        },
        "2017-04": {
            "month": "2017-04",
            "price": "10.39",
            "revenue": 232216
        },
        "2017-05": {
            "month": "2017-05",
            "price": "10.06",
            "revenue": 250458
        },
        "2017-06": {
            "month": "2017-06",
            "price": "10.65",
            "revenue": 246019
        },
        "2017-07": {
            "month": "2017-07",
            "price": "10.63",
            "revenue": 275863
        },
        "2017-08": {
            "month": "2017-08",
            "price": "12.04",
            "revenue": 281934
        },
        "2017-09": {
            "month": "2017-09",
            "price": "15.05",
            "revenue": 290809
        },
        "2017-10": {
            "month": "2017-10",
            "price": "17.55",
            "revenue": 254679
        },
        "2017-11": {
            "month": "2017-11",
            "price": "19.25",
            "revenue": 253030
        },
        "2017-12": {
            "month": "2017-12",
            "price": "20.29",
            "revenue": 241724
        },
        "2018-01": {
            "month": "2018-01",
            "price": "20.63",
            "revenue": 270744
        },
        "2018-02": {
            "month": "2018-02",
            "price": "19.05",
            "revenue": 253868
        },
        "2018-03": {
            "month": "2018-03",
            "price": "20.90",
            "revenue": 273527
        },
        "2018-04": {
            "month": "2018-04",
            "price": "19.27",
            "revenue": 257869
        },
        "2018-05": {
            "month": "2018-05",
            "price": "18.15",
            "revenue": 247680
        },
        "2018-06": {
            "month": "2018-06",
            "price": "20.05",
            "revenue": 230708
        },
        "2018-07": {
            "month": "2018-07",
            "price": "18.02",
            "revenue": 256644
        },
        "2018-08": {
            "month": "2018-08",
            "price": "17.17",
            "revenue": 228465
        },
        "2018-09": {
            "month": "2018-09",
            "price": "14.91",
            "revenue": 249437
        },
        "2018-10": {
            "month": "2018-10",
            "price": "12.72",
            "revenue": 254223
        },
        "2018-11": {
            "month": "2018-11",
            "price": "12.65",
            "revenue": 193496
        },
        "2018-12": {
            "month": "2018-12",
            "price": "12.74",
            "revenue": 209467
        },
        "2019-01": {
            "month": "2019-01",
            "price": "12.63",
            "revenue": 213720
        },
        "2019-02": {
            "month": "2019-02",
            "price": "13.79",
            "revenue": 201829
        },
        "2019-03": {
            "month": "2019-03",
            "price": "14.76",
            "revenue": 208838
        },
        "2019-04": {
            "month": "2019-04",
            "price": "16.40",
            "revenue": 160781
        },
        "2019-05": {
            "month": "2019-05",
            "price": "14.58",
            "revenue": 164209
        },
        "2019-06": {
            "month": "2019-06",
            "price": "14.23",
            "revenue": 161577
        },
        "2019-07": {
            "month": "2019-07",
            "price": "15.03",
            "revenue": 158991
        },
        "2019-08": {
            "month": "2019-08",
            "price": "14.17",
            "revenue": 171855
        },
        "2019-09": {
            "month": "2019-09",
            "price": "13.43",
            "revenue": 175445
        },
        "2019-10": {
            "month": "2019-10",
            "price": "12.99",
            "revenue": 182784
        },
        "2019-11": {
            "month": "2019-11",
            "price": "12.75",
            "revenue": 184549
        },
        "2019-12": {
            "month": "2019-12",
            "price": "13.27",
            "revenue": 184505
        },
        "2020-01": {
            "month": "2020-01",
            "price": "12.93",
            "revenue": 204679
        },
        "2020-02": {
            "month": "2020-02",
            "price": "11.96",
            "revenue": 205049
        },
        "2020-03": {
            "month": "2020-03",
            "price": "10.82",
            "revenue": 201533
        },
        "2020-04": {
            "month": "2020-04",
            "price": "10.85",
            "revenue": 186625
        },
        "2020-05": {
            "month": "2020-05",
            "price": "12.63",
            "revenue": 172650
        },
        "2020-06": {
            "month": "2020-06",
            "price": "13.01",
            "revenue": 182098
        },
        "2020-07": {
            "month": "2020-07",
            "price": "13.56",
            "revenue": 186880
        },
        "2020-08": {
            "month": "2020-08",
            "price": "14.31",
            "revenue": 212511
        },
        "2020-09": {
            "month": "2020-09",
            "price": "14.93",
            "revenue": 212773
        },
        "2020-10": {
            "month": "2020-10",
            "price": "14.19",
            "revenue": 232627
        },
        "2020-11": {
            "month": "2020-11",
            "price": "14.15",
            "revenue": 274939
        },
        "2020-12": {
            "month": "2020-12",
            "price": "15.76",
            "revenue": 229997
        },
        "2021-01": {
            "month": "2021-01",
            "price": "17.95",
            "revenue": 238906
        },
        "2021-02": {
            "month": "2021-02",
            "price": "17.50",
            "revenue": 200461
        },
        "2021-03": {
            "month": "2021-03",
            "price": "18.40",
            "revenue": 242058
        },
        "2021-04": {
            "month": "2021-04",
            "price": "22.68",
            "revenue": 272549
        },
        "2021-05": {
            "month": "2021-05",
            "price": "19.24",
            "revenue": 268661
        },
        "2021-06": {
            "month": "2021-06",
            "price": "22.10",
            "revenue": 297469
        },
        "2021-07": {
            "month": "2021-07",
            "price": "27.96",
            "revenue": 267423
        },
        "2021-08": {
            "month": "2021-08",
            "price": "28.26",
            "revenue": 273778
        },
        "2021-09": {
            "month": "2021-09",
            "price": "26.35",
            "revenue": 262718
        },
        "2021-10": {
            "month": "2021-10",
            "price": "23.67",
            "revenue": 226178
        },
        "2021-11": {
            "month": "2021-11",
            "price": "27.12",
            "revenue": 239762
        },
        "2021-12": {
            "month": "2021-12",
            "price": "27.52",
            "revenue": 209441
        },
        "2022-01": {
            "month": "2022-01",
            "price": "26.16",
            "revenue": 238555
        },
        "2022-02": {
            "month": "2022-02",
            "price": "25.69",
            "revenue": 205336
        },
        "2022-03": {
            "month": "2022-03",
            "price": "23.82",
            "revenue": 245715
        },
        "2022-04": {
            "month": "2022-04",
            "price": "22.53",
            "revenue": 261230
        },
        "2022-05": {
            "month": "2022-05",
            "price": "22.00",
            "revenue": 242090
        },
        "2022-06": {
            "month": "2022-06",
            "price": "21.90",
            "revenue": 222639
        },
        "2022-07": {
            "month": "2022-07",
            "price": "19.10",
            "revenue": 178300
        },
        "2022-08": {
            "month": "2022-08",
            "price": "20.09",
            "revenue": 184060
        },
        "2022-09": {
            "month": "2022-09",
            "price": "18.08",
            "revenue": 179955
        },
        "2022-10": {
            "month": "2022-10",
            "price": "15.86",
            "revenue": 183147
        },
        "2022-11": {
            "month": "2022-11",
            "price": "17.43",
            "revenue": 166053
        },
        "2022-12": {
            "month": "2022-12",
            "price": "18.08",
            "revenue": 162463
        },
        "2023-01": {
            "month": "2023-01",
            "price": "17.92",
            "revenue": 171681
        },
        "2023-02": {
            "month": "2023-02",
            "price": "19.86",
            "revenue": 173623
        },
        "2023-03": {
            "month": "2023-03",
            "price": "23.22",
            "revenue": 170658
        },
        "2023-04": {
            "month": "2023-04",
            "price": "25.50",
            "revenue": 140980
        },
        "2023-05": {
            "month": "2023-05",
            "price": "24.00",
            "revenue": 166275
        }
    }
}
