{
    "summary": {
        "stock_name": "昱泉",
        "stock_id": "6169",
        "category": "文化創意",
        "main_business": "遊戲及教育軟體研究開發、生產、代理及銷售",
        "website_url": "http://www.interserv.com.tw",
        "ceo": "洪英超",
        "pe_ratio": -130,
        "report_year_from": 2001,
        "report_year_to": 2023,
        "age": 23,
        "eps_negative_percentage": 61,
        "eps_growth_avg": {
            "last_all": -21.2,
            "last_2y": -100,
            "last_4y": -100,
            "last_8y": -100,
            "last_12y": -100,
            "last_16y": -22.22,
            "last_20y": -11.35,
            "at_2006_last_3y": 21.25,
            "at_2007_last_3y": 3.06,
            "at_2008_last_3y": 27.29,
            "at_2009_last_3y": 66.67,
            "at_2010_last_3y": 16.67,
            "at_2011_last_3y": 33.33,
            "at_2012_last_3y": -33.33,
            "at_2013_last_3y": -100,
            "at_2014_last_3y": -100,
            "at_2015_last_3y": -100,
            "at_2016_last_3y": null,
            "at_2017_last_3y": null,
            "at_2018_last_3y": null,
            "at_2019_last_3y": null,
            "at_2020_last_3y": null,
            "at_2021_last_3y": null,
            "at_2022_last_3y": null,
            "at_2023_last_3y": -100,
            "at_2024_last_3y": -100,
            "at_2006_last_all": -19.17,
            "at_2007_last_all": -22.71,
            "at_2008_last_all": 1.83,
            "at_2009_last_all": 18.19,
            "at_2010_last_all": 1.31,
            "at_2011_last_all": 1.31,
            "at_2012_last_all": -11.35,
            "at_2013_last_all": -11.35,
            "at_2014_last_all": -11.35,
            "at_2015_last_all": -11.35,
            "at_2016_last_all": -11.35,
            "at_2017_last_all": -11.35,
            "at_2018_last_all": -11.35,
            "at_2019_last_all": -11.35,
            "at_2020_last_all": -11.35,
            "at_2021_last_all": -11.35,
            "at_2022_last_all": -11.35,
            "at_2023_last_all": -21.2,
            "at_2024_last_all": -21.2
        },
        "latest_eps": -0.17,
        "latest_price": 22.05,
        "latest_roe": -1.7,
        "latest_gross_margin": -11.35,
        "latest_equity": 318004,
        "latest_revenue": 5375,
        "latest_gross_profit": -610,
        "latest_net_income": -6817,
        "latest_debt_ratio": 25.15,
        "latest_current_ratio": 353.88,
        "latest_account_receivable_turnover_ratio": 1.32,
        "latest_inventory_turnover_ratio": null,
        "latest_reinvestment_rate": null,
        "latest_research_to_sale_ratio": 36.47
    },
    "eps_dividends": {
        "2001": {
            "cash": 0,
            "stock": 0,
            "eps": 1.61
        },
        "2002": {
            "cash": 0.3,
            "stock": 1.2,
            "eps": -3.31
        },
        "2003": {
            "cash": 0,
            "stock": 0,
            "eps": -7.72
        },
        "2004": {
            "cash": 0,
            "stock": 0,
            "eps": 0.4
        },
        "2005": {
            "cash": 0,
            "stock": 0,
            "eps": 0.17
        },
        "2006": {
            "cash": 0,
            "stock": 0,
            "eps": 1.2
        },
        "2007": {
            "cash": 0,
            "stock": 0,
            "eps": 0.8
        },
        "2008": {
            "cash": 0.52,
            "stock": 0,
            "eps": 4.22
        },
        "2009": {
            "cash": 3.95,
            "stock": 0,
            "eps": 19.4
        },
        "2010": {
            "cash": 9,
            "stock": 0,
            "eps": -0.45
        },
        "2011": {
            "cash": 0,
            "stock": 0,
            "eps": 1.07
        },
        "2012": {
            "cash": 1,
            "stock": 0,
            "eps": -2.82
        },
        "2013": {
            "cash": 0,
            "stock": 0,
            "eps": -2.31
        },
        "2014": {
            "cash": 0,
            "stock": 0,
            "eps": -3.28
        },
        "2015": {
            "cash": 0,
            "stock": 0,
            "eps": -4.59
        },
        "2016": {
            "cash": 0,
            "stock": 0,
            "eps": -4.5
        },
        "2017": {
            "cash": 0,
            "stock": 0,
            "eps": -1.61
        },
        "2018": {
            "cash": 0,
            "stock": 0,
            "eps": -2.8
        },
        "2019": {
            "cash": 0,
            "stock": 0,
            "eps": -0.63
        },
        "2020": {
            "cash": 0,
            "stock": 0,
            "eps": -1.19
        },
        "2021": {
            "cash": 0,
            "stock": 0,
            "eps": -0.71
        },
        "2022": {
            "cash": 0,
            "stock": 0,
            "eps": 0.24
        },
        "2023": {
            "cash": 0,
            "stock": 0,
            "eps": -0.81
        }
    },
    "dividends": {
        "2002-06-26": {
            "cash": 0.3,
            "stock": 1.2
        },
        "2008-03-25": {
            "cash": 0.52,
            "stock": 0
        },
        "2009-03-24": {
            "cash": 3.95,
            "stock": 0
        },
        "2010-04-19": {
            "cash": 9,
            "stock": 0
        },
        "2012-06-27": {
            "cash": 1,
            "stock": 0
        }
    },
    "prices": {
        "200101": "無",
        "200102": "無",
        "200103": "無",
        "200104": "無",
        "200105": "無",
        "200106": "無",
        "200107": "無",
        "200108": "無",
        "200109": "無",
        "200110": "無",
        "200111": "無",
        "200112": "無",
        "200201": "無",
        "200202": "無",
        "200203": "47.13",
        "200204": "48.46",
        "200205": "39.24",
        "200206": "33.89",
        "200207": "28.94",
        "200208": "24.09",
        "200209": "14.99",
        "200210": "15.93",
        "200211": "17.84",
        "200212": "16.39",
        "200301": "17.21",
        "200302": "16.81",
        "200303": "14.61",
        "200304": "12.49",
        "200305": "11.93",
        "200306": "13.06",
        "200307": "13.93",
        "200308": "13.50",
        "200309": "12.34",
        "200310": "10.63",
        "200311": "10.97",
        "200312": "12.67",
        "200401": "13.10",
        "200402": "14.76",
        "200403": "14.27",
        "200404": "14.32",
        "200405": "14.24",
        "200406": "13.36",
        "200407": "11.09",
        "200408": "11.56",
        "200409": "12.70",
        "200410": "13.10",
        "200411": "12.42",
        "200412": "11.57",
        "200501": "11.38",
        "200502": "11.37",
        "200503": "11.52",
        "200504": "12.38",
        "200505": "10.53",
        "200506": "13.35",
        "200507": "13.30",
        "200508": "10.47",
        "200509": "9.82",
        "200510": "9.44",
        "200511": "9.01",
        "200512": "9.12",
        "200601": "9.83",
        "200602": "11.11",
        "200603": "13.64",
        "200604": "16.44",
        "200605": "15.92",
        "200606": "15.28",
        "200607": "14.23",
        "200608": "14.78",
        "200609": "15.32",
        "200610": "16.55",
        "200611": "16.16",
        "200612": "19.90",
        "200701": "22.33",
        "200702": "22.17",
        "200703": "20.39",
        "200704": "20.75",
        "200705": "20.20",
        "200706": "20.88",
        "200707": "31.06",
        "200708": "31.10",
        "200709": "26.82",
        "200710": "28.46",
        "200711": "28.35",
        "200712": "24.08",
        "200801": "16.52",
        "200802": "14.89",
        "200803": "16.67",
        "200804": "18.02",
        "200805": "18.17",
        "200806": "16.97",
        "200807": "13.01",
        "200808": "11.67",
        "200809": "9.77",
        "200810": "8.66",
        "200811": "16.25",
        "200812": "29.52",
        "200901": "31.72",
        "200902": "31.01",
        "200903": "35.30",
        "200904": "47.60",
        "200905": "106.27",
        "200906": "100.36",
        "200907": "114.23",
        "200908": "124.95",
        "200909": "123.36",
        "200910": "125.11",
        "200911": "124.31",
        "200912": "123.96",
        "201001": "148.82",
        "201002": "152.82",
        "201003": "146.43",
        "201004": "144.55",
        "201005": "125.40",
        "201006": "120.79",
        "201007": "116.50",
        "201008": "87.98",
        "201009": "74.00",
        "201010": "66.02",
        "201011": "70.13",
        "201012": "73.50",
        "201101": "71.50",
        "201102": "58.68",
        "201103": "53.85",
        "201104": "50.83",
        "201105": "60.17",
        "201106": "66.90",
        "201107": "58.83",
        "201108": "39.41",
        "201109": "34.56",
        "201110": "34.24",
        "201111": "36.09",
        "201112": "30.19",
        "201201": "32.97",
        "201202": "38.31",
        "201203": "35.70",
        "201204": "30.94",
        "201205": "29.18",
        "201206": "28.31",
        "201207": "27.43",
        "201208": "21.80",
        "201209": "20.42",
        "201210": "21.26",
        "201211": "17.92",
        "201212": "25.18",
        "201301": "32.10",
        "201302": "28.74",
        "201303": "28.07",
        "201304": "25.09",
        "201305": "26.03",
        "201306": "29.06",
        "201307": "25.51",
        "201308": "24.13",
        "201309": "23.34",
        "201310": "23.40",
        "201311": "23.12",
        "201312": "23.41",
        "201401": "25.66",
        "201402": "23.99",
        "201403": "28.35",
        "201404": "30.30",
        "201405": "28.84",
        "201406": "29.36",
        "201407": "26.84",
        "201408": "23.35",
        "201409": "22.48",
        "201410": "21.22",
        "201411": "21.16",
        "201412": "22.81",
        "201501": "23.50",
        "201502": "22.73",
        "201503": "21.94",
        "201504": "21.31",
        "201505": "19.90",
        "201506": "18.07",
        "201507": "16.30",
        "201508": "12.40",
        "201509": "17.10",
        "201510": "19.80",
        "201511": "23.42",
        "201512": "27.94",
        "201601": "26.24",
        "201602": "26.66",
        "201603": "35.87",
        "201604": "33.19",
        "201605": "28.67",
        "201606": "30.23",
        "201607": "28.98",
        "201608": "31.25",
        "201609": "29.53",
        "201610": "27.97",
        "201611": "26.93",
        "201612": "26.75",
        "201701": "27.12",
        "201702": "25.78",
        "201703": "26.63",
        "201704": "25.37",
        "201705": "27.36",
        "201706": "35.77",
        "201707": "40.60",
        "201708": "43.01",
        "201709": "51.57",
        "201710": "44.32",
        "201711": "41.56",
        "201712": "38.99",
        "201801": "41.21",
        "201802": "37.35",
        "201803": "36.02",
        "201804": "37.14",
        "201805": "33.88",
        "201806": "32.66",
        "201807": "28.48",
        "201808": "23.89",
        "201809": "22.48",
        "201810": "20.58",
        "201811": "19.32",
        "201812": "20.65",
        "201901": "22.03",
        "201902": "22.58",
        "201903": "22.02",
        "201904": "16.11",
        "201905": "15.55",
        "201906": "14.16",
        "201907": "12.92",
        "201908": "11.40",
        "201909": "12.70",
        "201910": "17.94",
        "201911": "20.37",
        "201912": "29.15",
        "202001": "26.96",
        "202002": "36.87",
        "202003": "31.24",
        "202004": "30.36",
        "202005": "33.35",
        "202006": "44.58",
        "202007": "50.27",
        "202008": "32.23",
        "202009": "23.49",
        "202010": "22.27",
        "202011": "25.08",
        "202012": "28.43",
        "202101": "29.17",
        "202102": "27.49",
        "202103": "26.27",
        "202104": "27.10",
        "202105": "25.53",
        "202106": "24.88",
        "202107": "23.62",
        "202108": "20.66",
        "202109": "19.96",
        "202110": "19.34",
        "202111": "20.93",
        "202112": "25.00",
        "202201": "26.54",
        "202202": "24.23",
        "202203": "22.45",
        "202204": "21.79",
        "202205": "19.94",
        "202206": "21.72",
        "202207": "19.30",
        "202208": "19.56",
        "202209": "19.74",
        "202210": "17.94",
        "202211": "18.20",
        "202212": "19.61",
        "202301": "19.96",
        "202302": "19.27",
        "202303": "18.95",
        "202304": "19.19",
        "202305": "21.22",
        "202306": "23.88",
        "202307": "24.86",
        "202308": "21.21",
        "202309": "21.48",
        "202310": "21.77",
        "202311": "22.32",
        "202312": "23.09"
    },
    "quarters": {
        "20011": {
            "year_quarter": 20011,
            "year": 2001,
            "quarter": 1,
            "eps": -1.89,
            "eps_growth_year": null,
            "eps_4q": null,
            "eps_4q_growth_year": null,
            "roe": -7.56,
            "roe_4q": -7.56,
            "gross_profit": 8574,
            "gross_margin": 53.76,
            "gross_margin_4q_avg": 53.76,
            "net_income": -42566,
            "net_income_4q": null,
            "revenue": 15949,
            "revenue_4q": null,
            "common_shares": 239404,
            "book_valuer_per_share": 22.64,
            "book_valuer_per_share_4q_avg": 22.64,
            "equity": 542021,
            "current_ratio": 1433.4,
            "debt_ratio": 5.69,
            "inventory_turnover_ratio": 0.8,
            "account_receivable_turnover_ratio": null,
            "reinvestment_rate": null,
            "research_to_sale_ratio": null,
            "price_fair": 0,
            "eps_avg_yearly": 0,
            "eps_latest_yearly": 0,
            "eps_growth_yearly": 0
        },
        "20012": {
            "year_quarter": 20012,
            "year": 2001,
            "quarter": 2,
            "eps": 0.69,
            "eps_growth_year": null,
            "eps_4q": null,
            "eps_4q_growth_year": null,
            "roe": 2.99,
            "roe_4q": -4.569999999999999,
            "gross_profit": 53029,
            "gross_margin": 76.91,
            "gross_margin_4q_avg": 65.34,
            "net_income": 16493,
            "net_income_4q": null,
            "revenue": 68946,
            "revenue_4q": null,
            "common_shares": 239404,
            "book_valuer_per_share": 23.38,
            "book_valuer_per_share_4q_avg": 23.01,
            "equity": 559801,
            "current_ratio": 728.19,
            "debt_ratio": 8.51,
            "inventory_turnover_ratio": 1.8,
            "account_receivable_turnover_ratio": null,
            "reinvestment_rate": null,
            "research_to_sale_ratio": null,
            "price_fair": 0,
            "eps_avg_yearly": 0,
            "eps_latest_yearly": 0,
            "eps_growth_yearly": 0
        },
        "20013": {
            "year_quarter": 20013,
            "year": 2001,
            "quarter": 3,
            "eps": 2.02,
            "eps_growth_year": null,
            "eps_4q": null,
            "eps_4q_growth_year": null,
            "roe": 8.26,
            "roe_4q": 3.6900000000000004,
            "gross_profit": 113191,
            "gross_margin": 81.8,
            "gross_margin_4q_avg": 70.82,
            "net_income": 48243,
            "net_income_4q": null,
            "revenue": 138379,
            "revenue_4q": null,
            "common_shares": 239404,
            "book_valuer_per_share": 25.4,
            "book_valuer_per_share_4q_avg": 23.81,
            "equity": 608043,
            "current_ratio": 517.06,
            "debt_ratio": 12.11,
            "inventory_turnover_ratio": 2.74,
            "account_receivable_turnover_ratio": null,
            "reinvestment_rate": null,
            "research_to_sale_ratio": null,
            "price_fair": 0,
            "eps_avg_yearly": 0,
            "eps_latest_yearly": 0,
            "eps_growth_yearly": 0
        },
        "20014": {
            "year_quarter": 20014,
            "year": 2001,
            "quarter": 4,
            "eps": 0.79,
            "eps_growth_year": null,
            "eps_4q": 1.71,
            "eps_4q_growth_year": null,
            "roe": 3.07,
            "roe_4q": 6.760000000000001,
            "gross_profit": 75382,
            "gross_margin": 66.22,
            "gross_margin_4q_avg": 69.67,
            "net_income": 18950,
            "net_income_4q": null,
            "revenue": 113839,
            "revenue_4q": null,
            "common_shares": 239404,
            "book_valuer_per_share": 26.21,
            "book_valuer_per_share_4q_avg": 24.41,
            "equity": 627366,
            "current_ratio": 708.42,
            "debt_ratio": 10.54,
            "inventory_turnover_ratio": 4.36,
            "account_receivable_turnover_ratio": null,
            "reinvestment_rate": null,
            "research_to_sale_ratio": null,
            "price_fair": 0,
            "eps_avg_yearly": 0,
            "eps_latest_yearly": 0,
            "eps_growth_yearly": 0
        },
        "20021": {
            "year_quarter": 20021,
            "year": 2002,
            "quarter": 1,
            "eps": -0.74,
            "eps_growth_year": null,
            "eps_4q": 2.77,
            "eps_4q_growth_year": null,
            "roe": -2.85,
            "roe_4q": 11.47,
            "gross_profit": 35881,
            "gross_margin": 75.05,
            "gross_margin_4q_avg": 75,
            "net_income": -17633,
            "net_income_4q": null,
            "revenue": 47811,
            "revenue_4q": null,
            "common_shares": 239404,
            "book_valuer_per_share": 25.47,
            "book_valuer_per_share_4q_avg": 25.12,
            "equity": 609774,
            "current_ratio": 777.56,
            "debt_ratio": 7.31,
            "inventory_turnover_ratio": 1.46,
            "account_receivable_turnover_ratio": null,
            "reinvestment_rate": null,
            "research_to_sale_ratio": null,
            "price_fair": 0,
            "eps_avg_yearly": 0,
            "eps_latest_yearly": 0,
            "eps_growth_yearly": 0
        },
        "20022": {
            "year_quarter": 20022,
            "year": 2002,
            "quarter": 2,
            "eps": -1.02,
            "eps_growth_year": -247.83,
            "eps_4q": 1.05,
            "eps_4q_growth_year": null,
            "roe": -4.12,
            "roe_4q": 4.359999999999999,
            "gross_profit": 33417,
            "gross_margin": 74.08,
            "gross_margin_4q_avg": 74.29,
            "net_income": -24418,
            "net_income_4q": null,
            "revenue": 45108,
            "revenue_4q": null,
            "common_shares": 239404,
            "book_valuer_per_share": 24,
            "book_valuer_per_share_4q_avg": 25.27,
            "equity": 574617,
            "current_ratio": 662.89,
            "debt_ratio": 8.43,
            "inventory_turnover_ratio": 1.31,
            "account_receivable_turnover_ratio": null,
            "reinvestment_rate": null,
            "research_to_sale_ratio": null,
            "price_fair": 0,
            "eps_avg_yearly": 0,
            "eps_latest_yearly": 0,
            "eps_growth_yearly": 0
        },
        "20023": {
            "year_quarter": 20023,
            "year": 2002,
            "quarter": 3,
            "eps": -1.06,
            "eps_growth_year": -152.48,
            "eps_4q": -1.91,
            "eps_4q_growth_year": null,
            "roe": -5.16,
            "roe_4q": -9.06,
            "gross_profit": 31812,
            "gross_margin": 75.89,
            "gross_margin_4q_avg": 72.81,
            "net_income": -28999,
            "net_income_4q": null,
            "revenue": 41917,
            "revenue_4q": null,
            "common_shares": 273300,
            "book_valuer_per_share": 20.08,
            "book_valuer_per_share_4q_avg": 23.94,
            "equity": 548658,
            "current_ratio": 696.09,
            "debt_ratio": 7.74,
            "inventory_turnover_ratio": 1.05,
            "account_receivable_turnover_ratio": null,
            "reinvestment_rate": null,
            "research_to_sale_ratio": null,
            "price_fair": 0,
            "eps_avg_yearly": 0,
            "eps_latest_yearly": 0,
            "eps_growth_yearly": 0
        },
        "20024": {
            "year_quarter": 20024,
            "year": 2002,
            "quarter": 4,
            "eps": -0.49,
            "eps_growth_year": -162.03,
            "eps_4q": -3.09,
            "eps_4q_growth_year": -280.26,
            "roe": -2.47,
            "roe_4q": -14.6,
            "gross_profit": 53649,
            "gross_margin": 65.21,
            "gross_margin_4q_avg": 72.56,
            "net_income": -13359,
            "net_income_4q": null,
            "revenue": 82268,
            "revenue_4q": null,
            "common_shares": 273300,
            "book_valuer_per_share": 19.58,
            "book_valuer_per_share_4q_avg": 22.28,
            "equity": 535104,
            "current_ratio": 536.71,
            "debt_ratio": 14.18,
            "inventory_turnover_ratio": 1.09,
            "account_receivable_turnover_ratio": null,
            "reinvestment_rate": null,
            "research_to_sale_ratio": null,
            "price_fair": 0,
            "eps_avg_yearly": 0,
            "eps_latest_yearly": 0,
            "eps_growth_yearly": 0
        },
        "20031": {
            "year_quarter": 20031,
            "year": 2003,
            "quarter": 1,
            "eps": -2.57,
            "eps_growth_year": null,
            "eps_4q": -5.01,
            "eps_4q_growth_year": -280.82,
            "roe": -14.05,
            "roe_4q": -25.8,
            "gross_profit": 5432,
            "gross_margin": 95.1,
            "gross_margin_4q_avg": 77.57,
            "net_income": -70267,
            "net_income_4q": null,
            "revenue": 5712,
            "revenue_4q": null,
            "common_shares": 273300,
            "book_valuer_per_share": 17.01,
            "book_valuer_per_share_4q_avg": 20.17,
            "equity": 464887,
            "current_ratio": 519.61,
            "debt_ratio": 9.04,
            "inventory_turnover_ratio": 0.01,
            "account_receivable_turnover_ratio": null,
            "reinvestment_rate": null,
            "research_to_sale_ratio": null,
            "price_fair": 0,
            "eps_avg_yearly": 0,
            "eps_latest_yearly": 0,
            "eps_growth_yearly": 0
        },
        "20032": {
            "year_quarter": 20032,
            "year": 2003,
            "quarter": 2,
            "eps": -0.95,
            "eps_growth_year": null,
            "eps_4q": -5.07,
            "eps_4q_growth_year": -583.13,
            "roe": -5.76,
            "roe_4q": -27.44,
            "gross_profit": 17992,
            "gross_margin": 71.04,
            "gross_margin_4q_avg": 76.81,
            "net_income": -26043,
            "net_income_4q": null,
            "revenue": 25328,
            "revenue_4q": null,
            "common_shares": 273300,
            "book_valuer_per_share": 16.05,
            "book_valuer_per_share_4q_avg": 18.18,
            "equity": 438654,
            "current_ratio": 363.78,
            "debt_ratio": 15.52,
            "inventory_turnover_ratio": 0.24,
            "account_receivable_turnover_ratio": null,
            "reinvestment_rate": null,
            "research_to_sale_ratio": null,
            "price_fair": 0,
            "eps_avg_yearly": 0,
            "eps_latest_yearly": 0,
            "eps_growth_yearly": 0
        },
        "20033": {
            "year_quarter": 20033,
            "year": 2003,
            "quarter": 3,
            "eps": -0.79,
            "eps_growth_year": null,
            "eps_4q": -4.8,
            "eps_4q_growth_year": null,
            "roe": -5.03,
            "roe_4q": -27.31,
            "gross_profit": 32282,
            "gross_margin": 92.8,
            "gross_margin_4q_avg": 81.04,
            "net_income": -21496,
            "net_income_4q": null,
            "revenue": 34788,
            "revenue_4q": null,
            "common_shares": 273300,
            "book_valuer_per_share": 15.22,
            "book_valuer_per_share_4q_avg": 16.97,
            "equity": 416022,
            "current_ratio": 383.75,
            "debt_ratio": 15.45,
            "inventory_turnover_ratio": 0.09,
            "account_receivable_turnover_ratio": null,
            "reinvestment_rate": null,
            "research_to_sale_ratio": null,
            "price_fair": 0,
            "eps_avg_yearly": 0,
            "eps_latest_yearly": 0,
            "eps_growth_yearly": 0
        },
        "20034": {
            "year_quarter": 20034,
            "year": 2003,
            "quarter": 4,
            "eps": -3.41,
            "eps_growth_year": null,
            "eps_4q": -7.72,
            "eps_4q_growth_year": null,
            "roe": -26.5,
            "roe_4q": -51.34,
            "gross_profit": 4372,
            "gross_margin": 50.77,
            "gross_margin_4q_avg": 77.43,
            "net_income": -93161,
            "net_income_4q": null,
            "revenue": 8611,
            "revenue_4q": null,
            "common_shares": 273300,
            "book_valuer_per_share": 10.5,
            "book_valuer_per_share_4q_avg": 14.7,
            "equity": 287046,
            "current_ratio": 289.92,
            "debt_ratio": 38.89,
            "inventory_turnover_ratio": 0.3,
            "account_receivable_turnover_ratio": null,
            "reinvestment_rate": null,
            "research_to_sale_ratio": null,
            "price_fair": 0,
            "eps_avg_yearly": 0,
            "eps_latest_yearly": 0,
            "eps_growth_yearly": 0
        },
        "20041": {
            "year_quarter": 20041,
            "year": 2004,
            "quarter": 1,
            "eps": 0.09,
            "eps_growth_year": null,
            "eps_4q": -5.23,
            "eps_4q_growth_year": null,
            "roe": 0.83,
            "roe_4q": -36.46,
            "gross_profit": 30799,
            "gross_margin": 85.45,
            "gross_margin_4q_avg": 75.02,
            "net_income": 2381,
            "net_income_4q": null,
            "revenue": 36042,
            "revenue_4q": null,
            "common_shares": 273300,
            "book_valuer_per_share": 10.56,
            "book_valuer_per_share_4q_avg": 13.08,
            "equity": 288717,
            "current_ratio": 335.32,
            "debt_ratio": 37.42,
            "inventory_turnover_ratio": 1.27,
            "account_receivable_turnover_ratio": null,
            "reinvestment_rate": null,
            "research_to_sale_ratio": null,
            "price_fair": 0,
            "eps_avg_yearly": 0,
            "eps_latest_yearly": 0,
            "eps_growth_yearly": 0
        },
        "20042": {
            "year_quarter": 20042,
            "year": 2004,
            "quarter": 2,
            "eps": -0.19,
            "eps_growth_year": null,
            "eps_4q": -4.3,
            "eps_4q_growth_year": null,
            "roe": -1.8,
            "roe_4q": -32.5,
            "gross_profit": 34530,
            "gross_margin": 89.63,
            "gross_margin_4q_avg": 79.66,
            "net_income": -5154,
            "net_income_4q": null,
            "revenue": 38524,
            "revenue_4q": null,
            "common_shares": 273300,
            "book_valuer_per_share": 10.4,
            "book_valuer_per_share_4q_avg": 11.67,
            "equity": 284212,
            "current_ratio": 388.61,
            "debt_ratio": 36.49,
            "inventory_turnover_ratio": 0.9,
            "account_receivable_turnover_ratio": null,
            "reinvestment_rate": null,
            "research_to_sale_ratio": null,
            "price_fair": 0,
            "eps_avg_yearly": 0,
            "eps_latest_yearly": 0,
            "eps_growth_yearly": 0
        },
        "20043": {
            "year_quarter": 20043,
            "year": 2004,
            "quarter": 3,
            "eps": 0.35,
            "eps_growth_year": null,
            "eps_4q": -3.2,
            "eps_4q_growth_year": null,
            "roe": 3.35,
            "roe_4q": -24.12,
            "gross_profit": 38191,
            "gross_margin": 96.12,
            "gross_margin_4q_avg": 80.49,
            "net_income": 9457,
            "net_income_4q": null,
            "revenue": 39732,
            "revenue_4q": null,
            "common_shares": 273300,
            "book_valuer_per_share": 10.25,
            "book_valuer_per_share_4q_avg": 10.43,
            "equity": 280228,
            "current_ratio": 348.71,
            "debt_ratio": 38.47,
            "inventory_turnover_ratio": 0.52,
            "account_receivable_turnover_ratio": null,
            "reinvestment_rate": null,
            "research_to_sale_ratio": null,
            "price_fair": 0,
            "eps_avg_yearly": 0,
            "eps_latest_yearly": 0,
            "eps_growth_yearly": 0
        },
        "20044": {
            "year_quarter": 20044,
            "year": 2004,
            "quarter": 4,
            "eps": 0.15,
            "eps_growth_year": null,
            "eps_4q": 0.4,
            "eps_4q_growth_year": null,
            "roe": 1.44,
            "roe_4q": 3.8200000000000003,
            "gross_profit": 47585,
            "gross_margin": 93.96,
            "gross_margin_4q_avg": 91.29,
            "net_income": 4010,
            "net_income_4q": null,
            "revenue": 50645,
            "revenue_4q": null,
            "common_shares": 273300,
            "book_valuer_per_share": 10.17,
            "book_valuer_per_share_4q_avg": 10.35,
            "equity": 277870,
            "current_ratio": 219.1,
            "debt_ratio": 41.17,
            "inventory_turnover_ratio": 0.98,
            "account_receivable_turnover_ratio": null,
            "reinvestment_rate": null,
            "research_to_sale_ratio": null,
            "price_fair": 1.8,
            "eps_avg_yearly": 0.6,
            "eps_latest_yearly": 0.6,
            "eps_growth_yearly": -228.57
        },
        "20051": {
            "year_quarter": 20051,
            "year": 2005,
            "quarter": 1,
            "eps": -0.36,
            "eps_growth_year": -500,
            "eps_4q": -0.04,
            "eps_4q_growth_year": null,
            "roe": -3.46,
            "roe_4q": -0.47,
            "gross_profit": 33484,
            "gross_margin": 94.09,
            "gross_margin_4q_avg": 93.45,
            "net_income": -9445,
            "net_income_4q": null,
            "revenue": 35589,
            "revenue_4q": null,
            "common_shares": 273300,
            "book_valuer_per_share": 9.81,
            "book_valuer_per_share_4q_avg": 10.16,
            "equity": 268200,
            "current_ratio": 1268.99,
            "debt_ratio": 29.85,
            "inventory_turnover_ratio": 0.69,
            "account_receivable_turnover_ratio": null,
            "reinvestment_rate": null,
            "research_to_sale_ratio": null,
            "price_fair": 1.8,
            "eps_avg_yearly": 0.6,
            "eps_latest_yearly": 0.6,
            "eps_growth_yearly": -228.57
        },
        "20052": {
            "year_quarter": 20052,
            "year": 2005,
            "quarter": 2,
            "eps": -0.36,
            "eps_growth_year": null,
            "eps_4q": -0.2,
            "eps_4q_growth_year": null,
            "roe": -3.55,
            "roe_4q": -2.22,
            "gross_profit": 42479,
            "gross_margin": 95.48,
            "gross_margin_4q_avg": 94.91,
            "net_income": -9354,
            "net_income_4q": null,
            "revenue": 44490,
            "revenue_4q": null,
            "common_shares": 273300,
            "book_valuer_per_share": 9.48,
            "book_valuer_per_share_4q_avg": 9.93,
            "equity": 259136,
            "current_ratio": 1000.41,
            "debt_ratio": 28.64,
            "inventory_turnover_ratio": 0.73,
            "account_receivable_turnover_ratio": null,
            "reinvestment_rate": null,
            "research_to_sale_ratio": null,
            "price_fair": 1.8,
            "eps_avg_yearly": 0.6,
            "eps_latest_yearly": 0.6,
            "eps_growth_yearly": -228.57
        },
        "20053": {
            "year_quarter": 20053,
            "year": 2005,
            "quarter": 3,
            "eps": 0.07,
            "eps_growth_year": -80,
            "eps_4q": -0.49,
            "eps_4q_growth_year": null,
            "roe": 0.7,
            "roe_4q": -4.869999999999999,
            "gross_profit": 40123,
            "gross_margin": 96.85,
            "gross_margin_4q_avg": 95.1,
            "net_income": 1836,
            "net_income_4q": null,
            "revenue": 41428,
            "revenue_4q": null,
            "common_shares": 273300,
            "book_valuer_per_share": 9.65,
            "book_valuer_per_share_4q_avg": 9.78,
            "equity": 263790,
            "current_ratio": 957.37,
            "debt_ratio": 25.33,
            "inventory_turnover_ratio": 0.55,
            "account_receivable_turnover_ratio": null,
            "reinvestment_rate": null,
            "research_to_sale_ratio": null,
            "price_fair": 1.8,
            "eps_avg_yearly": 0.6,
            "eps_latest_yearly": 0.6,
            "eps_growth_yearly": -228.57
        },
        "20054": {
            "year_quarter": 20054,
            "year": 2005,
            "quarter": 4,
            "eps": 0.82,
            "eps_growth_year": 446.67,
            "eps_4q": 0.17,
            "eps_4q_growth_year": -58.32,
            "roe": 7.76,
            "roe_4q": 1.4499999999999993,
            "gross_profit": 64211,
            "gross_margin": 98.02,
            "gross_margin_4q_avg": 96.11,
            "net_income": 21293,
            "net_income_4q": null,
            "revenue": 65506,
            "revenue_4q": null,
            "common_shares": 273300,
            "book_valuer_per_share": 10.43,
            "book_valuer_per_share_4q_avg": 9.84,
            "equity": 285003,
            "current_ratio": 387.17,
            "debt_ratio": 25.28,
            "inventory_turnover_ratio": 0.69,
            "account_receivable_turnover_ratio": null,
            "reinvestment_rate": null,
            "research_to_sale_ratio": null,
            "price_fair": 67.9,
            "eps_avg_yearly": 1.94,
            "eps_latest_yearly": 3.28,
            "eps_growth_yearly": 2028.57
        },
        "20061": {
            "year_quarter": 20061,
            "year": 2006,
            "quarter": 1,
            "eps": 0.34,
            "eps_growth_year": null,
            "eps_4q": 0.87,
            "eps_4q_growth_year": null,
            "roe": 3.05,
            "roe_4q": 7.959999999999998,
            "gross_profit": 43296,
            "gross_margin": 72.56,
            "gross_margin_4q_avg": 90.73,
            "net_income": 8814,
            "net_income_4q": null,
            "revenue": 59669,
            "revenue_4q": null,
            "common_shares": 273300,
            "book_valuer_per_share": 10.74,
            "book_valuer_per_share_4q_avg": 10.08,
            "equity": 293557,
            "current_ratio": 459.07,
            "debt_ratio": 19.3,
            "inventory_turnover_ratio": 11.75,
            "account_receivable_turnover_ratio": null,
            "reinvestment_rate": null,
            "research_to_sale_ratio": null,
            "price_fair": 61.13,
            "eps_avg_yearly": 1.75,
            "eps_latest_yearly": 1.36,
            "eps_growth_yearly": 1274.33
        },
        "20062": {
            "year_quarter": 20062,
            "year": 2006,
            "quarter": 2,
            "eps": 0.25,
            "eps_growth_year": null,
            "eps_4q": 1.48,
            "eps_4q_growth_year": null,
            "roe": 2.15,
            "roe_4q": 13.659999999999998,
            "gross_profit": 40983,
            "gross_margin": 69,
            "gross_margin_4q_avg": 84.11,
            "net_income": 6481,
            "net_income_4q": null,
            "revenue": 59395,
            "revenue_4q": null,
            "common_shares": 273960,
            "book_valuer_per_share": 11.28,
            "book_valuer_per_share_4q_avg": 10.53,
            "equity": 308913,
            "current_ratio": 1086.71,
            "debt_ratio": 17.31,
            "inventory_turnover_ratio": 15.76,
            "account_receivable_turnover_ratio": null,
            "reinvestment_rate": null,
            "research_to_sale_ratio": null,
            "price_fair": 54.6,
            "eps_avg_yearly": 1.56,
            "eps_latest_yearly": 1,
            "eps_growth_yearly": 929.28
        },
        "20063": {
            "year_quarter": 20063,
            "year": 2006,
            "quarter": 3,
            "eps": 0.2,
            "eps_growth_year": 185.71,
            "eps_4q": 1.57,
            "eps_4q_growth_year": null,
            "roe": 1.72,
            "roe_4q": 14.68,
            "gross_profit": 34976,
            "gross_margin": 65.11,
            "gross_margin_4q_avg": 76.17,
            "net_income": 5357,
            "net_income_4q": null,
            "revenue": 53718,
            "revenue_4q": null,
            "common_shares": 273960,
            "book_valuer_per_share": 11.51,
            "book_valuer_per_share_4q_avg": 10.99,
            "equity": 315437,
            "current_ratio": 534.95,
            "debt_ratio": 15.87,
            "inventory_turnover_ratio": 19.86,
            "account_receivable_turnover_ratio": null,
            "reinvestment_rate": null,
            "research_to_sale_ratio": null,
            "price_fair": 49.28,
            "eps_avg_yearly": 1.41,
            "eps_latest_yearly": 0.8,
            "eps_growth_yearly": 727.42
        },
        "20064": {
            "year_quarter": 20064,
            "year": 2006,
            "quarter": 4,
            "eps": 0.41,
            "eps_growth_year": -50,
            "eps_4q": 1.19,
            "eps_4q_growth_year": 613.36,
            "roe": 3.36,
            "roe_4q": 10.280000000000001,
            "gross_profit": 40357,
            "gross_margin": 64.65,
            "gross_margin_4q_avg": 67.83,
            "net_income": 10862,
            "net_income_4q": null,
            "revenue": 62421,
            "revenue_4q": null,
            "common_shares": 274400,
            "book_valuer_per_share": 12.04,
            "book_valuer_per_share_4q_avg": 11.39,
            "equity": 330354,
            "current_ratio": 572.58,
            "debt_ratio": 17.68,
            "inventory_turnover_ratio": 44.53,
            "account_receivable_turnover_ratio": null,
            "reinvestment_rate": null,
            "research_to_sale_ratio": null,
            "price_fair": 50.63,
            "eps_avg_yearly": 1.45,
            "eps_latest_yearly": 1.64,
            "eps_growth_yearly": 676.19
        },
        "20071": {
            "year_quarter": 20071,
            "year": 2007,
            "quarter": 1,
            "eps": -0.39,
            "eps_growth_year": -214.71,
            "eps_4q": 0.44,
            "eps_4q_growth_year": -48.95,
            "roe": -3.22,
            "roe_4q": 4.01,
            "gross_profit": 17402,
            "gross_margin": 52.31,
            "gross_margin_4q_avg": 62.77,
            "net_income": -10605,
            "net_income_4q": null,
            "revenue": 33266,
            "revenue_4q": null,
            "common_shares": 275950,
            "book_valuer_per_share": 11.86,
            "book_valuer_per_share_4q_avg": 11.67,
            "equity": 327357,
            "current_ratio": 827.9,
            "debt_ratio": 12.67,
            "inventory_turnover_ratio": 207.37,
            "account_receivable_turnover_ratio": null,
            "reinvestment_rate": null,
            "research_to_sale_ratio": null,
            "price_fair": 50.63,
            "eps_avg_yearly": 1.45,
            "eps_latest_yearly": 1.64,
            "eps_growth_yearly": 676.19
        },
        "20072": {
            "year_quarter": 20072,
            "year": 2007,
            "quarter": 2,
            "eps": -0.07,
            "eps_growth_year": -128,
            "eps_4q": 0.14,
            "eps_4q_growth_year": -90.73,
            "roe": -0.56,
            "roe_4q": 1.2999999999999996,
            "gross_profit": 30156,
            "gross_margin": 66.29,
            "gross_margin_4q_avg": 62.09,
            "net_income": -1822,
            "net_income_4q": null,
            "revenue": 45494,
            "revenue_4q": null,
            "common_shares": 275950,
            "book_valuer_per_share": 11.86,
            "book_valuer_per_share_4q_avg": 11.82,
            "equity": 327219,
            "current_ratio": 1102.68,
            "debt_ratio": 11.01,
            "inventory_turnover_ratio": 184.8,
            "account_receivable_turnover_ratio": null,
            "reinvestment_rate": null,
            "research_to_sale_ratio": null,
            "price_fair": 50.63,
            "eps_avg_yearly": 1.45,
            "eps_latest_yearly": 1.64,
            "eps_growth_yearly": 676.19
        },
        "20073": {
            "year_quarter": 20073,
            "year": 2007,
            "quarter": 3,
            "eps": 0.77,
            "eps_growth_year": 285,
            "eps_4q": 0.71,
            "eps_4q_growth_year": -54.44,
            "roe": 6.28,
            "roe_4q": 5.86,
            "gross_profit": 46150,
            "gross_margin": 73.15,
            "gross_margin_4q_avg": 64.1,
            "net_income": 21310,
            "net_income_4q": null,
            "revenue": 63086,
            "revenue_4q": null,
            "common_shares": 277860,
            "book_valuer_per_share": 12.65,
            "book_valuer_per_share_4q_avg": 12.1,
            "equity": 351597,
            "current_ratio": 1705.27,
            "debt_ratio": 8.48,
            "inventory_turnover_ratio": 193.55,
            "account_receivable_turnover_ratio": null,
            "reinvestment_rate": null,
            "research_to_sale_ratio": null,
            "price_fair": 50.63,
            "eps_avg_yearly": 1.45,
            "eps_latest_yearly": 1.64,
            "eps_growth_yearly": 676.19
        },
        "20074": {
            "year_quarter": 20074,
            "year": 2007,
            "quarter": 4,
            "eps": 0.49,
            "eps_growth_year": 19.51,
            "eps_4q": 0.81,
            "eps_4q_growth_year": -31.81,
            "roe": 3.77,
            "roe_4q": 6.27,
            "gross_profit": 53273,
            "gross_margin": 79.77,
            "gross_margin_4q_avg": 67.88,
            "net_income": 13555,
            "net_income_4q": null,
            "revenue": 66780,
            "revenue_4q": null,
            "common_shares": 278680,
            "book_valuer_per_share": 13.16,
            "book_valuer_per_share_4q_avg": 12.38,
            "equity": 366823,
            "current_ratio": 952.66,
            "debt_ratio": 12.54,
            "inventory_turnover_ratio": 192.96,
            "account_receivable_turnover_ratio": null,
            "reinvestment_rate": -55.07,
            "research_to_sale_ratio": null,
            "price_fair": 53.2,
            "eps_avg_yearly": 1.52,
            "eps_latest_yearly": 1.96,
            "eps_growth_yearly": 558.81
        },
        "20081": {
            "year_quarter": 20081,
            "year": 2008,
            "quarter": 1,
            "eps": -1.15,
            "eps_growth_year": null,
            "eps_4q": 0.09,
            "eps_4q_growth_year": -80.08,
            "roe": -8.95,
            "roe_4q": 0.5400000000000005,
            "gross_profit": 23160,
            "gross_margin": 59.04,
            "gross_margin_4q_avg": 69.56,
            "net_income": -30679,
            "net_income_4q": null,
            "revenue": 39227,
            "revenue_4q": null,
            "common_shares": 278900,
            "book_valuer_per_share": 11.44,
            "book_valuer_per_share_4q_avg": 12.28,
            "equity": 319068,
            "current_ratio": 1250.3,
            "debt_ratio": 11.25,
            "inventory_turnover_ratio": 236.28,
            "account_receivable_turnover_ratio": null,
            "reinvestment_rate": -53.71,
            "research_to_sale_ratio": null,
            "price_fair": 53.2,
            "eps_avg_yearly": 1.52,
            "eps_latest_yearly": 1.96,
            "eps_growth_yearly": 558.81
        },
        "20082": {
            "year_quarter": 20082,
            "year": 2008,
            "quarter": 2,
            "eps": -0.14,
            "eps_growth_year": null,
            "eps_4q": 0.01,
            "eps_4q_growth_year": -89.75,
            "roe": -1.23,
            "roe_4q": -0.1299999999999999,
            "gross_profit": 35450,
            "gross_margin": 64.15,
            "gross_margin_4q_avg": 69.03,
            "net_income": -3793,
            "net_income_4q": null,
            "revenue": 55263,
            "revenue_4q": null,
            "common_shares": 278900,
            "book_valuer_per_share": 10.6,
            "book_valuer_per_share_4q_avg": 11.96,
            "equity": 295606,
            "current_ratio": 540.17,
            "debt_ratio": 18.03,
            "inventory_turnover_ratio": 279.06,
            "account_receivable_turnover_ratio": null,
            "reinvestment_rate": -38.72,
            "research_to_sale_ratio": null,
            "price_fair": 53.2,
            "eps_avg_yearly": 1.52,
            "eps_latest_yearly": 1.96,
            "eps_growth_yearly": 558.81
        },
        "20083": {
            "year_quarter": 20083,
            "year": 2008,
            "quarter": 3,
            "eps": 1.67,
            "eps_growth_year": 116.88,
            "eps_4q": 0.89,
            "eps_4q_growth_year": 24.33,
            "roe": 13.96,
            "roe_4q": 7.550000000000001,
            "gross_profit": 49818,
            "gross_margin": 68.22,
            "gross_margin_4q_avg": 67.8,
            "net_income": 44614,
            "net_income_4q": null,
            "revenue": 73026,
            "revenue_4q": null,
            "common_shares": 279200,
            "book_valuer_per_share": 12.31,
            "book_valuer_per_share_4q_avg": 11.88,
            "equity": 343567,
            "current_ratio": 862.14,
            "debt_ratio": 35.17,
            "inventory_turnover_ratio": 483.5,
            "account_receivable_turnover_ratio": null,
            "reinvestment_rate": 261.64,
            "research_to_sale_ratio": null,
            "price_fair": 53.2,
            "eps_avg_yearly": 1.52,
            "eps_latest_yearly": 1.96,
            "eps_growth_yearly": 558.81
        },
        "20084": {
            "year_quarter": 20084,
            "year": 2008,
            "quarter": 4,
            "eps": 3.84,
            "eps_growth_year": 683.67,
            "eps_4q": 4.22,
            "eps_4q_growth_year": 420.35,
            "roe": 25.88,
            "roe_4q": 29.660000000000007,
            "gross_profit": 169812,
            "gross_margin": 86.58,
            "gross_margin_4q_avg": 69.5,
            "net_income": 102310,
            "net_income_4q": null,
            "revenue": 196134,
            "revenue_4q": null,
            "common_shares": 279410,
            "book_valuer_per_share": 16,
            "book_valuer_per_share_4q_avg": 12.59,
            "equity": 447040,
            "current_ratio": 301.24,
            "debt_ratio": 47.58,
            "inventory_turnover_ratio": 1284,
            "account_receivable_turnover_ratio": 19.31,
            "reinvestment_rate": 98.66,
            "research_to_sale_ratio": null,
            "price_fair": 127,
            "eps_avg_yearly": 3.63,
            "eps_latest_yearly": 15.36,
            "eps_growth_yearly": 665.71
        },
        "20091": {
            "year_quarter": 20091,
            "year": 2009,
            "quarter": 1,
            "eps": 21.25,
            "eps_growth_year": null,
            "eps_4q": 26.65,
            "eps_4q_growth_year": 29975.75,
            "roe": 77.87,
            "roe_4q": 116.48,
            "gross_profit": 37093,
            "gross_margin": 80.04,
            "gross_margin_4q_avg": 74.75,
            "net_income": 563109,
            "net_income_4q": null,
            "revenue": 46343,
            "revenue_4q": null,
            "common_shares": 279410,
            "book_valuer_per_share": 35.76,
            "book_valuer_per_share_4q_avg": 18.67,
            "equity": 999201,
            "current_ratio": 740.89,
            "debt_ratio": 33.37,
            "inventory_turnover_ratio": 1088.24,
            "account_receivable_turnover_ratio": 2.81,
            "reinvestment_rate": 20.51,
            "research_to_sale_ratio": null,
            "price_fair": 483,
            "eps_avg_yearly": 13.8,
            "eps_latest_yearly": 85,
            "eps_growth_yearly": 809.19
        },
        "20092": {
            "year_quarter": 20092,
            "year": 2009,
            "quarter": 2,
            "eps": -5.62,
            "eps_growth_year": null,
            "eps_4q": 20.06,
            "eps_4q_growth_year": 142278.29,
            "roe": -17.08,
            "roe_4q": 100.63,
            "gross_profit": 33437,
            "gross_margin": 97.62,
            "gross_margin_4q_avg": 83.12,
            "net_income": -149466,
            "net_income_4q": null,
            "revenue": 34251,
            "revenue_4q": null,
            "common_shares": 279410,
            "book_valuer_per_share": 26.87,
            "book_valuer_per_share_4q_avg": 22.74,
            "equity": 750844,
            "current_ratio": 328.07,
            "debt_ratio": 45.26,
            "inventory_turnover_ratio": null,
            "account_receivable_turnover_ratio": 3.69,
            "reinvestment_rate": 27.96,
            "research_to_sale_ratio": null,
            "price_fair": 483,
            "eps_avg_yearly": 13.8,
            "eps_latest_yearly": 85,
            "eps_growth_yearly": 809.19
        },
        "20093": {
            "year_quarter": 20093,
            "year": 2009,
            "quarter": 3,
            "eps": 4.73,
            "eps_growth_year": 183.23,
            "eps_4q": 24.07,
            "eps_4q_growth_year": 2613.05,
            "roe": 15.63,
            "roe_4q": 102.3,
            "gross_profit": 160624,
            "gross_margin": 99.42,
            "gross_margin_4q_avg": 90.92,
            "net_income": 126216,
            "net_income_4q": null,
            "revenue": 161567,
            "revenue_4q": null,
            "common_shares": 279410,
            "book_valuer_per_share": 30.93,
            "book_valuer_per_share_4q_avg": 27.39,
            "equity": 864224,
            "current_ratio": 487.03,
            "debt_ratio": 35.27,
            "inventory_turnover_ratio": 85.73,
            "account_receivable_turnover_ratio": 4.39,
            "reinvestment_rate": 23.31,
            "research_to_sale_ratio": null,
            "price_fair": 483,
            "eps_avg_yearly": 13.8,
            "eps_latest_yearly": 85,
            "eps_growth_yearly": 809.19
        },
        "20094": {
            "year_quarter": 20094,
            "year": 2009,
            "quarter": 4,
            "eps": -0.96,
            "eps_growth_year": -125,
            "eps_4q": 18.9,
            "eps_4q_growth_year": 347.85,
            "roe": -2.96,
            "roe_4q": 73.46000000000001,
            "gross_profit": 32386,
            "gross_margin": 93.32,
            "gross_margin_4q_avg": 92.6,
            "net_income": -25624,
            "net_income_4q": null,
            "revenue": 34704,
            "revenue_4q": null,
            "common_shares": 279410,
            "book_valuer_per_share": 32.03,
            "book_valuer_per_share_4q_avg": 31.4,
            "equity": 868897,
            "current_ratio": 458.54,
            "debt_ratio": 33.76,
            "inventory_turnover_ratio": 100.78,
            "account_receivable_turnover_ratio": 0.99,
            "reinvestment_rate": 26.77,
            "research_to_sale_ratio": null,
            "price_fair": 535.6,
            "eps_avg_yearly": 15.3,
            "eps_latest_yearly": 85,
            "eps_growth_yearly": 312.55
        },
        "20101": {
            "year_quarter": 20101,
            "year": 2010,
            "quarter": 1,
            "eps": -0.29,
            "eps_growth_year": -101.36,
            "eps_4q": -2.09,
            "eps_4q_growth_year": -107.84,
            "roe": -0.93,
            "roe_4q": -5.339999999999998,
            "gross_profit": 36800,
            "gross_margin": 36.26,
            "gross_margin_4q_avg": 81.66,
            "net_income": -8093,
            "net_income_4q": null,
            "revenue": 101487,
            "revenue_4q": null,
            "common_shares": 280855,
            "book_valuer_per_share": 31.59,
            "book_valuer_per_share_4q_avg": 30.36,
            "equity": 878858,
            "current_ratio": 435.23,
            "debt_ratio": 33.21,
            "inventory_turnover_ratio": 1558.72,
            "account_receivable_turnover_ratio": 1.95,
            "reinvestment_rate": 27.27,
            "research_to_sale_ratio": 18.06,
            "price_fair": 616.93,
            "eps_avg_yearly": 17.63,
            "eps_latest_yearly": 85,
            "eps_growth_yearly": 403.66
        },
        "20102": {
            "year_quarter": 20102,
            "year": 2010,
            "quarter": 2,
            "eps": -0.45,
            "eps_growth_year": null,
            "eps_4q": 2.92,
            "eps_4q_growth_year": -85.44,
            "roe": -1.63,
            "roe_4q": 10.110000000000001,
            "gross_profit": 49221,
            "gross_margin": 45.76,
            "gross_margin_4q_avg": 68.69,
            "net_income": -12582,
            "net_income_4q": null,
            "revenue": 107571,
            "revenue_4q": null,
            "common_shares": 280855,
            "book_valuer_per_share": 23.66,
            "book_valuer_per_share_4q_avg": 29.55,
            "equity": 668796,
            "current_ratio": 241,
            "debt_ratio": 46.17,
            "inventory_turnover_ratio": 505.19,
            "account_receivable_turnover_ratio": 2.65,
            "reinvestment_rate": 28.17,
            "research_to_sale_ratio": 17.32,
            "price_fair": 733.32,
            "eps_avg_yearly": 20.95,
            "eps_latest_yearly": 85,
            "eps_growth_yearly": 505.57
        },
        "20103": {
            "year_quarter": 20103,
            "year": 2010,
            "quarter": 3,
            "eps": -0.44,
            "eps_growth_year": -109.32,
            "eps_4q": -2.11,
            "eps_4q_growth_year": -108.78,
            "roe": -1.79,
            "roe_4q": -7.31,
            "gross_profit": 47144,
            "gross_margin": 42.67,
            "gross_margin_4q_avg": 54.5,
            "net_income": -11861,
            "net_income_4q": null,
            "revenue": 110489,
            "revenue_4q": null,
            "common_shares": 280855,
            "book_valuer_per_share": 23.08,
            "book_valuer_per_share_4q_avg": 27.59,
            "equity": 653373,
            "current_ratio": 394.95,
            "debt_ratio": 31.98,
            "inventory_turnover_ratio": 489.15,
            "account_receivable_turnover_ratio": 2.3,
            "reinvestment_rate": 28.93,
            "research_to_sale_ratio": 17.09,
            "price_fair": 909.65,
            "eps_avg_yearly": 25.99,
            "eps_latest_yearly": 85,
            "eps_growth_yearly": 651.96
        },
        "20104": {
            "year_quarter": 20104,
            "year": 2010,
            "quarter": 4,
            "eps": 0.73,
            "eps_growth_year": null,
            "eps_4q": -0.43,
            "eps_4q_growth_year": -102.29,
            "roe": 3.18,
            "roe_4q": -1.17,
            "gross_profit": 45541,
            "gross_margin": 40.28,
            "gross_margin_4q_avg": 41.24,
            "net_income": 20719,
            "net_income_4q": null,
            "revenue": 113063,
            "revenue_4q": null,
            "common_shares": 280855,
            "book_valuer_per_share": 22.63,
            "book_valuer_per_share_4q_avg": 25.24,
            "equity": 648561,
            "current_ratio": 396.64,
            "debt_ratio": 28.13,
            "inventory_turnover_ratio": 931.34,
            "account_receivable_turnover_ratio": 2.44,
            "reinvestment_rate": 26.14,
            "research_to_sale_ratio": 17.62,
            "price_fair": 1193.73,
            "eps_avg_yearly": 34.11,
            "eps_latest_yearly": 85,
            "eps_growth_yearly": 729.28
        },
        "20111": {
            "year_quarter": 20111,
            "year": 2011,
            "quarter": 1,
            "eps": 0.58,
            "eps_growth_year": null,
            "eps_4q": 0.43,
            "eps_4q_growth_year": null,
            "roe": 2.43,
            "roe_4q": 2.1900000000000004,
            "gross_profit": 51620,
            "gross_margin": 43.75,
            "gross_margin_4q_avg": 43.12,
            "net_income": 16139,
            "net_income_4q": null,
            "revenue": 117976,
            "revenue_4q": null,
            "common_shares": 281915,
            "book_valuer_per_share": 23.49,
            "book_valuer_per_share_4q_avg": 23.22,
            "equity": 677270,
            "current_ratio": 410.33,
            "debt_ratio": 23.66,
            "inventory_turnover_ratio": 1134.29,
            "account_receivable_turnover_ratio": 2.94,
            "reinvestment_rate": 27.06,
            "research_to_sale_ratio": 16.47,
            "price_fair": 915.6,
            "eps_avg_yearly": 26.16,
            "eps_latest_yearly": 2.32,
            "eps_growth_yearly": 526.41
        },
        "20112": {
            "year_quarter": 20112,
            "year": 2011,
            "quarter": 2,
            "eps": 0.45,
            "eps_growth_year": null,
            "eps_4q": 1.32,
            "eps_4q_growth_year": -54.77,
            "roe": 1.87,
            "roe_4q": 5.69,
            "gross_profit": 55766,
            "gross_margin": 43.93,
            "gross_margin_4q_avg": 42.66,
            "net_income": 12749,
            "net_income_4q": null,
            "revenue": 126954,
            "revenue_4q": null,
            "common_shares": 282135,
            "book_valuer_per_share": 23.82,
            "book_valuer_per_share_4q_avg": 23.26,
            "equity": 685871,
            "current_ratio": 457.57,
            "debt_ratio": 21.62,
            "inventory_turnover_ratio": 873.47,
            "account_receivable_turnover_ratio": 3.16,
            "reinvestment_rate": 26.4,
            "research_to_sale_ratio": 14.81,
            "price_fair": 745.08,
            "eps_avg_yearly": 21.29,
            "eps_latest_yearly": 1.8,
            "eps_growth_yearly": 403.2
        },
        "20113": {
            "year_quarter": 20113,
            "year": 2011,
            "quarter": 3,
            "eps": 0.27,
            "eps_growth_year": null,
            "eps_4q": 2.02,
            "eps_4q_growth_year": null,
            "roe": 1.13,
            "roe_4q": 8.61,
            "gross_profit": 50537,
            "gross_margin": 40.91,
            "gross_margin_4q_avg": 42.22,
            "net_income": 7887,
            "net_income_4q": null,
            "revenue": 123538,
            "revenue_4q": null,
            "common_shares": 282760,
            "book_valuer_per_share": 24.49,
            "book_valuer_per_share_4q_avg": 23.61,
            "equity": 706432,
            "current_ratio": 554.67,
            "debt_ratio": 19.36,
            "inventory_turnover_ratio": 588.72,
            "account_receivable_turnover_ratio": 2.97,
            "reinvestment_rate": 26.82,
            "research_to_sale_ratio": 15.13,
            "price_fair": 627.2,
            "eps_avg_yearly": 17.92,
            "eps_latest_yearly": 1.08,
            "eps_growth_yearly": 309.33
        },
        "20114": {
            "year_quarter": 20114,
            "year": 2011,
            "quarter": 4,
            "eps": -0.23,
            "eps_growth_year": -131.24,
            "eps_4q": 1.06,
            "eps_4q_growth_year": null,
            "roe": -1.01,
            "roe_4q": 4.42,
            "gross_profit": 33493,
            "gross_margin": 29.73,
            "gross_margin_4q_avg": 39.58,
            "net_income": -7102,
            "net_income_4q": null,
            "revenue": 112659,
            "revenue_4q": null,
            "common_shares": 282760,
            "book_valuer_per_share": 24.28,
            "book_valuer_per_share_4q_avg": 24.02,
            "equity": 704578,
            "current_ratio": 687.05,
            "debt_ratio": 17.43,
            "inventory_turnover_ratio": 545.97,
            "account_receivable_turnover_ratio": 2.81,
            "reinvestment_rate": 26.06,
            "research_to_sale_ratio": 13.47,
            "price_fair": 738.92,
            "eps_avg_yearly": 21.11,
            "eps_latest_yearly": 1.08,
            "eps_growth_yearly": 400.29
        },
        "20121": {
            "year_quarter": 20121,
            "year": 2012,
            "quarter": 1,
            "eps": -0.99,
            "eps_growth_year": -270.69,
            "eps_4q": -0.5,
            "eps_4q_growth_year": -217.5,
            "roe": -4.1,
            "roe_4q": -2.1099999999999994,
            "gross_profit": 19914,
            "gross_margin": 24.14,
            "gross_margin_4q_avg": 34.68,
            "net_income": -28240,
            "net_income_4q": null,
            "revenue": 82506,
            "revenue_4q": null,
            "common_shares": 283330,
            "book_valuer_per_share": 23.11,
            "book_valuer_per_share_4q_avg": 23.93,
            "equity": 672561,
            "current_ratio": 735.92,
            "debt_ratio": 16.24,
            "inventory_turnover_ratio": 436.18,
            "account_receivable_turnover_ratio": 2.41,
            "reinvestment_rate": 59.38,
            "research_to_sale_ratio": 23.88,
            "price_fair": 738.92,
            "eps_avg_yearly": 21.11,
            "eps_latest_yearly": 1.08,
            "eps_growth_yearly": 400.29
        },
        "20122": {
            "year_quarter": 20122,
            "year": 2012,
            "quarter": 2,
            "eps": -0.47,
            "eps_growth_year": -204.48,
            "eps_4q": -1.42,
            "eps_4q_growth_year": -207.33,
            "roe": -2.06,
            "roe_4q": -6.04,
            "gross_profit": 16155,
            "gross_margin": 22.1,
            "gross_margin_4q_avg": 29.22,
            "net_income": -13479,
            "net_income_4q": null,
            "revenue": 73091,
            "revenue_4q": null,
            "common_shares": 283730,
            "book_valuer_per_share": 21.71,
            "book_valuer_per_share_4q_avg": 23.4,
            "equity": 633397,
            "current_ratio": 609.28,
            "debt_ratio": 18.05,
            "inventory_turnover_ratio": 391.31,
            "account_receivable_turnover_ratio": 2.18,
            "reinvestment_rate": 59.45,
            "research_to_sale_ratio": 24.68,
            "price_fair": 738.92,
            "eps_avg_yearly": 21.11,
            "eps_latest_yearly": 1.08,
            "eps_growth_yearly": 400.29
        },
        "20123": {
            "year_quarter": 20123,
            "year": 2012,
            "quarter": 3,
            "eps": -0.89,
            "eps_growth_year": -428.2,
            "eps_4q": -2.57,
            "eps_4q_growth_year": -227.34,
            "roe": -4.11,
            "roe_4q": -11.28,
            "gross_profit": 21728,
            "gross_margin": 27.93,
            "gross_margin_4q_avg": 25.98,
            "net_income": -25433,
            "net_income_4q": null,
            "revenue": 77805,
            "revenue_4q": null,
            "common_shares": 283730,
            "book_valuer_per_share": 20.7,
            "book_valuer_per_share_4q_avg": 22.45,
            "equity": 604435,
            "current_ratio": 535.72,
            "debt_ratio": 19.49,
            "inventory_turnover_ratio": 375.1,
            "account_receivable_turnover_ratio": 2.27,
            "reinvestment_rate": 33.17,
            "research_to_sale_ratio": 24.83,
            "price_fair": 738.92,
            "eps_avg_yearly": 21.11,
            "eps_latest_yearly": 1.08,
            "eps_growth_yearly": 400.29
        },
        "20124": {
            "year_quarter": 20124,
            "year": 2012,
            "quarter": 4,
            "eps": -0.47,
            "eps_growth_year": null,
            "eps_4q": -2.81,
            "eps_4q_growth_year": -366.03,
            "roe": -2.23,
            "roe_4q": -12.5,
            "gross_profit": 23069,
            "gross_margin": 29.49,
            "gross_margin_4q_avg": 25.92,
            "net_income": -13303,
            "net_income_4q": null,
            "revenue": 78218,
            "revenue_4q": null,
            "common_shares": 283730,
            "book_valuer_per_share": 20.19,
            "book_valuer_per_share_4q_avg": 21.43,
            "equity": 590160,
            "current_ratio": 682.32,
            "debt_ratio": 16.72,
            "inventory_turnover_ratio": 361.63,
            "account_receivable_turnover_ratio": 2.45,
            "reinvestment_rate": -3.01,
            "research_to_sale_ratio": 18.33,
            "price_fair": 789.25,
            "eps_avg_yearly": 22.55,
            "eps_latest_yearly": 1.08,
            "eps_growth_yearly": 370.42
        },
        "20131": {
            "year_quarter": 20131,
            "year": 2013,
            "quarter": 1,
            "eps": -0.58,
            "eps_growth_year": null,
            "eps_4q": -2.41,
            "eps_4q_growth_year": null,
            "roe": -2.96,
            "roe_4q": -11.360000000000001,
            "gross_profit": 28320,
            "gross_margin": 40.89,
            "gross_margin_4q_avg": 30.1,
            "net_income": -17244,
            "net_income_4q": null,
            "revenue": 69261,
            "revenue_4q": null,
            "common_shares": 283790,
            "book_valuer_per_share": 19.69,
            "book_valuer_per_share_4q_avg": 20.57,
            "equity": 575453,
            "current_ratio": 745.12,
            "debt_ratio": 16,
            "inventory_turnover_ratio": 524.88,
            "account_receivable_turnover_ratio": 2.48,
            "reinvestment_rate": null,
            "research_to_sale_ratio": 28.08,
            "price_fair": 5.2,
            "eps_avg_yearly": 1.73,
            "eps_latest_yearly": 1.08,
            "eps_growth_yearly": -110.62
        },
        "20132": {
            "year_quarter": 20132,
            "year": 2013,
            "quarter": 2,
            "eps": -0.53,
            "eps_growth_year": null,
            "eps_4q": -2.46,
            "eps_4q_growth_year": null,
            "roe": -2.63,
            "roe_4q": -11.93,
            "gross_profit": 30536,
            "gross_margin": 37.52,
            "gross_margin_4q_avg": 33.96,
            "net_income": -14928,
            "net_income_4q": null,
            "revenue": 81380,
            "revenue_4q": null,
            "common_shares": 283790,
            "book_valuer_per_share": 19.18,
            "book_valuer_per_share_4q_avg": 19.94,
            "equity": 561357,
            "current_ratio": 699.32,
            "debt_ratio": 16.05,
            "inventory_turnover_ratio": null,
            "account_receivable_turnover_ratio": 4.3,
            "reinvestment_rate": -3.1,
            "research_to_sale_ratio": 22.44,
            "price_fair": 5.2,
            "eps_avg_yearly": 1.73,
            "eps_latest_yearly": 1.08,
            "eps_growth_yearly": -110.62
        },
        "20133": {
            "year_quarter": 20133,
            "year": 2013,
            "quarter": 3,
            "eps": -0.28,
            "eps_growth_year": null,
            "eps_4q": -1.86,
            "eps_4q_growth_year": null,
            "roe": -1.44,
            "roe_4q": -9.26,
            "gross_profit": 38231,
            "gross_margin": 43.32,
            "gross_margin_4q_avg": 37.81,
            "net_income": -8044,
            "net_income_4q": null,
            "revenue": 88243,
            "revenue_4q": null,
            "common_shares": 283790,
            "book_valuer_per_share": 18.88,
            "book_valuer_per_share_4q_avg": 19.49,
            "equity": 552937,
            "current_ratio": 683.36,
            "debt_ratio": 15.88,
            "inventory_turnover_ratio": null,
            "account_receivable_turnover_ratio": 5.36,
            "reinvestment_rate": null,
            "research_to_sale_ratio": 21.03,
            "price_fair": 5.2,
            "eps_avg_yearly": 1.73,
            "eps_latest_yearly": 1.08,
            "eps_growth_yearly": -110.62
        },
        "20134": {
            "year_quarter": 20134,
            "year": 2013,
            "quarter": 4,
            "eps": -0.92,
            "eps_growth_year": null,
            "eps_4q": -2.31,
            "eps_4q_growth_year": null,
            "roe": -4.74,
            "roe_4q": -11.77,
            "gross_profit": 29417,
            "gross_margin": 32.67,
            "gross_margin_4q_avg": 38.6,
            "net_income": -25656,
            "net_income_4q": null,
            "revenue": 90031,
            "revenue_4q": null,
            "common_shares": 283790,
            "book_valuer_per_share": 18,
            "book_valuer_per_share_4q_avg": 18.94,
            "equity": 528561,
            "current_ratio": 530.45,
            "debt_ratio": 17.82,
            "inventory_turnover_ratio": null,
            "account_receivable_turnover_ratio": 4.41,
            "reinvestment_rate": null,
            "research_to_sale_ratio": 15.51,
            "price_fair": 5.2,
            "eps_avg_yearly": 1.73,
            "eps_latest_yearly": 1.08,
            "eps_growth_yearly": -110.62
        },
        "20141": {
            "year_quarter": 20141,
            "year": 2014,
            "quarter": 1,
            "eps": -0.57,
            "eps_growth_year": null,
            "eps_4q": -2.3,
            "eps_4q_growth_year": null,
            "roe": -3.05,
            "roe_4q": -11.86,
            "gross_profit": 38544,
            "gross_margin": 53.86,
            "gross_margin_4q_avg": 41.84,
            "net_income": -15904,
            "net_income_4q": null,
            "revenue": 71567,
            "revenue_4q": null,
            "common_shares": 283790,
            "book_valuer_per_share": 17.44,
            "book_valuer_per_share_4q_avg": 18.38,
            "equity": 512682,
            "current_ratio": 588.03,
            "debt_ratio": 16.22,
            "inventory_turnover_ratio": null,
            "account_receivable_turnover_ratio": 3.89,
            "reinvestment_rate": null,
            "research_to_sale_ratio": 28.15,
            "price_fair": 5.2,
            "eps_avg_yearly": 1.73,
            "eps_latest_yearly": 1.08,
            "eps_growth_yearly": -110.62
        },
        "20142": {
            "year_quarter": 20142,
            "year": 2014,
            "quarter": 2,
            "eps": -0.6,
            "eps_growth_year": null,
            "eps_4q": -2.37,
            "eps_4q_growth_year": null,
            "roe": -3.37,
            "roe_4q": -12.6,
            "gross_profit": 35337,
            "gross_margin": 56.95,
            "gross_margin_4q_avg": 46.7,
            "net_income": -17017,
            "net_income_4q": null,
            "revenue": 62045,
            "revenue_4q": null,
            "common_shares": 283790,
            "book_valuer_per_share": 16.82,
            "book_valuer_per_share_4q_avg": 17.79,
            "equity": 495848,
            "current_ratio": 642.8,
            "debt_ratio": 14.5,
            "inventory_turnover_ratio": null,
            "account_receivable_turnover_ratio": 4.81,
            "reinvestment_rate": null,
            "research_to_sale_ratio": 33.57,
            "price_fair": 5.2,
            "eps_avg_yearly": 1.73,
            "eps_latest_yearly": 1.08,
            "eps_growth_yearly": -110.62
        },
        "20143": {
            "year_quarter": 20143,
            "year": 2014,
            "quarter": 3,
            "eps": -0.86,
            "eps_growth_year": null,
            "eps_4q": -2.95,
            "eps_4q_growth_year": null,
            "roe": -5.06,
            "roe_4q": -16.22,
            "gross_profit": 20078,
            "gross_margin": 43.21,
            "gross_margin_4q_avg": 46.67,
            "net_income": -24355,
            "net_income_4q": null,
            "revenue": 46462,
            "revenue_4q": null,
            "common_shares": 283790,
            "book_valuer_per_share": 15.98,
            "book_valuer_per_share_4q_avg": 17.06,
            "equity": 465899,
            "current_ratio": 740.88,
            "debt_ratio": 13.28,
            "inventory_turnover_ratio": null,
            "account_receivable_turnover_ratio": 3.87,
            "reinvestment_rate": null,
            "research_to_sale_ratio": 43.53,
            "price_fair": 5.2,
            "eps_avg_yearly": 1.73,
            "eps_latest_yearly": 1.08,
            "eps_growth_yearly": -110.62
        },
        "20144": {
            "year_quarter": 20144,
            "year": 2014,
            "quarter": 4,
            "eps": -1.25,
            "eps_growth_year": null,
            "eps_4q": -3.28,
            "eps_4q_growth_year": null,
            "roe": -7.91,
            "roe_4q": -19.39,
            "gross_profit": 21826,
            "gross_margin": 45.92,
            "gross_margin_4q_avg": 49.99,
            "net_income": -35497,
            "net_income_4q": null,
            "revenue": 47526,
            "revenue_4q": null,
            "common_shares": 283790,
            "book_valuer_per_share": 14.76,
            "book_valuer_per_share_4q_avg": 16.25,
            "equity": 431310,
            "current_ratio": 616.44,
            "debt_ratio": 13.98,
            "inventory_turnover_ratio": null,
            "account_receivable_turnover_ratio": 4.45,
            "reinvestment_rate": null,
            "research_to_sale_ratio": 51.27,
            "price_fair": 5.2,
            "eps_avg_yearly": 1.73,
            "eps_latest_yearly": 1.08,
            "eps_growth_yearly": -110.62
        },
        "20151": {
            "year_quarter": 20151,
            "year": 2015,
            "quarter": 1,
            "eps": -0.94,
            "eps_growth_year": null,
            "eps_4q": -3.65,
            "eps_4q_growth_year": null,
            "roe": -6.34,
            "roe_4q": -22.68,
            "gross_profit": 25440,
            "gross_margin": 47.04,
            "gross_margin_4q_avg": 48.28,
            "net_income": -26514,
            "net_income_4q": null,
            "revenue": 54083,
            "revenue_4q": null,
            "common_shares": 283790,
            "book_valuer_per_share": 13.81,
            "book_valuer_per_share_4q_avg": 15.34,
            "equity": 404591,
            "current_ratio": 937.55,
            "debt_ratio": 10.45,
            "inventory_turnover_ratio": null,
            "account_receivable_turnover_ratio": 5.15,
            "reinvestment_rate": null,
            "research_to_sale_ratio": 38.98,
            "price_fair": 4.32,
            "eps_avg_yearly": 1.44,
            "eps_latest_yearly": 1.08,
            "eps_growth_yearly": -124.83
        },
        "20152": {
            "year_quarter": 20152,
            "year": 2015,
            "quarter": 2,
            "eps": -1.48,
            "eps_growth_year": null,
            "eps_4q": -4.54,
            "eps_4q_growth_year": null,
            "roe": -10.91,
            "roe_4q": -30.22,
            "gross_profit": 12120,
            "gross_margin": 33.01,
            "gross_margin_4q_avg": 42.3,
            "net_income": -41784,
            "net_income_4q": null,
            "revenue": 36711,
            "revenue_4q": null,
            "common_shares": 283790,
            "book_valuer_per_share": 12.31,
            "book_valuer_per_share_4q_avg": 14.22,
            "equity": 361186,
            "current_ratio": 741.53,
            "debt_ratio": 11.05,
            "inventory_turnover_ratio": null,
            "account_receivable_turnover_ratio": 3.55,
            "reinvestment_rate": null,
            "research_to_sale_ratio": 51.66,
            "price_fair": 3.24,
            "eps_avg_yearly": 1.08,
            "eps_latest_yearly": 1.08,
            "eps_growth_yearly": -160
        },
        "20153": {
            "year_quarter": 20153,
            "year": 2015,
            "quarter": 3,
            "eps": -1.08,
            "eps_growth_year": null,
            "eps_4q": -4.8,
            "eps_4q_growth_year": null,
            "roe": -8.83,
            "roe_4q": -33.99,
            "gross_profit": 17715,
            "gross_margin": 39.89,
            "gross_margin_4q_avg": 41.47,
            "net_income": -30453,
            "net_income_4q": null,
            "revenue": 44409,
            "revenue_4q": null,
            "common_shares": 283790,
            "book_valuer_per_share": 11.26,
            "book_valuer_per_share_4q_avg": 13.04,
            "equity": 328388,
            "current_ratio": 438.98,
            "debt_ratio": 17.43,
            "inventory_turnover_ratio": null,
            "account_receivable_turnover_ratio": 4.88,
            "reinvestment_rate": null,
            "research_to_sale_ratio": 45.23,
            "price_fair": 0,
            "eps_avg_yearly": 0,
            "eps_latest_yearly": 0,
            "eps_growth_yearly": 0
        },
        "20154": {
            "year_quarter": 20154,
            "year": 2015,
            "quarter": 4,
            "eps": -1.09,
            "eps_growth_year": null,
            "eps_4q": -3.91,
            "eps_4q_growth_year": null,
            "roe": -9.22,
            "roe_4q": -35.3,
            "gross_profit": 16181,
            "gross_margin": 35.61,
            "gross_margin_4q_avg": 38.89,
            "net_income": -38257,
            "net_income_4q": null,
            "revenue": 45435,
            "revenue_4q": null,
            "common_shares": 354738,
            "book_valuer_per_share": 13.94,
            "book_valuer_per_share_4q_avg": 12.83,
            "equity": 501359,
            "current_ratio": 624.9,
            "debt_ratio": 14.22,
            "inventory_turnover_ratio": null,
            "account_receivable_turnover_ratio": 4.68,
            "reinvestment_rate": null,
            "research_to_sale_ratio": 53.21,
            "price_fair": 0,
            "eps_avg_yearly": 0,
            "eps_latest_yearly": 0,
            "eps_growth_yearly": 0
        },
        "20161": {
            "year_quarter": 20161,
            "year": 2016,
            "quarter": 1,
            "eps": -0.9,
            "eps_growth_year": null,
            "eps_4q": -4.04,
            "eps_4q_growth_year": null,
            "roe": -6.51,
            "roe_4q": -35.47,
            "gross_profit": 37527,
            "gross_margin": 54.02,
            "gross_margin_4q_avg": 40.63,
            "net_income": -31605,
            "net_income_4q": null,
            "revenue": 69475,
            "revenue_4q": null,
            "common_shares": 354738,
            "book_valuer_per_share": 13.04,
            "book_valuer_per_share_4q_avg": 12.64,
            "equity": 469741,
            "current_ratio": 484.94,
            "debt_ratio": 16.69,
            "inventory_turnover_ratio": null,
            "account_receivable_turnover_ratio": 4.09,
            "reinvestment_rate": null,
            "research_to_sale_ratio": 34.57,
            "price_fair": 0,
            "eps_avg_yearly": 0,
            "eps_latest_yearly": 0,
            "eps_growth_yearly": 0
        },
        "20162": {
            "year_quarter": 20162,
            "year": 2016,
            "quarter": 2,
            "eps": -1.09,
            "eps_growth_year": null,
            "eps_4q": -3.95,
            "eps_4q_growth_year": null,
            "roe": -8.53,
            "roe_4q": -33.089999999999996,
            "gross_profit": 23631,
            "gross_margin": 46.14,
            "gross_margin_4q_avg": 43.92,
            "net_income": -38447,
            "net_income_4q": null,
            "revenue": 51217,
            "revenue_4q": null,
            "common_shares": 354738,
            "book_valuer_per_share": 11.95,
            "book_valuer_per_share_4q_avg": 12.55,
            "equity": 431484,
            "current_ratio": 487.45,
            "debt_ratio": 15.78,
            "inventory_turnover_ratio": null,
            "account_receivable_turnover_ratio": 2.62,
            "reinvestment_rate": null,
            "research_to_sale_ratio": 45.68,
            "price_fair": 0,
            "eps_avg_yearly": 0,
            "eps_latest_yearly": 0,
            "eps_growth_yearly": 0
        },
        "20163": {
            "year_quarter": 20163,
            "year": 2016,
            "quarter": 3,
            "eps": -1.78,
            "eps_growth_year": null,
            "eps_4q": -4.86,
            "eps_4q_growth_year": null,
            "roe": -15.57,
            "roe_4q": -39.83,
            "gross_profit": 25611,
            "gross_margin": 48.68,
            "gross_margin_4q_avg": 46.11,
            "net_income": -62480,
            "net_income_4q": null,
            "revenue": 52609,
            "revenue_4q": null,
            "common_shares": 354738,
            "book_valuer_per_share": 10.23,
            "book_valuer_per_share_4q_avg": 12.29,
            "equity": 370878,
            "current_ratio": 315.94,
            "debt_ratio": 20,
            "inventory_turnover_ratio": null,
            "account_receivable_turnover_ratio": 3.09,
            "reinvestment_rate": null,
            "research_to_sale_ratio": 38.37,
            "price_fair": 0,
            "eps_avg_yearly": 0,
            "eps_latest_yearly": 0,
            "eps_growth_yearly": 0
        },
        "20164": {
            "year_quarter": 20164,
            "year": 2016,
            "quarter": 4,
            "eps": -0.73,
            "eps_growth_year": null,
            "eps_4q": -4.5,
            "eps_4q_growth_year": null,
            "roe": -7.08,
            "roe_4q": -37.69,
            "gross_profit": 33483,
            "gross_margin": 49.01,
            "gross_margin_4q_avg": 49.46,
            "net_income": -25362,
            "net_income_4q": null,
            "revenue": 68314,
            "revenue_4q": null,
            "common_shares": 354738,
            "book_valuer_per_share": 9.51,
            "book_valuer_per_share_4q_avg": 11.18,
            "equity": 345968,
            "current_ratio": 316.87,
            "debt_ratio": 19.25,
            "inventory_turnover_ratio": null,
            "account_receivable_turnover_ratio": 3.42,
            "reinvestment_rate": null,
            "research_to_sale_ratio": 39.59,
            "price_fair": 0,
            "eps_avg_yearly": 0,
            "eps_latest_yearly": 0,
            "eps_growth_yearly": 0
        },
        "20171": {
            "year_quarter": 20171,
            "year": 2017,
            "quarter": 1,
            "eps": -0.95,
            "eps_growth_year": null,
            "eps_4q": -4.55,
            "eps_4q_growth_year": null,
            "roe": -10.22,
            "roe_4q": -41.400000000000006,
            "gross_profit": 20607,
            "gross_margin": 48.31,
            "gross_margin_4q_avg": 48.04,
            "net_income": -33543,
            "net_income_4q": null,
            "revenue": 42653,
            "revenue_4q": null,
            "common_shares": 354738,
            "book_valuer_per_share": 8.5,
            "book_valuer_per_share_4q_avg": 10.05,
            "equity": 310454,
            "current_ratio": 360.98,
            "debt_ratio": 15.49,
            "inventory_turnover_ratio": null,
            "account_receivable_turnover_ratio": 2.3,
            "reinvestment_rate": null,
            "research_to_sale_ratio": 59.36,
            "price_fair": 0,
            "eps_avg_yearly": 0,
            "eps_latest_yearly": 0,
            "eps_growth_yearly": 0
        },
        "20172": {
            "year_quarter": 20172,
            "year": 2017,
            "quarter": 2,
            "eps": -0.14,
            "eps_growth_year": null,
            "eps_4q": -3.6,
            "eps_4q_growth_year": null,
            "roe": -1.65,
            "roe_4q": -34.52,
            "gross_profit": 45509,
            "gross_margin": 42.89,
            "gross_margin_4q_avg": 47.22,
            "net_income": -5088,
            "net_income_4q": null,
            "revenue": 106112,
            "revenue_4q": null,
            "common_shares": 354738,
            "book_valuer_per_share": 8.36,
            "book_valuer_per_share_4q_avg": 9.15,
            "equity": 305361,
            "current_ratio": 200.58,
            "debt_ratio": 29.25,
            "inventory_turnover_ratio": null,
            "account_receivable_turnover_ratio": 2.29,
            "reinvestment_rate": null,
            "research_to_sale_ratio": 20.93,
            "price_fair": 0,
            "eps_avg_yearly": 0,
            "eps_latest_yearly": 0,
            "eps_growth_yearly": 0
        },
        "20173": {
            "year_quarter": 20173,
            "year": 2017,
            "quarter": 3,
            "eps": 1.19,
            "eps_growth_year": null,
            "eps_4q": -0.63,
            "eps_4q_growth_year": null,
            "roe": 12.77,
            "roe_4q": -6.1800000000000015,
            "gross_profit": 97681,
            "gross_margin": 48.18,
            "gross_margin_4q_avg": 47.1,
            "net_income": 41647,
            "net_income_4q": null,
            "revenue": 202763,
            "revenue_4q": null,
            "common_shares": 354738,
            "book_valuer_per_share": 9.55,
            "book_valuer_per_share_4q_avg": 8.98,
            "equity": 346945,
            "current_ratio": 197.11,
            "debt_ratio": 33.74,
            "inventory_turnover_ratio": null,
            "account_receivable_turnover_ratio": 2.32,
            "reinvestment_rate": null,
            "research_to_sale_ratio": 10.74,
            "price_fair": 0,
            "eps_avg_yearly": 0,
            "eps_latest_yearly": 0,
            "eps_growth_yearly": 0
        },
        "20174": {
            "year_quarter": 20174,
            "year": 2017,
            "quarter": 4,
            "eps": -1.71,
            "eps_growth_year": null,
            "eps_4q": -1.61,
            "eps_4q_growth_year": null,
            "roe": -18.84,
            "roe_4q": -17.94,
            "gross_profit": -20464,
            "gross_margin": -13.48,
            "gross_margin_4q_avg": 31.48,
            "net_income": -59712,
            "net_income_4q": null,
            "revenue": 151809,
            "revenue_4q": null,
            "common_shares": 354738,
            "book_valuer_per_share": 7.83,
            "book_valuer_per_share_4q_avg": 8.56,
            "equity": 286989,
            "current_ratio": 148.51,
            "debt_ratio": 42.63,
            "inventory_turnover_ratio": null,
            "account_receivable_turnover_ratio": 1.5,
            "reinvestment_rate": null,
            "research_to_sale_ratio": 10.95,
            "price_fair": 0,
            "eps_avg_yearly": 0,
            "eps_latest_yearly": 0,
            "eps_growth_yearly": 0
        },
        "20181": {
            "year_quarter": 20181,
            "year": 2018,
            "quarter": 1,
            "eps": -1.25,
            "eps_growth_year": null,
            "eps_4q": -1.92,
            "eps_4q_growth_year": null,
            "roe": -16.69,
            "roe_4q": -24.41,
            "gross_profit": 1590,
            "gross_margin": 0.91,
            "gross_margin_4q_avg": 19.63,
            "net_income": -44175,
            "net_income_4q": null,
            "revenue": 173959,
            "revenue_4q": null,
            "common_shares": 354738,
            "book_valuer_per_share": 6.57,
            "book_valuer_per_share_4q_avg": 8.08,
            "equity": 242325,
            "current_ratio": 101.47,
            "debt_ratio": 55.16,
            "inventory_turnover_ratio": null,
            "account_receivable_turnover_ratio": 1.5,
            "reinvestment_rate": null,
            "research_to_sale_ratio": 10.67,
            "price_fair": 0,
            "eps_avg_yearly": 0,
            "eps_latest_yearly": 0,
            "eps_growth_yearly": 0
        },
        "20182": {
            "year_quarter": 20182,
            "year": 2018,
            "quarter": 2,
            "eps": -0.51,
            "eps_growth_year": null,
            "eps_4q": -2.16,
            "eps_4q_growth_year": null,
            "roe": -6.72,
            "roe_4q": -29.48,
            "gross_profit": 27777,
            "gross_margin": 14.46,
            "gross_margin_4q_avg": 12.52,
            "net_income": -17791,
            "net_income_4q": null,
            "revenue": 192056,
            "revenue_4q": null,
            "common_shares": 374738,
            "book_valuer_per_share": 7.42,
            "book_valuer_per_share_4q_avg": 7.84,
            "equity": 287065,
            "current_ratio": 124.2,
            "debt_ratio": 54.24,
            "inventory_turnover_ratio": null,
            "account_receivable_turnover_ratio": 1.34,
            "reinvestment_rate": null,
            "research_to_sale_ratio": 11.49,
            "price_fair": 0,
            "eps_avg_yearly": 0,
            "eps_latest_yearly": 0,
            "eps_growth_yearly": 0
        },
        "20183": {
            "year_quarter": 20183,
            "year": 2018,
            "quarter": 3,
            "eps": -0.4,
            "eps_growth_year": -133.61,
            "eps_4q": -3.69,
            "eps_4q_growth_year": null,
            "roe": -5.45,
            "roe_4q": -47.7,
            "gross_profit": 40554,
            "gross_margin": 23.49,
            "gross_margin_4q_avg": 6.35,
            "net_income": -15232,
            "net_income_4q": null,
            "revenue": 172679,
            "revenue_4q": null,
            "common_shares": 372748,
            "book_valuer_per_share": 7.01,
            "book_valuer_per_share_4q_avg": 7.21,
            "equity": 271760,
            "current_ratio": 125.54,
            "debt_ratio": 54.5,
            "inventory_turnover_ratio": null,
            "account_receivable_turnover_ratio": 1.15,
            "reinvestment_rate": null,
            "research_to_sale_ratio": 12.85,
            "price_fair": 0,
            "eps_avg_yearly": 0,
            "eps_latest_yearly": 0,
            "eps_growth_yearly": 0
        },
        "20184": {
            "year_quarter": 20184,
            "year": 2018,
            "quarter": 4,
            "eps": -0.64,
            "eps_growth_year": null,
            "eps_4q": -2.71,
            "eps_4q_growth_year": null,
            "roe": -9.01,
            "roe_4q": -37.870000000000005,
            "gross_profit": 33394,
            "gross_margin": 16.38,
            "gross_margin_4q_avg": 13.81,
            "net_income": -23486,
            "net_income_4q": null,
            "revenue": 203817,
            "revenue_4q": null,
            "common_shares": 371398,
            "book_valuer_per_share": 6.4,
            "book_valuer_per_share_4q_avg": 6.85,
            "equity": 249327,
            "current_ratio": 124.34,
            "debt_ratio": 53.58,
            "inventory_turnover_ratio": null,
            "account_receivable_turnover_ratio": 1.27,
            "reinvestment_rate": null,
            "research_to_sale_ratio": 8.9,
            "price_fair": 0,
            "eps_avg_yearly": 0,
            "eps_latest_yearly": 0,
            "eps_growth_yearly": 0
        },
        "20191": {
            "year_quarter": 20191,
            "year": 2019,
            "quarter": 1,
            "eps": -0.48,
            "eps_growth_year": null,
            "eps_4q": -2,
            "eps_4q_growth_year": null,
            "roe": -7.35,
            "roe_4q": -28.529999999999998,
            "gross_profit": 18777,
            "gross_margin": 44.32,
            "gross_margin_4q_avg": 24.66,
            "net_income": -17680,
            "net_income_4q": null,
            "revenue": 42364,
            "revenue_4q": null,
            "common_shares": 371398,
            "book_valuer_per_share": 5.93,
            "book_valuer_per_share_4q_avg": 6.69,
            "equity": 231823,
            "current_ratio": 120.23,
            "debt_ratio": 54.42,
            "inventory_turnover_ratio": null,
            "account_receivable_turnover_ratio": 0.25,
            "reinvestment_rate": null,
            "research_to_sale_ratio": 54.34,
            "price_fair": 0,
            "eps_avg_yearly": 0,
            "eps_latest_yearly": 0,
            "eps_growth_yearly": 0
        },
        "20192": {
            "year_quarter": 20192,
            "year": 2019,
            "quarter": 2,
            "eps": -0.71,
            "eps_growth_year": null,
            "eps_4q": -2.23,
            "eps_4q_growth_year": null,
            "roe": -12.01,
            "roe_4q": -33.82,
            "gross_profit": 19414,
            "gross_margin": 44.99,
            "gross_margin_4q_avg": 32.3,
            "net_income": -26283,
            "net_income_4q": null,
            "revenue": 43151,
            "revenue_4q": null,
            "common_shares": 371398,
            "book_valuer_per_share": 5.23,
            "book_valuer_per_share_4q_avg": 6.14,
            "equity": 205804,
            "current_ratio": 109.71,
            "debt_ratio": 58,
            "inventory_turnover_ratio": null,
            "account_receivable_turnover_ratio": 0.3,
            "reinvestment_rate": null,
            "research_to_sale_ratio": 36.01,
            "price_fair": 0,
            "eps_avg_yearly": 0,
            "eps_latest_yearly": 0,
            "eps_growth_yearly": 0
        },
        "20193": {
            "year_quarter": 20193,
            "year": 2019,
            "quarter": 3,
            "eps": -0.41,
            "eps_growth_year": null,
            "eps_4q": -3.3,
            "eps_4q_growth_year": null,
            "roe": -4.83,
            "roe_4q": -33.199999999999996,
            "gross_profit": 11764,
            "gross_margin": 35.12,
            "gross_margin_4q_avg": 35.2,
            "net_income": -9706,
            "net_income_4q": null,
            "revenue": 33496,
            "revenue_4q": null,
            "common_shares": 233950,
            "book_valuer_per_share": 7.88,
            "book_valuer_per_share_4q_avg": 6.36,
            "equity": 195807,
            "current_ratio": 109.38,
            "debt_ratio": 55.93,
            "inventory_turnover_ratio": null,
            "account_receivable_turnover_ratio": 0.27,
            "reinvestment_rate": null,
            "research_to_sale_ratio": 34.39,
            "price_fair": 0,
            "eps_avg_yearly": 0,
            "eps_latest_yearly": 0,
            "eps_growth_yearly": 0
        },
        "20194": {
            "year_quarter": 20194,
            "year": 2019,
            "quarter": 4,
            "eps": 0.97,
            "eps_growth_year": null,
            "eps_4q": -1.32,
            "eps_4q_growth_year": null,
            "roe": 10.94,
            "roe_4q": -13.25,
            "gross_profit": 40889,
            "gross_margin": 65,
            "gross_margin_4q_avg": 47.36,
            "net_income": 22638,
            "net_income_4q": null,
            "revenue": 62904,
            "revenue_4q": null,
            "common_shares": 233950,
            "book_valuer_per_share": 8.82,
            "book_valuer_per_share_4q_avg": 6.97,
            "equity": 217979,
            "current_ratio": 116.35,
            "debt_ratio": 51.91,
            "inventory_turnover_ratio": null,
            "account_receivable_turnover_ratio": 0.76,
            "reinvestment_rate": null,
            "research_to_sale_ratio": 13.37,
            "price_fair": 0,
            "eps_avg_yearly": 0,
            "eps_latest_yearly": 0,
            "eps_growth_yearly": 0
        },
        "20201": {
            "year_quarter": 20201,
            "year": 2020,
            "quarter": 1,
            "eps": -0.58,
            "eps_growth_year": null,
            "eps_4q": -1.14,
            "eps_4q_growth_year": null,
            "roe": -6.45,
            "roe_4q": -12.350000000000001,
            "gross_profit": 22839,
            "gross_margin": 45.17,
            "gross_margin_4q_avg": 47.57,
            "net_income": -13650,
            "net_income_4q": null,
            "revenue": 50557,
            "revenue_4q": null,
            "common_shares": 233950,
            "book_valuer_per_share": 8.27,
            "book_valuer_per_share_4q_avg": 7.55,
            "equity": 205007,
            "current_ratio": 122.22,
            "debt_ratio": 41.82,
            "inventory_turnover_ratio": null,
            "account_receivable_turnover_ratio": 1.27,
            "reinvestment_rate": null,
            "research_to_sale_ratio": 13.14,
            "price_fair": 0,
            "eps_avg_yearly": 0,
            "eps_latest_yearly": 0,
            "eps_growth_yearly": 0
        },
        "20202": {
            "year_quarter": 20202,
            "year": 2020,
            "quarter": 2,
            "eps": 0.1,
            "eps_growth_year": null,
            "eps_4q": 0.07,
            "eps_4q_growth_year": null,
            "roe": 1.07,
            "roe_4q": 0.7299999999999995,
            "gross_profit": 21737,
            "gross_margin": 44.16,
            "gross_margin_4q_avg": 47.36,
            "net_income": 2145,
            "net_income_4q": null,
            "revenue": 49220,
            "revenue_4q": null,
            "common_shares": 233950,
            "book_valuer_per_share": 8.35,
            "book_valuer_per_share_4q_avg": 8.33,
            "equity": 195270,
            "current_ratio": 113.41,
            "debt_ratio": 42.73,
            "inventory_turnover_ratio": null,
            "account_receivable_turnover_ratio": 2.9,
            "reinvestment_rate": null,
            "research_to_sale_ratio": 23.02,
            "price_fair": 0,
            "eps_avg_yearly": 0,
            "eps_latest_yearly": 0,
            "eps_growth_yearly": 0
        },
        "20203": {
            "year_quarter": 20203,
            "year": 2020,
            "quarter": 3,
            "eps": -0.49,
            "eps_growth_year": null,
            "eps_4q": -0,
            "eps_4q_growth_year": null,
            "roe": -6,
            "roe_4q": -0.4399999999999995,
            "gross_profit": 1309,
            "gross_margin": 15.06,
            "gross_margin_4q_avg": 42.35,
            "net_income": -11372,
            "net_income_4q": null,
            "revenue": 8692,
            "revenue_4q": null,
            "common_shares": 233950,
            "book_valuer_per_share": 7.84,
            "book_valuer_per_share_4q_avg": 8.32,
            "equity": 183515,
            "current_ratio": 109.06,
            "debt_ratio": 33.93,
            "inventory_turnover_ratio": null,
            "account_receivable_turnover_ratio": 1.31,
            "reinvestment_rate": null,
            "research_to_sale_ratio": 15.26,
            "price_fair": 0,
            "eps_avg_yearly": 0,
            "eps_latest_yearly": 0,
            "eps_growth_yearly": 0
        },
        "20204": {
            "year_quarter": 20204,
            "year": 2020,
            "quarter": 4,
            "eps": -0.22,
            "eps_growth_year": -122.63,
            "eps_4q": -1.19,
            "eps_4q_growth_year": null,
            "roe": -2.88,
            "roe_4q": -14.259999999999998,
            "gross_profit": 3850,
            "gross_margin": 42.25,
            "gross_margin_4q_avg": 36.66,
            "net_income": -5116,
            "net_income_4q": null,
            "revenue": 9112,
            "revenue_4q": null,
            "common_shares": 233950,
            "book_valuer_per_share": 7.36,
            "book_valuer_per_share_4q_avg": 7.96,
            "equity": 172160,
            "current_ratio": 111.88,
            "debt_ratio": 29.99,
            "inventory_turnover_ratio": null,
            "account_receivable_turnover_ratio": 1.83,
            "reinvestment_rate": null,
            "research_to_sale_ratio": 5.47,
            "price_fair": 0,
            "eps_avg_yearly": 0,
            "eps_latest_yearly": 0,
            "eps_growth_yearly": 0
        },
        "20211": {
            "year_quarter": 20211,
            "year": 2021,
            "quarter": 1,
            "eps": -0.24,
            "eps_growth_year": null,
            "eps_4q": -0.84,
            "eps_4q_growth_year": null,
            "roe": -3.3,
            "roe_4q": -11.11,
            "gross_profit": 3370,
            "gross_margin": 67.45,
            "gross_margin_4q_avg": 42.23,
            "net_income": -5551,
            "net_income_4q": null,
            "revenue": 4996,
            "revenue_4q": null,
            "common_shares": 233950,
            "book_valuer_per_share": 7.02,
            "book_valuer_per_share_4q_avg": 7.64,
            "equity": 164192,
            "current_ratio": 105.76,
            "debt_ratio": 28.1,
            "inventory_turnover_ratio": null,
            "account_receivable_turnover_ratio": 2.11,
            "reinvestment_rate": null,
            "research_to_sale_ratio": 11.01,
            "price_fair": 0,
            "eps_avg_yearly": 0,
            "eps_latest_yearly": 0,
            "eps_growth_yearly": 0
        },
        "20212": {
            "year_quarter": 20212,
            "year": 2021,
            "quarter": 2,
            "eps": -0.1,
            "eps_growth_year": -200,
            "eps_4q": -1.04,
            "eps_4q_growth_year": -1497.19,
            "roe": -1.46,
            "roe_4q": -13.64,
            "gross_profit": 2806,
            "gross_margin": 83.02,
            "gross_margin_4q_avg": 51.95,
            "net_income": -2384,
            "net_income_4q": null,
            "revenue": 3380,
            "revenue_4q": null,
            "common_shares": 233950,
            "book_valuer_per_share": 6.91,
            "book_valuer_per_share_4q_avg": 7.28,
            "equity": 161764,
            "current_ratio": 103.54,
            "debt_ratio": 27.7,
            "inventory_turnover_ratio": null,
            "account_receivable_turnover_ratio": 5.67,
            "reinvestment_rate": null,
            "research_to_sale_ratio": 1.54,
            "price_fair": 0,
            "eps_avg_yearly": 0,
            "eps_latest_yearly": 0,
            "eps_growth_yearly": 0
        },
        "20213": {
            "year_quarter": 20213,
            "year": 2021,
            "quarter": 3,
            "eps": -0.17,
            "eps_growth_year": null,
            "eps_4q": -0.73,
            "eps_4q_growth_year": null,
            "roe": -2.52,
            "roe_4q": -10.16,
            "gross_profit": 2138,
            "gross_margin": 100,
            "gross_margin_4q_avg": 73.18,
            "net_income": -4012,
            "net_income_4q": null,
            "revenue": 2138,
            "revenue_4q": null,
            "common_shares": 233950,
            "book_valuer_per_share": 6.7,
            "book_valuer_per_share_4q_avg": 7,
            "equity": 156684,
            "current_ratio": 97.39,
            "debt_ratio": 27.52,
            "inventory_turnover_ratio": null,
            "account_receivable_turnover_ratio": 3.81,
            "reinvestment_rate": null,
            "research_to_sale_ratio": 0.33,
            "price_fair": 0,
            "eps_avg_yearly": 0,
            "eps_latest_yearly": 0,
            "eps_growth_yearly": 0
        },
        "20214": {
            "year_quarter": 20214,
            "year": 2021,
            "quarter": 4,
            "eps": -0.2,
            "eps_growth_year": null,
            "eps_4q": -0.71,
            "eps_4q_growth_year": null,
            "roe": -3.05,
            "roe_4q": -10.33,
            "gross_profit": 960,
            "gross_margin": 100,
            "gross_margin_4q_avg": 87.62,
            "net_income": -4705,
            "net_income_4q": null,
            "revenue": 960,
            "revenue_4q": null,
            "common_shares": 233950,
            "book_valuer_per_share": 6.5,
            "book_valuer_per_share_4q_avg": 6.78,
            "equity": 151978,
            "current_ratio": 89.15,
            "debt_ratio": 27.62,
            "inventory_turnover_ratio": null,
            "account_receivable_turnover_ratio": 42.67,
            "reinvestment_rate": null,
            "research_to_sale_ratio": 0.21,
            "price_fair": 0,
            "eps_avg_yearly": 0,
            "eps_latest_yearly": 0,
            "eps_growth_yearly": 0
        },
        "20221": {
            "year_quarter": 20221,
            "year": 2022,
            "quarter": 1,
            "eps": -0.17,
            "eps_growth_year": null,
            "eps_4q": -0.64,
            "eps_4q_growth_year": null,
            "roe": -2.63,
            "roe_4q": -9.66,
            "gross_profit": 343,
            "gross_margin": 100,
            "gross_margin_4q_avg": 95.76,
            "net_income": -3943,
            "net_income_4q": null,
            "revenue": 343,
            "revenue_4q": null,
            "common_shares": 233950,
            "book_valuer_per_share": 6.33,
            "book_valuer_per_share_4q_avg": 6.61,
            "equity": 148120,
            "current_ratio": 81.44,
            "debt_ratio": 27.27,
            "inventory_turnover_ratio": null,
            "account_receivable_turnover_ratio": 17.59,
            "reinvestment_rate": null,
            "research_to_sale_ratio": 0,
            "price_fair": 0,
            "eps_avg_yearly": 0,
            "eps_latest_yearly": 0,
            "eps_growth_yearly": 0
        },
        "20222": {
            "year_quarter": 20222,
            "year": 2022,
            "quarter": 2,
            "eps": -0.06,
            "eps_growth_year": null,
            "eps_4q": -0.6,
            "eps_4q_growth_year": null,
            "roe": -0.94,
            "roe_4q": -9.139999999999999,
            "gross_profit": 420,
            "gross_margin": 100,
            "gross_margin_4q_avg": 100,
            "net_income": -1382,
            "net_income_4q": null,
            "revenue": 420,
            "revenue_4q": null,
            "common_shares": 233950,
            "book_valuer_per_share": 6.27,
            "book_valuer_per_share_4q_avg": 6.45,
            "equity": 146774,
            "current_ratio": 66.76,
            "debt_ratio": 25.63,
            "inventory_turnover_ratio": null,
            "account_receivable_turnover_ratio": 25.45,
            "reinvestment_rate": null,
            "research_to_sale_ratio": 0,
            "price_fair": 0,
            "eps_avg_yearly": 0,
            "eps_latest_yearly": 0,
            "eps_growth_yearly": 0
        },
        "20223": {
            "year_quarter": 20223,
            "year": 2022,
            "quarter": 3,
            "eps": -0.17,
            "eps_growth_year": null,
            "eps_4q": -0.6,
            "eps_4q_growth_year": null,
            "roe": -2.74,
            "roe_4q": -9.36,
            "gross_profit": 664,
            "gross_margin": 39.83,
            "gross_margin_4q_avg": 84.96,
            "net_income": -3965,
            "net_income_4q": null,
            "revenue": 1667,
            "revenue_4q": null,
            "common_shares": 233950,
            "book_valuer_per_share": 6.11,
            "book_valuer_per_share_4q_avg": 6.3,
            "equity": 142920,
            "current_ratio": 116.19,
            "debt_ratio": 33.58,
            "inventory_turnover_ratio": null,
            "account_receivable_turnover_ratio": 2.34,
            "reinvestment_rate": null,
            "research_to_sale_ratio": 17.16,
            "price_fair": 0,
            "eps_avg_yearly": 0,
            "eps_latest_yearly": 0,
            "eps_growth_yearly": 0
        },
        "20224": {
            "year_quarter": 20224,
            "year": 2022,
            "quarter": 4,
            "eps": 0.64,
            "eps_growth_year": null,
            "eps_4q": 0.24,
            "eps_4q_growth_year": null,
            "roe": 6.25,
            "roe_4q": -0.06000000000000005,
            "gross_profit": -516,
            "gross_margin": -29.81,
            "gross_margin_4q_avg": 52.51,
            "net_income": 14999,
            "net_income_4q": null,
            "revenue": 1731,
            "revenue_4q": null,
            "common_shares": 233950,
            "book_valuer_per_share": 14.4,
            "book_valuer_per_share_4q_avg": 8.28,
            "equity": 336853,
            "current_ratio": 359.37,
            "debt_ratio": 24.68,
            "inventory_turnover_ratio": null,
            "account_receivable_turnover_ratio": 1.61,
            "reinvestment_rate": null,
            "research_to_sale_ratio": 59.39,
            "price_fair": 0,
            "eps_avg_yearly": 0,
            "eps_latest_yearly": 0,
            "eps_growth_yearly": 0
        },
        "20231": {
            "year_quarter": 20231,
            "year": 2023,
            "quarter": 1,
            "eps": -0.27,
            "eps_growth_year": null,
            "eps_4q": 0.14,
            "eps_4q_growth_year": null,
            "roe": -1.9,
            "roe_4q": 0.6699999999999995,
            "gross_profit": 1188,
            "gross_margin": 32.43,
            "gross_margin_4q_avg": 35.61,
            "net_income": -6340,
            "net_income_4q": null,
            "revenue": 3663,
            "revenue_4q": null,
            "common_shares": 233950,
            "book_valuer_per_share": 14.13,
            "book_valuer_per_share_4q_avg": 10.23,
            "equity": 330495,
            "current_ratio": 288.53,
            "debt_ratio": 24.46,
            "inventory_turnover_ratio": null,
            "account_receivable_turnover_ratio": 1.45,
            "reinvestment_rate": null,
            "research_to_sale_ratio": 28.56,
            "price_fair": 0,
            "eps_avg_yearly": 0,
            "eps_latest_yearly": 0,
            "eps_growth_yearly": 0
        },
        "20232": {
            "year_quarter": 20232,
            "year": 2023,
            "quarter": 2,
            "eps": -0.25,
            "eps_growth_year": null,
            "eps_4q": -0.05,
            "eps_4q_growth_year": null,
            "roe": -1.76,
            "roe_4q": -0.15000000000000036,
            "gross_profit": 515,
            "gross_margin": 11.87,
            "gross_margin_4q_avg": 13.58,
            "net_income": -5764,
            "net_income_4q": null,
            "revenue": 4340,
            "revenue_4q": null,
            "common_shares": 233950,
            "book_valuer_per_share": 13.88,
            "book_valuer_per_share_4q_avg": 12.13,
            "equity": 324735,
            "current_ratio": 414.68,
            "debt_ratio": 24.78,
            "inventory_turnover_ratio": null,
            "account_receivable_turnover_ratio": 1.01,
            "reinvestment_rate": null,
            "research_to_sale_ratio": 33.23,
            "price_fair": 0,
            "eps_avg_yearly": 0,
            "eps_latest_yearly": 0,
            "eps_growth_yearly": 0
        },
        "20233": {
            "year_quarter": 20233,
            "year": 2023,
            "quarter": 3,
            "eps": -0.29,
            "eps_growth_year": null,
            "eps_4q": -0.17,
            "eps_4q_growth_year": null,
            "roe": -2.12,
            "roe_4q": 0.47000000000000064,
            "gross_profit": -610,
            "gross_margin": -11.35,
            "gross_margin_4q_avg": 0.79,
            "net_income": -6817,
            "net_income_4q": null,
            "revenue": 5375,
            "revenue_4q": null,
            "common_shares": 233950,
            "book_valuer_per_share": 13.59,
            "book_valuer_per_share_4q_avg": 14,
            "equity": 318004,
            "current_ratio": 353.88,
            "debt_ratio": 25.15,
            "inventory_turnover_ratio": null,
            "account_receivable_turnover_ratio": 1.32,
            "reinvestment_rate": null,
            "research_to_sale_ratio": 36.47,
            "price_fair": 0,
            "eps_avg_yearly": 0,
            "eps_latest_yearly": 0,
            "eps_growth_yearly": 0
        }
    },
    "months": {
        "2002-03": {
            "month": "2002-03",
            "price": "47.13",
            "revenue": 33558
        },
        "2002-04": {
            "month": "2002-04",
            "price": "48.46",
            "revenue": 2113
        },
        "2002-05": {
            "month": "2002-05",
            "price": "39.24",
            "revenue": 9648
        },
        "2002-06": {
            "month": "2002-06",
            "price": "33.89",
            "revenue": 33047
        },
        "2002-07": {
            "month": "2002-07",
            "price": "28.94",
            "revenue": 12072
        },
        "2002-08": {
            "month": "2002-08",
            "price": "24.09",
            "revenue": 15781
        },
        "2002-09": {
            "month": "2002-09",
            "price": "14.99",
            "revenue": 13764
        },
        "2002-10": {
            "month": "2002-10",
            "price": "15.93",
            "revenue": 30402
        },
        "2002-11": {
            "month": "2002-11",
            "price": "17.84",
            "revenue": 11577
        },
        "2002-12": {
            "month": "2002-12",
            "price": "16.39",
            "revenue": 37319
        },
        "2003-01": {
            "month": "2003-01",
            "price": "17.21",
            "revenue": 1433
        },
        "2003-02": {
            "month": "2003-02",
            "price": "16.81",
            "revenue": -8404
        },
        "2003-03": {
            "month": "2003-03",
            "price": "14.61",
            "revenue": 10373
        },
        "2003-04": {
            "month": "2003-04",
            "price": "12.49",
            "revenue": 6996
        },
        "2003-05": {
            "month": "2003-05",
            "price": "11.93",
            "revenue": 280
        },
        "2003-06": {
            "month": "2003-06",
            "price": "13.06",
            "revenue": 18406
        },
        "2003-07": {
            "month": "2003-07",
            "price": "13.93",
            "revenue": 9863
        },
        "2003-08": {
            "month": "2003-08",
            "price": "13.50",
            "revenue": 12951
        },
        "2003-09": {
            "month": "2003-09",
            "price": "12.34",
            "revenue": 11974
        },
        "2003-10": {
            "month": "2003-10",
            "price": "10.63",
            "revenue": 14405
        },
        "2003-11": {
            "month": "2003-11",
            "price": "10.97",
            "revenue": 11423
        },
        "2003-12": {
            "month": "2003-12",
            "price": "12.67",
            "revenue": 13092
        },
        "2004-01": {
            "month": "2004-01",
            "price": "13.10",
            "revenue": 14967
        },
        "2004-02": {
            "month": "2004-02",
            "price": "14.76",
            "revenue": 12962
        },
        "2004-03": {
            "month": "2004-03",
            "price": "14.27",
            "revenue": 18878
        },
        "2004-04": {
            "month": "2004-04",
            "price": "14.32",
            "revenue": 8935
        },
        "2004-05": {
            "month": "2004-05",
            "price": "14.24",
            "revenue": 7908
        },
        "2004-06": {
            "month": "2004-06",
            "price": "13.36",
            "revenue": 20990
        },
        "2004-07": {
            "month": "2004-07",
            "price": "11.09",
            "revenue": 13626
        },
        "2004-08": {
            "month": "2004-08",
            "price": "11.56",
            "revenue": 15070
        },
        "2004-09": {
            "month": "2004-09",
            "price": "12.70",
            "revenue": 17073
        },
        "2004-10": {
            "month": "2004-10",
            "price": "13.10",
            "revenue": 22879
        },
        "2004-11": {
            "month": "2004-11",
            "price": "12.42",
            "revenue": 22453
        },
        "2004-12": {
            "month": "2004-12",
            "price": "11.57",
            "revenue": 9709
        },
        "2005-01": {
            "month": "2005-01",
            "price": "11.38",
            "revenue": 3946
        },
        "2005-02": {
            "month": "2005-02",
            "price": "11.37",
            "revenue": 8622
        },
        "2005-03": {
            "month": "2005-03",
            "price": "11.52",
            "revenue": 23021
        },
        "2005-04": {
            "month": "2005-04",
            "price": "12.38",
            "revenue": 14431
        },
        "2005-05": {
            "month": "2005-05",
            "price": "10.53",
            "revenue": 11250
        },
        "2005-06": {
            "month": "2005-06",
            "price": "13.35",
            "revenue": 19857
        },
        "2005-07": {
            "month": "2005-07",
            "price": "13.30",
            "revenue": 13041
        },
        "2005-08": {
            "month": "2005-08",
            "price": "10.47",
            "revenue": 12728
        },
        "2005-09": {
            "month": "2005-09",
            "price": "9.82",
            "revenue": 15658
        },
        "2005-10": {
            "month": "2005-10",
            "price": "9.44",
            "revenue": 15933
        },
        "2005-11": {
            "month": "2005-11",
            "price": "9.01",
            "revenue": 17233
        },
        "2005-12": {
            "month": "2005-12",
            "price": "9.12",
            "revenue": 32340
        },
        "2006-01": {
            "month": "2006-01",
            "price": "9.83",
            "revenue": 14490
        },
        "2006-02": {
            "month": "2006-02",
            "price": "11.11",
            "revenue": 19239
        },
        "2006-03": {
            "month": "2006-03",
            "price": "13.64",
            "revenue": 25940
        },
        "2006-04": {
            "month": "2006-04",
            "price": "16.44",
            "revenue": 22294
        },
        "2006-05": {
            "month": "2006-05",
            "price": "15.92",
            "revenue": 21119
        },
        "2006-06": {
            "month": "2006-06",
            "price": "15.28",
            "revenue": 15982
        },
        "2006-07": {
            "month": "2006-07",
            "price": "14.23",
            "revenue": 17558
        },
        "2006-08": {
            "month": "2006-08",
            "price": "14.78",
            "revenue": 17789
        },
        "2006-09": {
            "month": "2006-09",
            "price": "15.32",
            "revenue": 18372
        },
        "2006-10": {
            "month": "2006-10",
            "price": "16.55",
            "revenue": 21358
        },
        "2006-11": {
            "month": "2006-11",
            "price": "16.16",
            "revenue": 20974
        },
        "2006-12": {
            "month": "2006-12",
            "price": "19.90",
            "revenue": 20088
        },
        "2007-01": {
            "month": "2007-01",
            "price": "22.33",
            "revenue": 14310
        },
        "2007-02": {
            "month": "2007-02",
            "price": "22.17",
            "revenue": 10616
        },
        "2007-03": {
            "month": "2007-03",
            "price": "20.39",
            "revenue": 8340
        },
        "2007-04": {
            "month": "2007-04",
            "price": "20.75",
            "revenue": 14141
        },
        "2007-05": {
            "month": "2007-05",
            "price": "20.20",
            "revenue": 8440
        },
        "2007-06": {
            "month": "2007-06",
            "price": "20.88",
            "revenue": 22913
        },
        "2007-07": {
            "month": "2007-07",
            "price": "31.06",
            "revenue": 25716
        },
        "2007-08": {
            "month": "2007-08",
            "price": "31.10",
            "revenue": 20469
        },
        "2007-09": {
            "month": "2007-09",
            "price": "26.82",
            "revenue": 16901
        },
        "2007-10": {
            "month": "2007-10",
            "price": "28.46",
            "revenue": 18548
        },
        "2007-11": {
            "month": "2007-11",
            "price": "28.35",
            "revenue": 18097
        },
        "2007-12": {
            "month": "2007-12",
            "price": "24.08",
            "revenue": 30136
        },
        "2008-01": {
            "month": "2008-01",
            "price": "16.52",
            "revenue": 15549
        },
        "2008-02": {
            "month": "2008-02",
            "price": "14.89",
            "revenue": 8319
        },
        "2008-03": {
            "month": "2008-03",
            "price": "16.67",
            "revenue": 9459
        },
        "2008-04": {
            "month": "2008-04",
            "price": "18.02",
            "revenue": 17007
        },
        "2008-05": {
            "month": "2008-05",
            "price": "18.17",
            "revenue": 12209
        },
        "2008-06": {
            "month": "2008-06",
            "price": "16.97",
            "revenue": 17174
        },
        "2008-07": {
            "month": "2008-07",
            "price": "13.01",
            "revenue": 19657
        },
        "2008-08": {
            "month": "2008-08",
            "price": "11.67",
            "revenue": 22823
        },
        "2008-09": {
            "month": "2008-09",
            "price": "9.77",
            "revenue": 19143
        },
        "2008-10": {
            "month": "2008-10",
            "price": "8.66",
            "revenue": 147861
        },
        "2008-11": {
            "month": "2008-11",
            "price": "16.25",
            "revenue": 21472
        },
        "2008-12": {
            "month": "2008-12",
            "price": "29.52",
            "revenue": 19486
        },
        "2009-01": {
            "month": "2009-01",
            "price": "31.72",
            "revenue": 13763
        },
        "2009-02": {
            "month": "2009-02",
            "price": "31.01",
            "revenue": 13827
        },
        "2009-03": {
            "month": "2009-03",
            "price": "35.30",
            "revenue": 15882
        },
        "2009-04": {
            "month": "2009-04",
            "price": "47.60",
            "revenue": 11023
        },
        "2009-05": {
            "month": "2009-05",
            "price": "106.27",
            "revenue": 9392
        },
        "2009-06": {
            "month": "2009-06",
            "price": "100.36",
            "revenue": 9486
        },
        "2009-07": {
            "month": "2009-07",
            "price": "114.23",
            "revenue": 9166
        },
        "2009-08": {
            "month": "2009-08",
            "price": "124.95",
            "revenue": 9101
        },
        "2009-09": {
            "month": "2009-09",
            "price": "123.36",
            "revenue": 140464
        },
        "2009-10": {
            "month": "2009-10",
            "price": "125.11",
            "revenue": 9050
        },
        "2009-11": {
            "month": "2009-11",
            "price": "124.31",
            "revenue": 9055
        },
        "2009-12": {
            "month": "2009-12",
            "price": "123.96",
            "revenue": 9004
        },
        "2010-01": {
            "month": "2010-01",
            "price": "148.82",
            "revenue": 9380
        },
        "2010-02": {
            "month": "2010-02",
            "price": "152.82",
            "revenue": 9469
        },
        "2010-03": {
            "month": "2010-03",
            "price": "146.43",
            "revenue": 9582
        },
        "2010-04": {
            "month": "2010-04",
            "price": "144.55",
            "revenue": 10134
        },
        "2010-05": {
            "month": "2010-05",
            "price": "125.40",
            "revenue": 14402
        },
        "2010-06": {
            "month": "2010-06",
            "price": "120.79",
            "revenue": 14780
        },
        "2010-07": {
            "month": "2010-07",
            "price": "116.50",
            "revenue": 13023
        },
        "2010-08": {
            "month": "2010-08",
            "price": "87.98",
            "revenue": 11220
        },
        "2010-09": {
            "month": "2010-09",
            "price": "74.00",
            "revenue": 12121
        },
        "2010-10": {
            "month": "2010-10",
            "price": "66.02",
            "revenue": 11552
        },
        "2010-11": {
            "month": "2010-11",
            "price": "70.13",
            "revenue": 11057
        },
        "2010-12": {
            "month": "2010-12",
            "price": "73.50",
            "revenue": 11676
        },
        "2011-01": {
            "month": "2011-01",
            "price": "71.50",
            "revenue": 11951
        },
        "2011-02": {
            "month": "2011-02",
            "price": "58.68",
            "revenue": 11842
        },
        "2011-03": {
            "month": "2011-03",
            "price": "53.85",
            "revenue": 17242
        },
        "2011-04": {
            "month": "2011-04",
            "price": "50.83",
            "revenue": 16107
        },
        "2011-05": {
            "month": "2011-05",
            "price": "60.17",
            "revenue": 14501
        },
        "2011-06": {
            "month": "2011-06",
            "price": "66.90",
            "revenue": 14663
        },
        "2011-07": {
            "month": "2011-07",
            "price": "58.83",
            "revenue": 13315
        },
        "2011-08": {
            "month": "2011-08",
            "price": "39.41",
            "revenue": 13475
        },
        "2011-09": {
            "month": "2011-09",
            "price": "34.56",
            "revenue": 13611
        },
        "2011-10": {
            "month": "2011-10",
            "price": "34.24",
            "revenue": 13774
        },
        "2011-11": {
            "month": "2011-11",
            "price": "36.09",
            "revenue": 7393
        },
        "2011-12": {
            "month": "2011-12",
            "price": "30.19",
            "revenue": 5827
        },
        "2012-01": {
            "month": "2012-01",
            "price": "32.97",
            "revenue": 5182
        },
        "2012-02": {
            "month": "2012-02",
            "price": "38.31",
            "revenue": 5286
        },
        "2012-03": {
            "month": "2012-03",
            "price": "35.70",
            "revenue": 3272
        },
        "2012-04": {
            "month": "2012-04",
            "price": "30.94",
            "revenue": 2238
        },
        "2012-05": {
            "month": "2012-05",
            "price": "29.18",
            "revenue": 4132
        },
        "2012-06": {
            "month": "2012-06",
            "price": "28.31",
            "revenue": 1641
        },
        "2012-07": {
            "month": "2012-07",
            "price": "27.43",
            "revenue": 4688
        },
        "2012-08": {
            "month": "2012-08",
            "price": "21.80",
            "revenue": 5697
        },
        "2012-09": {
            "month": "2012-09",
            "price": "20.42",
            "revenue": 4330
        },
        "2012-10": {
            "month": "2012-10",
            "price": "21.26",
            "revenue": 4633
        },
        "2012-11": {
            "month": "2012-11",
            "price": "17.92",
            "revenue": 7188
        },
        "2012-12": {
            "month": "2012-12",
            "price": "25.18",
            "revenue": 4644
        },
        "2013-01": {
            "month": "2013-01",
            "price": "32.10",
            "revenue": 15333
        },
        "2013-02": {
            "month": "2013-02",
            "price": "28.74",
            "revenue": 28209
        },
        "2013-03": {
            "month": "2013-03",
            "price": "28.07",
            "revenue": 25719
        },
        "2013-04": {
            "month": "2013-04",
            "price": "25.09",
            "revenue": 25877
        },
        "2013-05": {
            "month": "2013-05",
            "price": "26.03",
            "revenue": 25871
        },
        "2013-06": {
            "month": "2013-06",
            "price": "29.06",
            "revenue": 29632
        },
        "2013-07": {
            "month": "2013-07",
            "price": "25.51",
            "revenue": 29524
        },
        "2013-08": {
            "month": "2013-08",
            "price": "24.13",
            "revenue": 28614
        },
        "2013-09": {
            "month": "2013-09",
            "price": "23.34",
            "revenue": 30105
        },
        "2013-10": {
            "month": "2013-10",
            "price": "23.40",
            "revenue": 26403
        },
        "2013-11": {
            "month": "2013-11",
            "price": "23.12",
            "revenue": 28012
        },
        "2013-12": {
            "month": "2013-12",
            "price": "23.41",
            "revenue": 35629
        },
        "2014-01": {
            "month": "2014-01",
            "price": "25.66",
            "revenue": 32010
        },
        "2014-02": {
            "month": "2014-02",
            "price": "23.99",
            "revenue": 20028
        },
        "2014-03": {
            "month": "2014-03",
            "price": "28.35",
            "revenue": 19529
        },
        "2014-04": {
            "month": "2014-04",
            "price": "30.30",
            "revenue": 20175
        },
        "2014-05": {
            "month": "2014-05",
            "price": "28.84",
            "revenue": 17791
        },
        "2014-06": {
            "month": "2014-06",
            "price": "29.36",
            "revenue": 24079
        },
        "2014-07": {
            "month": "2014-07",
            "price": "26.84",
            "revenue": 16664
        },
        "2014-08": {
            "month": "2014-08",
            "price": "23.35",
            "revenue": 15152
        },
        "2014-09": {
            "month": "2014-09",
            "price": "22.48",
            "revenue": 14647
        },
        "2014-10": {
            "month": "2014-10",
            "price": "21.22",
            "revenue": 14265
        },
        "2014-11": {
            "month": "2014-11",
            "price": "21.16",
            "revenue": 14374
        },
        "2014-12": {
            "month": "2014-12",
            "price": "22.81",
            "revenue": 18886
        },
        "2015-01": {
            "month": "2015-01",
            "price": "23.50",
            "revenue": 20045
        },
        "2015-02": {
            "month": "2015-02",
            "price": "22.73",
            "revenue": 12689
        },
        "2015-03": {
            "month": "2015-03",
            "price": "21.94",
            "revenue": 21349
        },
        "2015-04": {
            "month": "2015-04",
            "price": "21.31",
            "revenue": 10984
        },
        "2015-05": {
            "month": "2015-05",
            "price": "19.90",
            "revenue": 13637
        },
        "2015-06": {
            "month": "2015-06",
            "price": "18.07",
            "revenue": 12090
        },
        "2015-07": {
            "month": "2015-07",
            "price": "16.30",
            "revenue": 12059
        },
        "2015-08": {
            "month": "2015-08",
            "price": "12.40",
            "revenue": 11590
        },
        "2015-09": {
            "month": "2015-09",
            "price": "17.10",
            "revenue": 20760
        },
        "2015-10": {
            "month": "2015-10",
            "price": "19.80",
            "revenue": 12571
        },
        "2015-11": {
            "month": "2015-11",
            "price": "23.42",
            "revenue": 15188
        },
        "2015-12": {
            "month": "2015-12",
            "price": "27.94",
            "revenue": 17675
        },
        "2016-01": {
            "month": "2016-01",
            "price": "26.24",
            "revenue": 27141
        },
        "2016-02": {
            "month": "2016-02",
            "price": "26.66",
            "revenue": 21273
        },
        "2016-03": {
            "month": "2016-03",
            "price": "35.87",
            "revenue": 21061
        },
        "2016-04": {
            "month": "2016-04",
            "price": "33.19",
            "revenue": 20359
        },
        "2016-05": {
            "month": "2016-05",
            "price": "28.67",
            "revenue": 17112
        },
        "2016-06": {
            "month": "2016-06",
            "price": "30.23",
            "revenue": 13746
        },
        "2016-07": {
            "month": "2016-07",
            "price": "28.98",
            "revenue": 19063
        },
        "2016-08": {
            "month": "2016-08",
            "price": "31.25",
            "revenue": 16366
        },
        "2016-09": {
            "month": "2016-09",
            "price": "29.53",
            "revenue": 17180
        },
        "2016-10": {
            "month": "2016-10",
            "price": "27.97",
            "revenue": 16161
        },
        "2016-11": {
            "month": "2016-11",
            "price": "26.93",
            "revenue": 26901
        },
        "2016-12": {
            "month": "2016-12",
            "price": "26.75",
            "revenue": 25252
        },
        "2017-01": {
            "month": "2017-01",
            "price": "27.12",
            "revenue": 17696
        },
        "2017-02": {
            "month": "2017-02",
            "price": "25.78",
            "revenue": 12501
        },
        "2017-03": {
            "month": "2017-03",
            "price": "26.63",
            "revenue": 12456
        },
        "2017-04": {
            "month": "2017-04",
            "price": "25.37",
            "revenue": 9439
        },
        "2017-05": {
            "month": "2017-05",
            "price": "27.36",
            "revenue": 32974
        },
        "2017-06": {
            "month": "2017-06",
            "price": "35.77",
            "revenue": 63699
        },
        "2017-07": {
            "month": "2017-07",
            "price": "40.60",
            "revenue": 81715
        },
        "2017-08": {
            "month": "2017-08",
            "price": "43.01",
            "revenue": 68223
        },
        "2017-09": {
            "month": "2017-09",
            "price": "51.57",
            "revenue": 52825
        },
        "2017-10": {
            "month": "2017-10",
            "price": "44.32",
            "revenue": 40000
        },
        "2017-11": {
            "month": "2017-11",
            "price": "41.56",
            "revenue": 57403
        },
        "2017-12": {
            "month": "2017-12",
            "price": "38.99",
            "revenue": 54406
        },
        "2018-01": {
            "month": "2018-01",
            "price": "41.21",
            "revenue": 58490
        },
        "2018-02": {
            "month": "2018-02",
            "price": "37.35",
            "revenue": 50546
        },
        "2018-03": {
            "month": "2018-03",
            "price": "36.02",
            "revenue": 64923
        },
        "2018-04": {
            "month": "2018-04",
            "price": "37.14",
            "revenue": 62377
        },
        "2018-05": {
            "month": "2018-05",
            "price": "33.88",
            "revenue": 66796
        },
        "2018-06": {
            "month": "2018-06",
            "price": "32.66",
            "revenue": 62883
        },
        "2018-07": {
            "month": "2018-07",
            "price": "28.48",
            "revenue": 52810
        },
        "2018-08": {
            "month": "2018-08",
            "price": "23.89",
            "revenue": 59260
        },
        "2018-09": {
            "month": "2018-09",
            "price": "22.48",
            "revenue": 60609
        },
        "2018-10": {
            "month": "2018-10",
            "price": "20.58",
            "revenue": 69342
        },
        "2018-11": {
            "month": "2018-11",
            "price": "19.32",
            "revenue": 59713
        },
        "2018-12": {
            "month": "2018-12",
            "price": "20.65",
            "revenue": 74762
        },
        "2019-01": {
            "month": "2019-01",
            "price": "22.03",
            "revenue": 14607
        },
        "2019-02": {
            "month": "2019-02",
            "price": "22.58",
            "revenue": 15948
        },
        "2019-03": {
            "month": "2019-03",
            "price": "22.02",
            "revenue": 11809
        },
        "2019-04": {
            "month": "2019-04",
            "price": "16.11",
            "revenue": 9787
        },
        "2019-05": {
            "month": "2019-05",
            "price": "15.55",
            "revenue": 17970
        },
        "2019-06": {
            "month": "2019-06",
            "price": "14.16",
            "revenue": 15394
        },
        "2019-07": {
            "month": "2019-07",
            "price": "12.92",
            "revenue": 10325
        },
        "2019-08": {
            "month": "2019-08",
            "price": "11.40",
            "revenue": 12789
        },
        "2019-09": {
            "month": "2019-09",
            "price": "12.70",
            "revenue": 10382
        },
        "2019-10": {
            "month": "2019-10",
            "price": "17.94",
            "revenue": 10113
        },
        "2019-11": {
            "month": "2019-11",
            "price": "20.37",
            "revenue": 19537
        },
        "2019-12": {
            "month": "2019-12",
            "price": "29.15",
            "revenue": 33254
        },
        "2020-01": {
            "month": "2020-01",
            "price": "26.96",
            "revenue": 15219
        },
        "2020-02": {
            "month": "2020-02",
            "price": "36.87",
            "revenue": 12050
        },
        "2020-03": {
            "month": "2020-03",
            "price": "31.24",
            "revenue": 23288
        },
        "2020-04": {
            "month": "2020-04",
            "price": "30.36",
            "revenue": 15361
        },
        "2020-05": {
            "month": "2020-05",
            "price": "33.35",
            "revenue": 17723
        },
        "2020-06": {
            "month": "2020-06",
            "price": "44.58",
            "revenue": 16136
        },
        "2020-07": {
            "month": "2020-07",
            "price": "50.27",
            "revenue": 3069
        },
        "2020-08": {
            "month": "2020-08",
            "price": "32.23",
            "revenue": 2774
        },
        "2020-09": {
            "month": "2020-09",
            "price": "23.49",
            "revenue": 2849
        },
        "2020-10": {
            "month": "2020-10",
            "price": "22.27",
            "revenue": 3000
        },
        "2020-11": {
            "month": "2020-11",
            "price": "25.08",
            "revenue": 3072
        },
        "2020-12": {
            "month": "2020-12",
            "price": "28.43",
            "revenue": 3040
        },
        "2021-01": {
            "month": "2021-01",
            "price": "29.17",
            "revenue": 3491
        },
        "2021-02": {
            "month": "2021-02",
            "price": "27.49",
            "revenue": 769
        },
        "2021-03": {
            "month": "2021-03",
            "price": "26.27",
            "revenue": 736
        },
        "2021-04": {
            "month": "2021-04",
            "price": "27.10",
            "revenue": 746
        },
        "2021-05": {
            "month": "2021-05",
            "price": "25.53",
            "revenue": 742
        },
        "2021-06": {
            "month": "2021-06",
            "price": "24.88",
            "revenue": 1892
        },
        "2021-07": {
            "month": "2021-07",
            "price": "23.62",
            "revenue": 714
        },
        "2021-08": {
            "month": "2021-08",
            "price": "20.66",
            "revenue": 712
        },
        "2021-09": {
            "month": "2021-09",
            "price": "19.96",
            "revenue": 712
        },
        "2021-10": {
            "month": "2021-10",
            "price": "19.34",
            "revenue": 719
        },
        "2021-11": {
            "month": "2021-11",
            "price": "20.93",
            "revenue": 123
        },
        "2021-12": {
            "month": "2021-12",
            "price": "25.00",
            "revenue": 118
        },
        "2022-01": {
            "month": "2022-01",
            "price": "26.54",
            "revenue": 109
        },
        "2022-02": {
            "month": "2022-02",
            "price": "24.23",
            "revenue": 119
        },
        "2022-03": {
            "month": "2022-03",
            "price": "22.45",
            "revenue": 115
        },
        "2022-04": {
            "month": "2022-04",
            "price": "21.79",
            "revenue": 97
        },
        "2022-05": {
            "month": "2022-05",
            "price": "19.94",
            "revenue": 302
        },
        "2022-06": {
            "month": "2022-06",
            "price": "21.72",
            "revenue": 21
        },
        "2022-07": {
            "month": "2022-07",
            "price": "19.30",
            "revenue": 25
        },
        "2022-08": {
            "month": "2022-08",
            "price": "19.56",
            "revenue": 222
        },
        "2022-09": {
            "month": "2022-09",
            "price": "19.74",
            "revenue": 1420
        },
        "2022-10": {
            "month": "2022-10",
            "price": "17.94",
            "revenue": 38
        },
        "2022-11": {
            "month": "2022-11",
            "price": "18.20",
            "revenue": 759
        },
        "2022-12": {
            "month": "2022-12",
            "price": "19.61",
            "revenue": 934
        },
        "2023-01": {
            "month": "2023-01",
            "price": "19.96",
            "revenue": 1216
        },
        "2023-02": {
            "month": "2023-02",
            "price": "19.27",
            "revenue": 1217
        },
        "2023-03": {
            "month": "2023-03",
            "price": "18.95",
            "revenue": 1230
        },
        "2023-04": {
            "month": "2023-04",
            "price": "19.19",
            "revenue": 1220
        },
        "2023-05": {
            "month": "2023-05",
            "price": "21.22",
            "revenue": 1565
        },
        "2023-06": {
            "month": "2023-06",
            "price": "23.88",
            "revenue": 1555
        },
        "2023-07": {
            "month": "2023-07",
            "price": "24.86",
            "revenue": 1556
        },
        "2023-08": {
            "month": "2023-08",
            "price": "21.21",
            "revenue": 1900
        },
        "2023-09": {
            "month": "2023-09",
            "price": "21.48",
            "revenue": 1919
        },
        "2023-10": {
            "month": "2023-10",
            "price": "21.77",
            "revenue": 1950
        },
        "2023-11": {
            "month": "2023-11",
            "price": "22.32",
            "revenue": 1960
        }
    }
}
