{
    "summary": {
        "stock_name": "統振",
        "stock_id": "6170",
        "category": "通信網路",
        "main_business": "電信預付卡代理行銷<br>線上遊戲代理行銷<br>遊戲及網路服務平台之研究開發與營運",
        "website_url": "http://www.welldone.com.tw",
        "ceo": "何明哲",
        "pe_ratio": 20,
        "report_year_from": 2001,
        "report_year_to": 2023,
        "age": 23,
        "eps_negative_percentage": 13,
        "eps_growth_avg": {
            "last_all": 3.29,
            "last_2y": 19.38,
            "last_4y": 45.59,
            "last_8y": 23,
            "last_12y": 18.82,
            "last_16y": 7.57,
            "last_20y": 1.2,
            "at_2006_last_3y": -21.09,
            "at_2007_last_3y": -17.57,
            "at_2008_last_3y": -5.86,
            "at_2009_last_3y": -27.38,
            "at_2010_last_3y": -33.67,
            "at_2011_last_3y": 2.92,
            "at_2012_last_3y": -33.33,
            "at_2013_last_3y": 0,
            "at_2014_last_3y": 0,
            "at_2015_last_3y": -29.41,
            "at_2016_last_3y": -13.79,
            "at_2017_last_3y": -40.3,
            "at_2018_last_3y": -5.23,
            "at_2019_last_3y": 9.48,
            "at_2020_last_3y": 44.11,
            "at_2021_last_3y": 70.82,
            "at_2022_last_3y": 57.71,
            "at_2023_last_3y": 31.98,
            "at_2024_last_3y": 31.98,
            "at_2006_last_all": -8.7,
            "at_2007_last_all": -8.88,
            "at_2008_last_all": -6.36,
            "at_2009_last_all": -18.06,
            "at_2010_last_all": -18.06,
            "at_2011_last_all": -4.94,
            "at_2012_last_all": -14.45,
            "at_2013_last_all": -14.45,
            "at_2014_last_all": -14.45,
            "at_2015_last_all": -9.39,
            "at_2016_last_all": -14.34,
            "at_2017_last_all": -20.41,
            "at_2018_last_all": -11.81,
            "at_2019_last_all": -4.36,
            "at_2020_last_all": 0.27,
            "at_2021_last_all": 1.05,
            "at_2022_last_all": 3.64,
            "at_2023_last_all": 3.29,
            "at_2024_last_all": 3.29
        },
        "latest_eps": 2.78,
        "latest_price": 55.3,
        "latest_roe": 16.57,
        "latest_gross_margin": 32.95,
        "latest_equity": 1937411,
        "latest_revenue": 590034,
        "latest_gross_profit": 194389,
        "latest_net_income": 127600,
        "latest_debt_ratio": 51.1,
        "latest_current_ratio": 163.27,
        "latest_account_receivable_turnover_ratio": 2.43,
        "latest_inventory_turnover_ratio": 2.16,
        "latest_reinvestment_rate": 1.71,
        "latest_research_to_sale_ratio": 0
    },
    "eps_dividends": {
        "2000": {
            "cash": 0,
            "stock": 1.14,
            "eps": 0
        },
        "2001": {
            "cash": 0,
            "stock": 2.18,
            "eps": 4.11
        },
        "2002": {
            "cash": 0,
            "stock": 3.01,
            "eps": 5.79
        },
        "2003": {
            "cash": 1.23,
            "stock": 0.3,
            "eps": 4.41
        },
        "2004": {
            "cash": 1.56,
            "stock": 1.6,
            "eps": 2.73
        },
        "2005": {
            "cash": 1,
            "stock": 1,
            "eps": 2.35
        },
        "2006": {
            "cash": 0.55,
            "stock": 1,
            "eps": 2.15
        },
        "2007": {
            "cash": 0.7,
            "stock": 0.1,
            "eps": 1.94
        },
        "2008": {
            "cash": 0.7,
            "stock": 1,
            "eps": 2.11
        },
        "2009": {
            "cash": 0.7,
            "stock": 1,
            "eps": -0.46
        },
        "2010": {
            "cash": 0,
            "stock": 0,
            "eps": 0.14
        },
        "2011": {
            "cash": 0.12,
            "stock": 0,
            "eps": 1.33
        },
        "2012": {
            "cash": 0.63,
            "stock": 0.57,
            "eps": -0.31
        },
        "2013": {
            "cash": 0,
            "stock": 0,
            "eps": -1.17
        },
        "2014": {
            "cash": 0,
            "stock": 0,
            "eps": 0.34
        },
        "2015": {
            "cash": 0.29,
            "stock": 0,
            "eps": 0.48
        },
        "2016": {
            "cash": 0.43,
            "stock": 0,
            "eps": 0.15
        },
        "2017": {
            "cash": 0.12,
            "stock": 0,
            "eps": 0.01
        },
        "2018": {
            "cash": 0,
            "stock": 0,
            "eps": 0.03
        },
        "2019": {
            "cash": 0,
            "stock": 0,
            "eps": 0.96
        },
        "2020": {
            "cash": 0.9,
            "stock": 0,
            "eps": 1.63
        },
        "2021": {
            "cash": 1.4,
            "stock": 0,
            "eps": 1.85
        },
        "2022": {
            "cash": 1.6,
            "stock": 0,
            "eps": 2.73
        },
        "2023": {
            "cash": 2.1,
            "stock": 0,
            "eps": 2.65
        }
    },
    "dividends": {
        "2000-06-20": {
            "cash": 0,
            "stock": 1.14
        },
        "2001-05-31": {
            "cash": 0,
            "stock": 2.18
        },
        "2002-04-26": {
            "cash": 0,
            "stock": 3.01
        },
        "2003-05-27": {
            "cash": 1.23,
            "stock": 0.3
        },
        "2004-04-06": {
            "cash": 1.56,
            "stock": 1.6
        },
        "2005-04-27": {
            "cash": 1,
            "stock": 1
        },
        "2006-04-12": {
            "cash": 0.55,
            "stock": 1
        },
        "2007-04-27": {
            "cash": 0.7,
            "stock": 0.1
        },
        "2008-04-18": {
            "cash": 0.7,
            "stock": 1
        },
        "2009-04-29": {
            "cash": 0.7,
            "stock": 1
        },
        "2011-04-22": {
            "cash": 0.12,
            "stock": 0
        },
        "2012-06-05": {
            "cash": 0.63,
            "stock": 0.57
        },
        "2015-07-31": {
            "cash": 0.29,
            "stock": 0
        },
        "2016-07-21": {
            "cash": 0.43,
            "stock": 0
        },
        "2017-07-27": {
            "cash": 0.12,
            "stock": 0
        },
        "2020-08-21": {
            "cash": 0.9,
            "stock": 0
        },
        "2021-07-29": {
            "cash": 1.4,
            "stock": 0
        },
        "2022-08-10": {
            "cash": 1.6,
            "stock": 0
        },
        "2023-08-10": {
            "cash": 2.1,
            "stock": 0
        }
    },
    "prices": {
        "200101": "無",
        "200102": "無",
        "200103": "無",
        "200104": "無",
        "200105": "無",
        "200106": "無",
        "200107": "無",
        "200108": "無",
        "200109": "無",
        "200110": "無",
        "200111": "無",
        "200112": "無",
        "200201": "無",
        "200202": "無",
        "200203": "無",
        "200204": "76.82",
        "200205": "68.68",
        "200206": "56.00",
        "200207": "57.63",
        "200208": "63.91",
        "200209": "62.00",
        "200210": "60.39",
        "200211": "64.00",
        "200212": "67.07",
        "200301": "63.39",
        "200302": "59.38",
        "200303": "57.17",
        "200304": "55.61",
        "200305": "56.95",
        "200306": "62.32",
        "200307": "66.35",
        "200308": "57.10",
        "200309": "52.74",
        "200310": "53.11",
        "200311": "53.90",
        "200312": "52.46",
        "200401": "52.10",
        "200402": "52.10",
        "200403": "50.49",
        "200404": "46.20",
        "200405": "38.60",
        "200406": "37.76",
        "200407": "31.73",
        "200408": "25.28",
        "200409": "22.11",
        "200410": "20.36",
        "200411": "21.18",
        "200412": "21.60",
        "200501": "20.85",
        "200502": "21.78",
        "200503": "25.79",
        "200504": "25.70",
        "200505": "21.52",
        "200506": "22.90",
        "200507": "24.23",
        "200508": "21.10",
        "200509": "17.52",
        "200510": "18.20",
        "200511": "18.34",
        "200512": "22.06",
        "200601": "24.84",
        "200602": "27.99",
        "200603": "27.87",
        "200604": "26.58",
        "200605": "24.47",
        "200606": "21.01",
        "200607": "20.11",
        "200608": "20.74",
        "200609": "19.77",
        "200610": "18.71",
        "200611": "20.75",
        "200612": "24.25",
        "200701": "29.97",
        "200702": "28.32",
        "200703": "34.27",
        "200704": "37.18",
        "200705": "34.47",
        "200706": "37.16",
        "200707": "48.24",
        "200708": "50.68",
        "200709": "40.97",
        "200710": "36.97",
        "200711": "29.43",
        "200712": "23.76",
        "200801": "20.23",
        "200802": "19.74",
        "200803": "22.50",
        "200804": "25.77",
        "200805": "31.76",
        "200806": "36.52",
        "200807": "33.92",
        "200808": "33.66",
        "200809": "23.15",
        "200810": "19.59",
        "200811": "21.90",
        "200812": "21.50",
        "200901": "20.25",
        "200902": "22.60",
        "200903": "26.63",
        "200904": "28.76",
        "200905": "28.21",
        "200906": "27.93",
        "200907": "29.36",
        "200908": "28.38",
        "200909": "29.74",
        "200910": "36.80",
        "200911": "36.22",
        "200912": "37.76",
        "201001": "35.57",
        "201002": "27.74",
        "201003": "29.72",
        "201004": "29.04",
        "201005": "22.84",
        "201006": "22.39",
        "201007": "25.17",
        "201008": "26.05",
        "201009": "25.28",
        "201010": "23.82",
        "201011": "21.39",
        "201012": "22.54",
        "201101": "21.53",
        "201102": "21.86",
        "201103": "23.04",
        "201104": "23.03",
        "201105": "23.47",
        "201106": "25.07",
        "201107": "25.53",
        "201108": "21.08",
        "201109": "19.68",
        "201110": "19.32",
        "201111": "19.46",
        "201112": "18.95",
        "201201": "18.71",
        "201202": "22.02",
        "201203": "25.03",
        "201204": "21.74",
        "201205": "19.80",
        "201206": "18.46",
        "201207": "18.60",
        "201208": "17.69",
        "201209": "16.89",
        "201210": "15.09",
        "201211": "13.49",
        "201212": "13.85",
        "201301": "14.06",
        "201302": "13.75",
        "201303": "13.60",
        "201304": "12.06",
        "201305": "12.05",
        "201306": "11.64",
        "201307": "10.24",
        "201308": "10.93",
        "201309": "10.38",
        "201310": "10.97",
        "201311": "10.14",
        "201312": "10.60",
        "201401": "13.78",
        "201402": "15.05",
        "201403": "14.12",
        "201404": "12.51",
        "201405": "12.48",
        "201406": "12.40",
        "201407": "12.21",
        "201408": "11.37",
        "201409": "11.43",
        "201410": "11.83",
        "201411": "12.43",
        "201412": "12.39",
        "201501": "13.02",
        "201502": "12.22",
        "201503": "12.36",
        "201504": "12.43",
        "201505": "11.55",
        "201506": "10.67",
        "201507": "9.85",
        "201508": "7.44",
        "201509": "8.37",
        "201510": "9.04",
        "201511": "9.47",
        "201512": "10.14",
        "201601": "9.72",
        "201602": "9.56",
        "201603": "10.36",
        "201604": "10.87",
        "201605": "10.80",
        "201606": "10.85",
        "201607": "10.78",
        "201608": "10.00",
        "201609": "9.55",
        "201610": "9.51",
        "201611": "9.24",
        "201612": "9.06",
        "201701": "9.21",
        "201702": "9.50",
        "201703": "9.67",
        "201704": "9.04",
        "201705": "8.89",
        "201706": "9.12",
        "201707": "9.60",
        "201708": "9.30",
        "201709": "9.88",
        "201710": "13.62",
        "201711": "12.45",
        "201712": "12.00",
        "201801": "12.80",
        "201802": "12.18",
        "201803": "12.09",
        "201804": "11.69",
        "201805": "11.36",
        "201806": "11.88",
        "201807": "11.54",
        "201808": "11.23",
        "201809": "10.94",
        "201810": "9.91",
        "201811": "9.69",
        "201812": "10.90",
        "201901": "10.21",
        "201902": "10.93",
        "201903": "12.50",
        "201904": "13.98",
        "201905": "15.33",
        "201906": "13.94",
        "201907": "15.00",
        "201908": "15.11",
        "201909": "15.53",
        "201910": "14.36",
        "201911": "15.04",
        "201912": "16.14",
        "202001": "18.46",
        "202002": "17.54",
        "202003": "13.89",
        "202004": "14.37",
        "202005": "16.76",
        "202006": "17.80",
        "202007": "20.50",
        "202008": "20.18",
        "202009": "18.75",
        "202010": "17.82",
        "202011": "18.84",
        "202012": "19.39",
        "202101": "18.08",
        "202102": "17.36",
        "202103": "19.81",
        "202104": "26.03",
        "202105": "24.54",
        "202106": "25.72",
        "202107": "41.15",
        "202108": "37.98",
        "202109": "40.07",
        "202110": "41.80",
        "202111": "47.78",
        "202112": "44.33",
        "202201": "40.28",
        "202202": "37.42",
        "202203": "32.91",
        "202204": "31.71",
        "202205": "34.16",
        "202206": "32.25",
        "202207": "25.49",
        "202208": "28.93",
        "202209": "30.12",
        "202210": "30.89",
        "202211": "32.45",
        "202212": "35.06",
        "202301": "34.67",
        "202302": "36.40",
        "202303": "39.51",
        "202304": "39.42",
        "202305": "39.25",
        "202306": "40.22",
        "202307": "43.52",
        "202308": "53.33",
        "202309": "55.65",
        "202310": "57.14",
        "202311": "53.84",
        "202312": "56.34"
    },
    "quarters": {
        "20011": {
            "year_quarter": 20011,
            "year": 2001,
            "quarter": 1,
            "eps": 1.7,
            "eps_growth_year": null,
            "eps_4q": null,
            "eps_4q_growth_year": null,
            "roe": 10.44,
            "roe_4q": 10.44,
            "gross_profit": 70578,
            "gross_margin": 12.36,
            "gross_margin_4q_avg": 12.36,
            "net_income": 34584,
            "net_income_4q": null,
            "revenue": 570936,
            "revenue_4q": null,
            "common_shares": 202880,
            "book_valuer_per_share": 17.19,
            "book_valuer_per_share_4q_avg": 17.19,
            "equity": 348708,
            "current_ratio": 141.13,
            "debt_ratio": 64.91,
            "inventory_turnover_ratio": 1.48,
            "account_receivable_turnover_ratio": null,
            "reinvestment_rate": null,
            "research_to_sale_ratio": null,
            "price_fair": 0,
            "eps_avg_yearly": 0,
            "eps_latest_yearly": 0,
            "eps_growth_yearly": 0
        },
        "20012": {
            "year_quarter": 20012,
            "year": 2001,
            "quarter": 2,
            "eps": 0.54,
            "eps_growth_year": null,
            "eps_4q": null,
            "eps_4q_growth_year": null,
            "roe": 3.12,
            "roe_4q": 13.559999999999999,
            "gross_profit": 54348,
            "gross_margin": 10,
            "gross_margin_4q_avg": 11.18,
            "net_income": 11042,
            "net_income_4q": null,
            "revenue": 543684,
            "revenue_4q": null,
            "common_shares": 202880,
            "book_valuer_per_share": 17.66,
            "book_valuer_per_share_4q_avg": 17.43,
            "equity": 358204,
            "current_ratio": 156.75,
            "debt_ratio": 58.23,
            "inventory_turnover_ratio": 2.17,
            "account_receivable_turnover_ratio": null,
            "reinvestment_rate": null,
            "research_to_sale_ratio": null,
            "price_fair": 0,
            "eps_avg_yearly": 0,
            "eps_latest_yearly": 0,
            "eps_growth_yearly": 0
        },
        "20013": {
            "year_quarter": 20013,
            "year": 2001,
            "quarter": 3,
            "eps": 1.01,
            "eps_growth_year": null,
            "eps_4q": null,
            "eps_4q_growth_year": null,
            "roe": 6.77,
            "roe_4q": 20.33,
            "gross_profit": 73319,
            "gross_margin": 10.34,
            "gross_margin_4q_avg": 10.9,
            "net_income": 25096,
            "net_income_4q": null,
            "revenue": 709142,
            "revenue_4q": null,
            "common_shares": 249000,
            "book_valuer_per_share": 15.4,
            "book_valuer_per_share_4q_avg": 16.75,
            "equity": 383430,
            "current_ratio": 145.82,
            "debt_ratio": 63.99,
            "inventory_turnover_ratio": 3.92,
            "account_receivable_turnover_ratio": null,
            "reinvestment_rate": null,
            "research_to_sale_ratio": null,
            "price_fair": 0,
            "eps_avg_yearly": 0,
            "eps_latest_yearly": 0,
            "eps_growth_yearly": 0
        },
        "20014": {
            "year_quarter": 20014,
            "year": 2001,
            "quarter": 4,
            "eps": 0.86,
            "eps_growth_year": null,
            "eps_4q": 3.71,
            "eps_4q_growth_year": null,
            "roe": 5.42,
            "roe_4q": 25.75,
            "gross_profit": 63326,
            "gross_margin": 9.54,
            "gross_margin_4q_avg": 10.56,
            "net_income": 21364,
            "net_income_4q": null,
            "revenue": 663914,
            "revenue_4q": null,
            "common_shares": 249000,
            "book_valuer_per_share": 16.27,
            "book_valuer_per_share_4q_avg": 16.63,
            "equity": 405104,
            "current_ratio": 165.55,
            "debt_ratio": 53.41,
            "inventory_turnover_ratio": 4.6,
            "account_receivable_turnover_ratio": null,
            "reinvestment_rate": null,
            "research_to_sale_ratio": null,
            "price_fair": 0,
            "eps_avg_yearly": 0,
            "eps_latest_yearly": 0,
            "eps_growth_yearly": 0
        },
        "20021": {
            "year_quarter": 20021,
            "year": 2002,
            "quarter": 1,
            "eps": 1.32,
            "eps_growth_year": -22.35,
            "eps_4q": 3.62,
            "eps_4q_growth_year": null,
            "roe": 7.82,
            "roe_4q": 23.13,
            "gross_profit": 92781,
            "gross_margin": 13.92,
            "gross_margin_4q_avg": 10.95,
            "net_income": 32955,
            "net_income_4q": null,
            "revenue": 666324,
            "revenue_4q": null,
            "common_shares": 249000,
            "book_valuer_per_share": 17.59,
            "book_valuer_per_share_4q_avg": 16.73,
            "equity": 438018,
            "current_ratio": 157.56,
            "debt_ratio": 57.59,
            "inventory_turnover_ratio": 3.19,
            "account_receivable_turnover_ratio": null,
            "reinvestment_rate": null,
            "research_to_sale_ratio": null,
            "price_fair": 184.8,
            "eps_avg_yearly": 5.28,
            "eps_latest_yearly": 5.28,
            "eps_growth_yearly": 213.95
        },
        "20022": {
            "year_quarter": 20022,
            "year": 2002,
            "quarter": 2,
            "eps": 1.17,
            "eps_growth_year": 116.67,
            "eps_4q": 3.58,
            "eps_4q_growth_year": null,
            "roe": 8.46,
            "roe_4q": 28.470000000000002,
            "gross_profit": 104776,
            "gross_margin": 15.51,
            "gross_margin_4q_avg": 12.33,
            "net_income": 38499,
            "net_income_4q": null,
            "revenue": 675409,
            "revenue_4q": null,
            "common_shares": 329000,
            "book_valuer_per_share": 14.34,
            "book_valuer_per_share_4q_avg": 15.9,
            "equity": 471656,
            "current_ratio": 162.82,
            "debt_ratio": 53.8,
            "inventory_turnover_ratio": 2.18,
            "account_receivable_turnover_ratio": null,
            "reinvestment_rate": null,
            "research_to_sale_ratio": null,
            "price_fair": 174.3,
            "eps_avg_yearly": 4.98,
            "eps_latest_yearly": 4.68,
            "eps_growth_yearly": 84.25
        },
        "20023": {
            "year_quarter": 20023,
            "year": 2002,
            "quarter": 3,
            "eps": 1.31,
            "eps_growth_year": 29.7,
            "eps_4q": 4.13,
            "eps_4q_growth_year": null,
            "roe": 8.73,
            "roe_4q": 30.43,
            "gross_profit": 100310,
            "gross_margin": 12.59,
            "gross_margin_4q_avg": 12.89,
            "net_income": 43135,
            "net_income_4q": null,
            "revenue": 796522,
            "revenue_4q": null,
            "common_shares": 329000,
            "book_valuer_per_share": 15.71,
            "book_valuer_per_share_4q_avg": 15.98,
            "equity": 516869,
            "current_ratio": 158.27,
            "debt_ratio": 55.12,
            "inventory_turnover_ratio": 2.38,
            "account_receivable_turnover_ratio": null,
            "reinvestment_rate": null,
            "research_to_sale_ratio": null,
            "price_fair": 177.33,
            "eps_avg_yearly": 5.07,
            "eps_latest_yearly": 5.24,
            "eps_growth_yearly": 72.12
        },
        "20024": {
            "year_quarter": 20024,
            "year": 2002,
            "quarter": 4,
            "eps": 1.99,
            "eps_growth_year": 131.4,
            "eps_4q": 5.47,
            "eps_4q_growth_year": 47.55,
            "roe": 11.93,
            "roe_4q": 36.94,
            "gross_profit": 127174,
            "gross_margin": 13.03,
            "gross_margin_4q_avg": 13.76,
            "net_income": 65536,
            "net_income_4q": null,
            "revenue": 976338,
            "revenue_4q": null,
            "common_shares": 329000,
            "book_valuer_per_share": 17.69,
            "book_valuer_per_share_4q_avg": 16.33,
            "equity": 582153,
            "current_ratio": 226.04,
            "debt_ratio": 57.42,
            "inventory_turnover_ratio": 2.87,
            "account_receivable_turnover_ratio": null,
            "reinvestment_rate": null,
            "research_to_sale_ratio": null,
            "price_fair": 202.65,
            "eps_avg_yearly": 5.79,
            "eps_latest_yearly": 7.96,
            "eps_growth_yearly": 106
        },
        "20031": {
            "year_quarter": 20031,
            "year": 2003,
            "quarter": 1,
            "eps": 1.35,
            "eps_growth_year": 2.27,
            "eps_4q": 5.81,
            "eps_4q_growth_year": 60.25,
            "roe": 7.37,
            "roe_4q": 36.49,
            "gross_profit": 101319,
            "gross_margin": 12.73,
            "gross_margin_4q_avg": 13.47,
            "net_income": 44584,
            "net_income_4q": null,
            "revenue": 796066,
            "revenue_4q": null,
            "common_shares": 329120,
            "book_valuer_per_share": 19.06,
            "book_valuer_per_share_4q_avg": 16.7,
            "equity": 627431,
            "current_ratio": 309.43,
            "debt_ratio": 48.05,
            "inventory_turnover_ratio": 3.06,
            "account_receivable_turnover_ratio": null,
            "reinvestment_rate": null,
            "research_to_sale_ratio": null,
            "price_fair": 199.92,
            "eps_avg_yearly": 5.71,
            "eps_latest_yearly": 5.4,
            "eps_growth_yearly": 59.07
        },
        "20032": {
            "year_quarter": 20032,
            "year": 2003,
            "quarter": 2,
            "eps": 0.9,
            "eps_growth_year": -23.08,
            "eps_4q": 4.35,
            "eps_4q_growth_year": 21.44,
            "roe": 6.41,
            "roe_4q": 34.44,
            "gross_profit": 100755,
            "gross_margin": 11.73,
            "gross_margin_4q_avg": 12.52,
            "net_income": 39958,
            "net_income_4q": null,
            "revenue": 859170,
            "revenue_4q": null,
            "common_shares": 329120,
            "book_valuer_per_share": 18.84,
            "book_valuer_per_share_4q_avg": 17.83,
            "equity": 620066,
            "current_ratio": 274.33,
            "debt_ratio": 48.33,
            "inventory_turnover_ratio": 4.95,
            "account_receivable_turnover_ratio": null,
            "reinvestment_rate": null,
            "research_to_sale_ratio": null,
            "price_fair": 187.6,
            "eps_avg_yearly": 5.36,
            "eps_latest_yearly": 3.6,
            "eps_growth_yearly": 27
        },
        "20033": {
            "year_quarter": 20033,
            "year": 2003,
            "quarter": 3,
            "eps": 1.27,
            "eps_growth_year": -3.05,
            "eps_4q": 4.63,
            "eps_4q_growth_year": 12.1,
            "roe": 8.63,
            "roe_4q": 34.34,
            "gross_profit": 104819,
            "gross_margin": 10.79,
            "gross_margin_4q_avg": 12.07,
            "net_income": 56751,
            "net_income_4q": null,
            "revenue": 971266,
            "revenue_4q": null,
            "common_shares": 448878,
            "book_valuer_per_share": 15.49,
            "book_valuer_per_share_4q_avg": 17.77,
            "equity": 695325,
            "current_ratio": 212.81,
            "debt_ratio": 51.89,
            "inventory_turnover_ratio": 4.26,
            "account_receivable_turnover_ratio": null,
            "reinvestment_rate": null,
            "research_to_sale_ratio": null,
            "price_fair": 186.2,
            "eps_avg_yearly": 5.32,
            "eps_latest_yearly": 5.08,
            "eps_growth_yearly": 46.64
        },
        "20034": {
            "year_quarter": 20034,
            "year": 2003,
            "quarter": 4,
            "eps": 0.89,
            "eps_growth_year": -55.28,
            "eps_4q": 4.07,
            "eps_4q_growth_year": -25.56,
            "roe": 5.53,
            "roe_4q": 27.94,
            "gross_profit": 103968,
            "gross_margin": 9.84,
            "gross_margin_4q_avg": 11.27,
            "net_income": 39528,
            "net_income_4q": null,
            "revenue": 1056593,
            "revenue_4q": null,
            "common_shares": 448878,
            "book_valuer_per_share": 16.37,
            "book_valuer_per_share_4q_avg": 17.44,
            "equity": 734915,
            "current_ratio": 191.16,
            "debt_ratio": 55.05,
            "inventory_turnover_ratio": 3.63,
            "account_receivable_turnover_ratio": null,
            "reinvestment_rate": null,
            "research_to_sale_ratio": null,
            "price_fair": 178.5,
            "eps_avg_yearly": 5.1,
            "eps_latest_yearly": 3.56,
            "eps_growth_yearly": 25.85
        },
        "20041": {
            "year_quarter": 20041,
            "year": 2004,
            "quarter": 1,
            "eps": 0.93,
            "eps_growth_year": -31.11,
            "eps_4q": 3.96,
            "eps_4q_growth_year": -31.82,
            "roe": 5.54,
            "roe_4q": 26.110000000000003,
            "gross_profit": 102849,
            "gross_margin": 10.39,
            "gross_margin_4q_avg": 10.69,
            "net_income": 41831,
            "net_income_4q": null,
            "revenue": 990330,
            "revenue_4q": null,
            "common_shares": 448878,
            "book_valuer_per_share": 17.25,
            "book_valuer_per_share_4q_avg": 16.99,
            "equity": 774531,
            "current_ratio": 159.69,
            "debt_ratio": 61.97,
            "inventory_turnover_ratio": 2.45,
            "account_receivable_turnover_ratio": null,
            "reinvestment_rate": null,
            "research_to_sale_ratio": null,
            "price_fair": 173,
            "eps_avg_yearly": 4.95,
            "eps_latest_yearly": 3.72,
            "eps_growth_yearly": 24.97
        },
        "20042": {
            "year_quarter": 20042,
            "year": 2004,
            "quarter": 2,
            "eps": 0.71,
            "eps_growth_year": -21.11,
            "eps_4q": 3.28,
            "eps_4q_growth_year": -24.6,
            "roe": 5.04,
            "roe_4q": 24.740000000000002,
            "gross_profit": 132566,
            "gross_margin": 11.73,
            "gross_margin_4q_avg": 10.69,
            "net_income": 38137,
            "net_income_4q": null,
            "revenue": 1130101,
            "revenue_4q": null,
            "common_shares": 448878,
            "book_valuer_per_share": 16.44,
            "book_valuer_per_share_4q_avg": 16.39,
            "equity": 737920,
            "current_ratio": 165.23,
            "debt_ratio": 62.93,
            "inventory_turnover_ratio": 2.53,
            "account_receivable_turnover_ratio": null,
            "reinvestment_rate": null,
            "research_to_sale_ratio": null,
            "price_fair": 108.99,
            "eps_avg_yearly": 4.74,
            "eps_latest_yearly": 2.84,
            "eps_growth_yearly": 13.01
        },
        "20043": {
            "year_quarter": 20043,
            "year": 2004,
            "quarter": 3,
            "eps": 0.78,
            "eps_growth_year": -38.58,
            "eps_4q": 3.03,
            "eps_4q_growth_year": -34.6,
            "roe": 5.47,
            "roe_4q": 21.580000000000002,
            "gross_profit": 118261,
            "gross_margin": 10.69,
            "gross_margin_4q_avg": 10.66,
            "net_income": 41482,
            "net_income_4q": null,
            "revenue": 1106612,
            "revenue_4q": null,
            "common_shares": 533594,
            "book_valuer_per_share": 14.6,
            "book_valuer_per_share_4q_avg": 16.17,
            "equity": 779127,
            "current_ratio": 181.44,
            "debt_ratio": 59.1,
            "inventory_turnover_ratio": 2.87,
            "account_receivable_turnover_ratio": null,
            "reinvestment_rate": null,
            "research_to_sale_ratio": null,
            "price_fair": 116.63,
            "eps_avg_yearly": 4.59,
            "eps_latest_yearly": 3.12,
            "eps_growth_yearly": 15.42
        },
        "20044": {
            "year_quarter": 20044,
            "year": 2004,
            "quarter": 4,
            "eps": 0.31,
            "eps_growth_year": -65.17,
            "eps_4q": 2.56,
            "eps_4q_growth_year": -37.09,
            "roe": 2.13,
            "roe_4q": 18.18,
            "gross_profit": 100996,
            "gross_margin": 8.08,
            "gross_margin_4q_avg": 10.22,
            "net_income": 16723,
            "net_income_4q": null,
            "revenue": 1250435,
            "revenue_4q": null,
            "common_shares": 533594,
            "book_valuer_per_share": 14.82,
            "book_valuer_per_share_4q_avg": 15.78,
            "equity": 790530,
            "current_ratio": 158.14,
            "debt_ratio": 64.06,
            "inventory_turnover_ratio": 3.42,
            "account_receivable_turnover_ratio": null,
            "reinvestment_rate": 31.97,
            "research_to_sale_ratio": null,
            "price_fair": 12.93,
            "eps_avg_yearly": 4.31,
            "eps_latest_yearly": 1.24,
            "eps_growth_yearly": -5.95
        },
        "20051": {
            "year_quarter": 20051,
            "year": 2005,
            "quarter": 1,
            "eps": 0.36,
            "eps_growth_year": -61.29,
            "eps_4q": 2.17,
            "eps_4q_growth_year": -45.1,
            "roe": 2.39,
            "roe_4q": 15.029999999999998,
            "gross_profit": 76476,
            "gross_margin": 7.54,
            "gross_margin_4q_avg": 9.51,
            "net_income": 19126,
            "net_income_4q": null,
            "revenue": 1013719,
            "revenue_4q": null,
            "common_shares": 533594,
            "book_valuer_per_share": 15.17,
            "book_valuer_per_share_4q_avg": 15.26,
            "equity": 809252,
            "current_ratio": 176.6,
            "debt_ratio": 58.8,
            "inventory_turnover_ratio": 2.77,
            "account_receivable_turnover_ratio": null,
            "reinvestment_rate": 40.44,
            "research_to_sale_ratio": null,
            "price_fair": 12.27,
            "eps_avg_yearly": 4.09,
            "eps_latest_yearly": 1.44,
            "eps_growth_yearly": -0.53
        },
        "20052": {
            "year_quarter": 20052,
            "year": 2005,
            "quarter": 2,
            "eps": 0.5,
            "eps_growth_year": -29.58,
            "eps_4q": 1.8,
            "eps_4q_growth_year": -44.99,
            "roe": 3.73,
            "roe_4q": 13.719999999999999,
            "gross_profit": 116853,
            "gross_margin": 10.37,
            "gross_margin_4q_avg": 9.17,
            "net_income": 29629,
            "net_income_4q": null,
            "revenue": 1126861,
            "revenue_4q": null,
            "common_shares": 533594,
            "book_valuer_per_share": 14.59,
            "book_valuer_per_share_4q_avg": 14.8,
            "equity": 778403,
            "current_ratio": 150.61,
            "debt_ratio": 65.82,
            "inventory_turnover_ratio": 2.39,
            "account_receivable_turnover_ratio": null,
            "reinvestment_rate": 47.88,
            "research_to_sale_ratio": null,
            "price_fair": 81.22,
            "eps_avg_yearly": 3.94,
            "eps_latest_yearly": 2,
            "eps_growth_yearly": 10.62
        },
        "20053": {
            "year_quarter": 20053,
            "year": 2005,
            "quarter": 3,
            "eps": 0.69,
            "eps_growth_year": -11.54,
            "eps_4q": 1.8,
            "eps_4q_growth_year": -40.6,
            "roe": 5.09,
            "roe_4q": 13.34,
            "gross_profit": 117059,
            "gross_margin": 10.9,
            "gross_margin_4q_avg": 9.22,
            "net_income": 40771,
            "net_income_4q": null,
            "revenue": 1074420,
            "revenue_4q": null,
            "common_shares": 592290,
            "book_valuer_per_share": 13.92,
            "book_valuer_per_share_4q_avg": 14.63,
            "equity": 824626,
            "current_ratio": 147.49,
            "debt_ratio": 65.64,
            "inventory_turnover_ratio": 1.8,
            "account_receivable_turnover_ratio": null,
            "reinvestment_rate": 52.92,
            "research_to_sale_ratio": null,
            "price_fair": 116,
            "eps_avg_yearly": 3.86,
            "eps_latest_yearly": 2.76,
            "eps_growth_yearly": 20.04
        },
        "20054": {
            "year_quarter": 20054,
            "year": 2005,
            "quarter": 4,
            "eps": 0.8,
            "eps_growth_year": 158.06,
            "eps_4q": 2.31,
            "eps_4q_growth_year": -9.95,
            "roe": 5.38,
            "roe_4q": 16.59,
            "gross_profit": 149385,
            "gross_margin": 12.03,
            "gross_margin_4q_avg": 10.21,
            "net_income": 47543,
            "net_income_4q": null,
            "revenue": 1241720,
            "revenue_4q": null,
            "common_shares": 592290,
            "book_valuer_per_share": 14.71,
            "book_valuer_per_share_4q_avg": 14.6,
            "equity": 942744,
            "current_ratio": 125.56,
            "debt_ratio": 67.95,
            "inventory_turnover_ratio": 1.67,
            "account_receivable_turnover_ratio": null,
            "reinvestment_rate": 69.45,
            "research_to_sale_ratio": null,
            "price_fair": 125.2,
            "eps_avg_yearly": 3.82,
            "eps_latest_yearly": 3.2,
            "eps_growth_yearly": 22.77
        },
        "20061": {
            "year_quarter": 20061,
            "year": 2006,
            "quarter": 1,
            "eps": 0.48,
            "eps_growth_year": 33.33,
            "eps_4q": 2.47,
            "eps_4q_growth_year": 13.84,
            "roe": 3.08,
            "roe_4q": 17.28,
            "gross_profit": 123143,
            "gross_margin": 11.79,
            "gross_margin_4q_avg": 11.27,
            "net_income": 28390,
            "net_income_4q": null,
            "revenue": 1044467,
            "revenue_4q": null,
            "common_shares": 592290,
            "book_valuer_per_share": 15.19,
            "book_valuer_per_share_4q_avg": 14.6,
            "equity": 899549,
            "current_ratio": 118.84,
            "debt_ratio": 61.01,
            "inventory_turnover_ratio": 1.77,
            "account_receivable_turnover_ratio": null,
            "reinvestment_rate": 65.89,
            "research_to_sale_ratio": null,
            "price_fair": 10.83,
            "eps_avg_yearly": 3.61,
            "eps_latest_yearly": 1.92,
            "eps_growth_yearly": -0.6
        },
        "20062": {
            "year_quarter": 20062,
            "year": 2006,
            "quarter": 2,
            "eps": 0.44,
            "eps_growth_year": -12,
            "eps_4q": 2.23,
            "eps_4q_growth_year": 23.63,
            "roe": 3.19,
            "roe_4q": 16.74,
            "gross_profit": 94217,
            "gross_margin": 9.89,
            "gross_margin_4q_avg": 11.15,
            "net_income": 28662,
            "net_income_4q": null,
            "revenue": 952637,
            "revenue_4q": null,
            "common_shares": 592290,
            "book_valuer_per_share": 15.11,
            "book_valuer_per_share_4q_avg": 14.73,
            "equity": 895114,
            "current_ratio": 106.6,
            "debt_ratio": 60.36,
            "inventory_turnover_ratio": 3.27,
            "account_receivable_turnover_ratio": null,
            "reinvestment_rate": 74.53,
            "research_to_sale_ratio": null,
            "price_fair": 34.28,
            "eps_avg_yearly": 3.43,
            "eps_latest_yearly": 1.76,
            "eps_growth_yearly": 0.16
        },
        "20063": {
            "year_quarter": 20063,
            "year": 2006,
            "quarter": 3,
            "eps": 0.73,
            "eps_growth_year": 5.8,
            "eps_4q": 2.33,
            "eps_4q_growth_year": 29.35,
            "roe": 5.18,
            "roe_4q": 16.83,
            "gross_profit": 111301,
            "gross_margin": 10.43,
            "gross_margin_4q_avg": 11.04,
            "net_income": 47846,
            "net_income_4q": null,
            "revenue": 1067143,
            "revenue_4q": null,
            "common_shares": 593056,
            "book_valuer_per_share": 16.04,
            "book_valuer_per_share_4q_avg": 15.26,
            "equity": 951439,
            "current_ratio": 102.05,
            "debt_ratio": 61,
            "inventory_turnover_ratio": 4.61,
            "account_receivable_turnover_ratio": null,
            "reinvestment_rate": 79.55,
            "research_to_sale_ratio": null,
            "price_fair": 77.62,
            "eps_avg_yearly": 3.28,
            "eps_latest_yearly": 2.92,
            "eps_growth_yearly": 13.65
        },
        "20064": {
            "year_quarter": 20064,
            "year": 2006,
            "quarter": 4,
            "eps": 0.5,
            "eps_growth_year": -37.5,
            "eps_4q": 2.1,
            "eps_4q_growth_year": -9.15,
            "roe": 3.26,
            "roe_4q": 14.709999999999999,
            "gross_profit": 122776,
            "gross_margin": 11.51,
            "gross_margin_4q_avg": 10.91,
            "net_income": 32876,
            "net_income_4q": null,
            "revenue": 1066856,
            "revenue_4q": null,
            "common_shares": 659425,
            "book_valuer_per_share": 14.9,
            "book_valuer_per_share_4q_avg": 15.31,
            "equity": 1065041,
            "current_ratio": 138.16,
            "debt_ratio": 68.91,
            "inventory_turnover_ratio": 1.92,
            "account_receivable_turnover_ratio": null,
            "reinvestment_rate": 95.71,
            "research_to_sale_ratio": null,
            "price_fair": 8.73,
            "eps_avg_yearly": 2.91,
            "eps_latest_yearly": 2,
            "eps_growth_yearly": -7.21
        },
        "20071": {
            "year_quarter": 20071,
            "year": 2007,
            "quarter": 1,
            "eps": 0.53,
            "eps_growth_year": 10.42,
            "eps_4q": 2.19,
            "eps_4q_growth_year": -11.45,
            "roe": 3.34,
            "roe_4q": 14.969999999999999,
            "gross_profit": 124463,
            "gross_margin": 11.43,
            "gross_margin_4q_avg": 10.82,
            "net_income": 34908,
            "net_income_4q": null,
            "revenue": 1088666,
            "revenue_4q": null,
            "common_shares": 659425,
            "book_valuer_per_share": 15.51,
            "book_valuer_per_share_4q_avg": 15.39,
            "equity": 1022775,
            "current_ratio": 129.23,
            "debt_ratio": 65.48,
            "inventory_turnover_ratio": 1.6,
            "account_receivable_turnover_ratio": null,
            "reinvestment_rate": 82.77,
            "research_to_sale_ratio": null,
            "price_fair": 33.36,
            "eps_avg_yearly": 2.71,
            "eps_latest_yearly": 2.12,
            "eps_growth_yearly": 2.33
        },
        "20072": {
            "year_quarter": 20072,
            "year": 2007,
            "quarter": 2,
            "eps": 0.31,
            "eps_growth_year": -29.55,
            "eps_4q": 1.89,
            "eps_4q_growth_year": -15.17,
            "roe": 2.23,
            "roe_4q": 14.01,
            "gross_profit": 113540,
            "gross_margin": 10.86,
            "gross_margin_4q_avg": 11.06,
            "net_income": 22643,
            "net_income_4q": null,
            "revenue": 1045791,
            "revenue_4q": null,
            "common_shares": 659425,
            "book_valuer_per_share": 15.33,
            "book_valuer_per_share_4q_avg": 15.45,
            "equity": 1010597,
            "current_ratio": 134.14,
            "debt_ratio": 62.06,
            "inventory_turnover_ratio": 2.39,
            "account_receivable_turnover_ratio": null,
            "reinvestment_rate": 87.34,
            "research_to_sale_ratio": null,
            "price_fair": 25.58,
            "eps_avg_yearly": 2.56,
            "eps_latest_yearly": 1.24,
            "eps_growth_yearly": 0.29
        },
        "20073": {
            "year_quarter": 20073,
            "year": 2007,
            "quarter": 3,
            "eps": 0.65,
            "eps_growth_year": -10.96,
            "eps_4q": 1.89,
            "eps_4q_growth_year": -18.89,
            "roe": 4.57,
            "roe_4q": 13.4,
            "gross_profit": 128615,
            "gross_margin": 11.24,
            "gross_margin_4q_avg": 11.26,
            "net_income": 47532,
            "net_income_4q": null,
            "revenue": 1144570,
            "revenue_4q": null,
            "common_shares": 734087,
            "book_valuer_per_share": 14.56,
            "book_valuer_per_share_4q_avg": 15.08,
            "equity": 1068730,
            "current_ratio": 135.91,
            "debt_ratio": 61.8,
            "inventory_turnover_ratio": 2.89,
            "account_receivable_turnover_ratio": null,
            "reinvestment_rate": 87.99,
            "research_to_sale_ratio": null,
            "price_fair": 65.9,
            "eps_avg_yearly": 2.4,
            "eps_latest_yearly": 2.6,
            "eps_growth_yearly": 17.43
        },
        "20074": {
            "year_quarter": 20074,
            "year": 2007,
            "quarter": 4,
            "eps": 0.45,
            "eps_growth_year": -10,
            "eps_4q": 1.88,
            "eps_4q_growth_year": -10.04,
            "roe": 2.95,
            "roe_4q": 13.09,
            "gross_profit": 172408,
            "gross_margin": 15.7,
            "gross_margin_4q_avg": 12.31,
            "net_income": 32955,
            "net_income_4q": null,
            "revenue": 1098256,
            "revenue_4q": null,
            "common_shares": 734087,
            "book_valuer_per_share": 15.07,
            "book_valuer_per_share_4q_avg": 15.12,
            "equity": 1163263,
            "current_ratio": 141.2,
            "debt_ratio": 69.55,
            "inventory_turnover_ratio": 1.57,
            "account_receivable_turnover_ratio": null,
            "reinvestment_rate": 106.94,
            "research_to_sale_ratio": null,
            "price_fair": 62.4,
            "eps_avg_yearly": 2.29,
            "eps_latest_yearly": 1.8,
            "eps_growth_yearly": 17.22
        },
        "20081": {
            "year_quarter": 20081,
            "year": 2008,
            "quarter": 1,
            "eps": 0.58,
            "eps_growth_year": 9.43,
            "eps_4q": 2.15,
            "eps_4q_growth_year": -2.03,
            "roe": 3.34,
            "roe_4q": 13.09,
            "gross_profit": 238834,
            "gross_margin": 14.95,
            "gross_margin_4q_avg": 13.19,
            "net_income": 39364,
            "net_income_4q": null,
            "revenue": 1597190,
            "revenue_4q": null,
            "common_shares": 734087,
            "book_valuer_per_share": 15.55,
            "book_valuer_per_share_4q_avg": 15.13,
            "equity": 1192462,
            "current_ratio": 160.17,
            "debt_ratio": 63.44,
            "inventory_turnover_ratio": 1.77,
            "account_receivable_turnover_ratio": null,
            "reinvestment_rate": 83.71,
            "research_to_sale_ratio": null,
            "price_fair": 73.46,
            "eps_avg_yearly": 2.21,
            "eps_latest_yearly": 2.32,
            "eps_growth_yearly": 23.32
        },
        "20082": {
            "year_quarter": 20082,
            "year": 2008,
            "quarter": 2,
            "eps": 0.66,
            "eps_growth_year": 112.9,
            "eps_4q": 2.31,
            "eps_4q_growth_year": 22.11,
            "roe": 4.24,
            "roe_4q": 15.100000000000001,
            "gross_profit": 229941,
            "gross_margin": 11.95,
            "gross_margin_4q_avg": 13.46,
            "net_income": 50517,
            "net_income_4q": null,
            "revenue": 1924361,
            "revenue_4q": null,
            "common_shares": 734087,
            "book_valuer_per_share": 15.6,
            "book_valuer_per_share_4q_avg": 15.2,
            "equity": 1193063,
            "current_ratio": 145.33,
            "debt_ratio": 68.15,
            "inventory_turnover_ratio": 1.94,
            "account_receivable_turnover_ratio": null,
            "reinvestment_rate": 83.32,
            "research_to_sale_ratio": null,
            "price_fair": 76.74,
            "eps_avg_yearly": 2.19,
            "eps_latest_yearly": 2.64,
            "eps_growth_yearly": 32.68
        },
        "20083": {
            "year_quarter": 20083,
            "year": 2008,
            "quarter": 3,
            "eps": 0.85,
            "eps_growth_year": 30.77,
            "eps_4q": 2.48,
            "eps_4q_growth_year": 31.69,
            "roe": 5.5,
            "roe_4q": 16.03,
            "gross_profit": 230058,
            "gross_margin": 10.68,
            "gross_margin_4q_avg": 13.32,
            "net_income": 68021,
            "net_income_4q": null,
            "revenue": 2153434,
            "revenue_4q": null,
            "common_shares": 816246,
            "book_valuer_per_share": 15.11,
            "book_valuer_per_share_4q_avg": 15.33,
            "equity": 1280531,
            "current_ratio": 140.18,
            "debt_ratio": 69.95,
            "inventory_turnover_ratio": 1.73,
            "account_receivable_turnover_ratio": null,
            "reinvestment_rate": 80.84,
            "research_to_sale_ratio": null,
            "price_fair": 77.35,
            "eps_avg_yearly": 2.21,
            "eps_latest_yearly": 3.4,
            "eps_growth_yearly": 37.41
        },
        "20084": {
            "year_quarter": 20084,
            "year": 2008,
            "quarter": 4,
            "eps": 0.02,
            "eps_growth_year": -95.56,
            "eps_4q": 0.42,
            "eps_4q_growth_year": -77.61,
            "roe": -0.6,
            "roe_4q": 12.48,
            "gross_profit": 188735,
            "gross_margin": 8.96,
            "gross_margin_4q_avg": 11.64,
            "net_income": -7933,
            "net_income_4q": null,
            "revenue": 2107459,
            "revenue_4q": null,
            "common_shares": 816246,
            "book_valuer_per_share": 15.06,
            "book_valuer_per_share_4q_avg": 15.33,
            "equity": 1385219,
            "current_ratio": 149.89,
            "debt_ratio": 66.33,
            "inventory_turnover_ratio": 1.47,
            "account_receivable_turnover_ratio": 3.93,
            "reinvestment_rate": 91.69,
            "research_to_sale_ratio": null,
            "price_fair": 74.81,
            "eps_avg_yearly": 2.14,
            "eps_latest_yearly": 0.08,
            "eps_growth_yearly": 28.06
        },
        "20091": {
            "year_quarter": 20091,
            "year": 2009,
            "quarter": 1,
            "eps": 0.23,
            "eps_growth_year": -60.34,
            "eps_4q": 3.48,
            "eps_4q_growth_year": 62.14,
            "roe": 0.68,
            "roe_4q": 9.82,
            "gross_profit": 183435,
            "gross_margin": 11.31,
            "gross_margin_4q_avg": 10.73,
            "net_income": 9502,
            "net_income_4q": null,
            "revenue": 1622331,
            "revenue_4q": null,
            "common_shares": 816246,
            "book_valuer_per_share": 15.39,
            "book_valuer_per_share_4q_avg": 15.29,
            "equity": 1404022,
            "current_ratio": 159.59,
            "debt_ratio": 62.41,
            "inventory_turnover_ratio": 1.15,
            "account_receivable_turnover_ratio": 1.6,
            "reinvestment_rate": 89.92,
            "research_to_sale_ratio": null,
            "price_fair": 73.68,
            "eps_avg_yearly": 2.11,
            "eps_latest_yearly": 0.92,
            "eps_growth_yearly": 286.53
        },
        "20092": {
            "year_quarter": 20092,
            "year": 2009,
            "quarter": 2,
            "eps": 0.04,
            "eps_growth_year": -93.94,
            "eps_4q": 0.24,
            "eps_4q_growth_year": -89.69,
            "roe": -1.15,
            "roe_4q": 4.43,
            "gross_profit": 133514,
            "gross_margin": 8.42,
            "gross_margin_4q_avg": 9.84,
            "net_income": -15732,
            "net_income_4q": null,
            "revenue": 1585022,
            "revenue_4q": null,
            "common_shares": 816246,
            "book_valuer_per_share": 14.65,
            "book_valuer_per_share_4q_avg": 15.05,
            "equity": 1322206,
            "current_ratio": 158.29,
            "debt_ratio": 61.88,
            "inventory_turnover_ratio": 1.5,
            "account_receivable_turnover_ratio": 1.71,
            "reinvestment_rate": 81.3,
            "research_to_sale_ratio": null,
            "price_fair": 69.65,
            "eps_avg_yearly": 1.99,
            "eps_latest_yearly": 0.16,
            "eps_growth_yearly": 256.16
        },
        "20093": {
            "year_quarter": 20093,
            "year": 2009,
            "quarter": 3,
            "eps": 0.2,
            "eps_growth_year": -76.47,
            "eps_4q": 0.58,
            "eps_4q_growth_year": -76.5,
            "roe": 1.09,
            "roe_4q": 0.02000000000000024,
            "gross_profit": 195253,
            "gross_margin": 9.6,
            "gross_margin_4q_avg": 9.57,
            "net_income": 14489,
            "net_income_4q": null,
            "revenue": 2034887,
            "revenue_4q": null,
            "common_shares": 816246,
            "book_valuer_per_share": 14.75,
            "book_valuer_per_share_4q_avg": 14.96,
            "equity": 1334180,
            "current_ratio": 150,
            "debt_ratio": 63.36,
            "inventory_turnover_ratio": 2.04,
            "account_receivable_turnover_ratio": 2.25,
            "reinvestment_rate": 74.79,
            "research_to_sale_ratio": null,
            "price_fair": 65.36,
            "eps_avg_yearly": 1.87,
            "eps_latest_yearly": 0.8,
            "eps_growth_yearly": 346.66
        },
        "20094": {
            "year_quarter": 20094,
            "year": 2009,
            "quarter": 4,
            "eps": -0.93,
            "eps_growth_year": -4750,
            "eps_4q": -0.48,
            "eps_4q_growth_year": -213.19,
            "roe": -8.6,
            "roe_4q": -7.98,
            "gross_profit": 50979,
            "gross_margin": 3.93,
            "gross_margin_4q_avg": 8.32,
            "net_income": -109985,
            "net_income_4q": null,
            "revenue": 1296473,
            "revenue_4q": null,
            "common_shares": 897870,
            "book_valuer_per_share": 12.43,
            "book_valuer_per_share_4q_avg": 14.31,
            "equity": 1222379,
            "current_ratio": 145.13,
            "debt_ratio": 64.44,
            "inventory_turnover_ratio": 1.4,
            "account_receivable_turnover_ratio": 2.54,
            "reinvestment_rate": 65.52,
            "research_to_sale_ratio": null,
            "price_fair": 62.25,
            "eps_avg_yearly": 1.78,
            "eps_latest_yearly": 0.8,
            "eps_growth_yearly": 365.52
        },
        "20101": {
            "year_quarter": 20101,
            "year": 2010,
            "quarter": 1,
            "eps": 0.27,
            "eps_growth_year": 17.39,
            "eps_4q": -0.42,
            "eps_4q_growth_year": -112.12,
            "roe": 1.62,
            "roe_4q": -7.039999999999999,
            "gross_profit": 196091,
            "gross_margin": 12.13,
            "gross_margin_4q_avg": 8.52,
            "net_income": 19963,
            "net_income_4q": null,
            "revenue": 1616049,
            "revenue_4q": null,
            "common_shares": 897870,
            "book_valuer_per_share": 12.69,
            "book_valuer_per_share_4q_avg": 13.63,
            "equity": 1241483,
            "current_ratio": 142.42,
            "debt_ratio": 65.13,
            "inventory_turnover_ratio": 1.46,
            "account_receivable_turnover_ratio": 1.71,
            "reinvestment_rate": 67.41,
            "research_to_sale_ratio": 1.19,
            "price_fair": 61.9,
            "eps_avg_yearly": 1.77,
            "eps_latest_yearly": 0.8,
            "eps_growth_yearly": 403.05
        },
        "20102": {
            "year_quarter": 20102,
            "year": 2010,
            "quarter": 2,
            "eps": 0.02,
            "eps_growth_year": -53.86,
            "eps_4q": -0.45,
            "eps_4q_growth_year": -287.52,
            "roe": -0.42,
            "roe_4q": -6.31,
            "gross_profit": 185614,
            "gross_margin": 13.55,
            "gross_margin_4q_avg": 9.8,
            "net_income": -5145,
            "net_income_4q": null,
            "revenue": 1370277,
            "revenue_4q": null,
            "common_shares": 897870,
            "book_valuer_per_share": 12.73,
            "book_valuer_per_share_4q_avg": 13.15,
            "equity": 1213746,
            "current_ratio": 141.09,
            "debt_ratio": 65.64,
            "inventory_turnover_ratio": 1.27,
            "account_receivable_turnover_ratio": 1.52,
            "reinvestment_rate": 59.05,
            "research_to_sale_ratio": 1.46,
            "price_fair": 57.7,
            "eps_avg_yearly": 1.65,
            "eps_latest_yearly": 0.08,
            "eps_growth_yearly": 378.98
        },
        "20103": {
            "year_quarter": 20103,
            "year": 2010,
            "quarter": 3,
            "eps": -0.1,
            "eps_growth_year": -151.39,
            "eps_4q": -0.75,
            "eps_4q_growth_year": -228.38,
            "roe": -1.49,
            "roe_4q": -8.889999999999999,
            "gross_profit": 140287,
            "gross_margin": 9.68,
            "gross_margin_4q_avg": 9.82,
            "net_income": -17915,
            "net_income_4q": null,
            "revenue": 1448852,
            "revenue_4q": null,
            "common_shares": 897870,
            "book_valuer_per_share": 12.61,
            "book_valuer_per_share_4q_avg": 12.62,
            "equity": 1193210,
            "current_ratio": 139.99,
            "debt_ratio": 65.93,
            "inventory_turnover_ratio": 1.58,
            "account_receivable_turnover_ratio": 1.61,
            "reinvestment_rate": 52.15,
            "research_to_sale_ratio": 1.29,
            "price_fair": 54.28,
            "eps_avg_yearly": 1.55,
            "eps_latest_yearly": 0.08,
            "eps_growth_yearly": 387.85
        },
        "20104": {
            "year_quarter": 20104,
            "year": 2010,
            "quarter": 4,
            "eps": -0.05,
            "eps_growth_year": null,
            "eps_4q": 0.14,
            "eps_4q_growth_year": null,
            "roe": -0.69,
            "roe_4q": -0.9799999999999995,
            "gross_profit": 143704,
            "gross_margin": 9.21,
            "gross_margin_4q_avg": 11.14,
            "net_income": -8093,
            "net_income_4q": null,
            "revenue": 1559551,
            "revenue_4q": null,
            "common_shares": 897870,
            "book_valuer_per_share": 12.45,
            "book_valuer_per_share_4q_avg": 12.62,
            "equity": 1155065,
            "current_ratio": 152.88,
            "debt_ratio": 69.5,
            "inventory_turnover_ratio": 1.67,
            "account_receivable_turnover_ratio": 1.83,
            "reinvestment_rate": 25.66,
            "research_to_sale_ratio": 1.25,
            "price_fair": 52.97,
            "eps_avg_yearly": 1.51,
            "eps_latest_yearly": 0.08,
            "eps_growth_yearly": 430.67
        },
        "20111": {
            "year_quarter": 20111,
            "year": 2011,
            "quarter": 1,
            "eps": 0.43,
            "eps_growth_year": 59.26,
            "eps_4q": 0.3,
            "eps_4q_growth_year": null,
            "roe": 3.31,
            "roe_4q": 0.7100000000000002,
            "gross_profit": 199404,
            "gross_margin": 12.6,
            "gross_margin_4q_avg": 11.26,
            "net_income": 40043,
            "net_income_4q": null,
            "revenue": 1582435,
            "revenue_4q": null,
            "common_shares": 897870,
            "book_valuer_per_share": 12.94,
            "book_valuer_per_share_4q_avg": 12.68,
            "equity": 1267831,
            "current_ratio": 157.24,
            "debt_ratio": 67.28,
            "inventory_turnover_ratio": 1.74,
            "account_receivable_turnover_ratio": 1.68,
            "reinvestment_rate": 53.43,
            "research_to_sale_ratio": 1.18,
            "price_fair": 51.04,
            "eps_avg_yearly": 1.46,
            "eps_latest_yearly": 0.08,
            "eps_growth_yearly": 467.64
        },
        "20112": {
            "year_quarter": 20112,
            "year": 2011,
            "quarter": 2,
            "eps": 0.28,
            "eps_growth_year": 1436.27,
            "eps_4q": 0.56,
            "eps_4q_growth_year": null,
            "roe": 2.12,
            "roe_4q": 3.25,
            "gross_profit": 214448,
            "gross_margin": 12.12,
            "gross_margin_4q_avg": 10.9,
            "net_income": 27001,
            "net_income_4q": null,
            "revenue": 1768878,
            "revenue_4q": null,
            "common_shares": 897870,
            "book_valuer_per_share": 13.02,
            "book_valuer_per_share_4q_avg": 12.76,
            "equity": 1280626,
            "current_ratio": 154.71,
            "debt_ratio": 67.65,
            "inventory_turnover_ratio": 1.97,
            "account_receivable_turnover_ratio": 1.67,
            "reinvestment_rate": 65.26,
            "research_to_sale_ratio": 1.17,
            "price_fair": 50.65,
            "eps_avg_yearly": 1.45,
            "eps_latest_yearly": 1.12,
            "eps_growth_yearly": 470.05
        },
        "20113": {
            "year_quarter": 20113,
            "year": 2011,
            "quarter": 3,
            "eps": 0.42,
            "eps_growth_year": null,
            "eps_4q": 1.09,
            "eps_4q_growth_year": null,
            "roe": 2.81,
            "roe_4q": 7.550000000000001,
            "gross_profit": 209072,
            "gross_margin": 11,
            "gross_margin_4q_avg": 11.23,
            "net_income": 39540,
            "net_income_4q": null,
            "revenue": 1899914,
            "revenue_4q": null,
            "common_shares": 897870,
            "book_valuer_per_share": 14.46,
            "book_valuer_per_share_4q_avg": 13.22,
            "equity": 1528991,
            "current_ratio": 151.3,
            "debt_ratio": 68,
            "inventory_turnover_ratio": 1.85,
            "account_receivable_turnover_ratio": 1.62,
            "reinvestment_rate": 93.6,
            "research_to_sale_ratio": 1.03,
            "price_fair": 47.73,
            "eps_avg_yearly": 1.36,
            "eps_latest_yearly": 1.68,
            "eps_growth_yearly": 448.35
        },
        "20114": {
            "year_quarter": 20114,
            "year": 2011,
            "quarter": 4,
            "eps": 0.2,
            "eps_growth_year": null,
            "eps_4q": 1.34,
            "eps_4q_growth_year": 863.54,
            "roe": 1.15,
            "roe_4q": 9.39,
            "gross_profit": 223109,
            "gross_margin": 9.88,
            "gross_margin_4q_avg": 11.4,
            "net_income": 19903,
            "net_income_4q": null,
            "revenue": 2259012,
            "revenue_4q": null,
            "common_shares": 897870,
            "book_valuer_per_share": 15.09,
            "book_valuer_per_share_4q_avg": 13.88,
            "equity": 1943885,
            "current_ratio": 152.21,
            "debt_ratio": 60.14,
            "inventory_turnover_ratio": 2.13,
            "account_receivable_turnover_ratio": 1.66,
            "reinvestment_rate": 403.01,
            "research_to_sale_ratio": 1.16,
            "price_fair": 44.55,
            "eps_avg_yearly": 1.27,
            "eps_latest_yearly": 0.8,
            "eps_growth_yearly": 440.49
        },
        "20121": {
            "year_quarter": 20121,
            "year": 2012,
            "quarter": 1,
            "eps": 0.31,
            "eps_growth_year": -27.91,
            "eps_4q": 1.21,
            "eps_4q_growth_year": 308.29,
            "roe": 1.13,
            "roe_4q": 7.21,
            "gross_profit": 209620,
            "gross_margin": 12.49,
            "gross_margin_4q_avg": 11.37,
            "net_income": 22205,
            "net_income_4q": null,
            "revenue": 1678723,
            "revenue_4q": null,
            "common_shares": 899240,
            "book_valuer_per_share": 15.41,
            "book_valuer_per_share_4q_avg": 14.5,
            "equity": 1974542,
            "current_ratio": 159.23,
            "debt_ratio": 55.75,
            "inventory_turnover_ratio": 1.6,
            "account_receivable_turnover_ratio": 1.39,
            "reinvestment_rate": 472.2,
            "research_to_sale_ratio": 1.33,
            "price_fair": 41.11,
            "eps_avg_yearly": 1.17,
            "eps_latest_yearly": 1.24,
            "eps_growth_yearly": 449.99
        },
        "20122": {
            "year_quarter": 20122,
            "year": 2012,
            "quarter": 2,
            "eps": 0.06,
            "eps_growth_year": -78.53,
            "eps_4q": 0.94,
            "eps_4q_growth_year": 67.56,
            "roe": -0.29,
            "roe_4q": 4.8,
            "gross_profit": 173825,
            "gross_margin": 11.39,
            "gross_margin_4q_avg": 11.19,
            "net_income": -5775,
            "net_income_4q": null,
            "revenue": 1526236,
            "revenue_4q": null,
            "common_shares": 899240,
            "book_valuer_per_share": 14.96,
            "book_valuer_per_share_4q_avg": 14.98,
            "equity": 1987224,
            "current_ratio": 170.05,
            "debt_ratio": 52.3,
            "inventory_turnover_ratio": 1.43,
            "account_receivable_turnover_ratio": 1.78,
            "reinvestment_rate": 572.16,
            "research_to_sale_ratio": 1.32,
            "price_fair": 33.47,
            "eps_avg_yearly": 0.96,
            "eps_latest_yearly": 0.24,
            "eps_growth_yearly": 415.65
        },
        "20123": {
            "year_quarter": 20123,
            "year": 2012,
            "quarter": 3,
            "eps": 0.09,
            "eps_growth_year": -78.27,
            "eps_4q": 0.63,
            "eps_4q_growth_year": -41.83,
            "roe": 0.07,
            "roe_4q": 2.0599999999999996,
            "gross_profit": 173661,
            "gross_margin": 11.96,
            "gross_margin_4q_avg": 11.43,
            "net_income": 1307,
            "net_income_4q": null,
            "revenue": 1452410,
            "revenue_4q": null,
            "common_shares": 949521,
            "book_valuer_per_share": 14.2,
            "book_valuer_per_share_4q_avg": 14.92,
            "equity": 1982035,
            "current_ratio": 173.52,
            "debt_ratio": 51.19,
            "inventory_turnover_ratio": 1.28,
            "account_receivable_turnover_ratio": 2.05,
            "reinvestment_rate": 809.44,
            "research_to_sale_ratio": 1.46,
            "price_fair": 23.8,
            "eps_avg_yearly": 0.68,
            "eps_latest_yearly": 0.36,
            "eps_growth_yearly": 423.36
        },
        "20124": {
            "year_quarter": 20124,
            "year": 2012,
            "quarter": 4,
            "eps": -0.77,
            "eps_growth_year": -478.56,
            "eps_4q": -0.33,
            "eps_4q_growth_year": -124.75,
            "roe": -5.54,
            "roe_4q": -4.63,
            "gross_profit": 74682,
            "gross_margin": 5.61,
            "gross_margin_4q_avg": 10.36,
            "net_income": -106791,
            "net_income_4q": null,
            "revenue": 1331973,
            "revenue_4q": null,
            "common_shares": 949521,
            "book_valuer_per_share": 13.43,
            "book_valuer_per_share_4q_avg": 14.5,
            "equity": 1874997,
            "current_ratio": 167.19,
            "debt_ratio": 53.46,
            "inventory_turnover_ratio": 1.1,
            "account_receivable_turnover_ratio": 2.02,
            "reinvestment_rate": 1381.24,
            "research_to_sale_ratio": 1.53,
            "price_fair": 25.9,
            "eps_avg_yearly": 0.74,
            "eps_latest_yearly": 0.36,
            "eps_growth_yearly": 504.76
        },
        "20131": {
            "year_quarter": 20131,
            "year": 2013,
            "quarter": 1,
            "eps": -0.14,
            "eps_growth_year": -145.16,
            "eps_4q": -0.76,
            "eps_4q_growth_year": -162.67,
            "roe": -1.58,
            "roe_4q": -7.34,
            "gross_profit": 99376,
            "gross_margin": 7.34,
            "gross_margin_4q_avg": 9.08,
            "net_income": -29568,
            "net_income_4q": null,
            "revenue": 1353655,
            "revenue_4q": null,
            "common_shares": 949521,
            "book_valuer_per_share": 13.36,
            "book_valuer_per_share_4q_avg": 13.99,
            "equity": 1859000,
            "current_ratio": 182.92,
            "debt_ratio": 55.38,
            "inventory_turnover_ratio": 0.99,
            "account_receivable_turnover_ratio": 2.02,
            "reinvestment_rate": 283.5,
            "research_to_sale_ratio": 1.47,
            "price_fair": 25.2,
            "eps_avg_yearly": 0.72,
            "eps_latest_yearly": 0.36,
            "eps_growth_yearly": 94.17
        },
        "20132": {
            "year_quarter": 20132,
            "year": 2013,
            "quarter": 2,
            "eps": -0.26,
            "eps_growth_year": -527.13,
            "eps_4q": -1.08,
            "eps_4q_growth_year": -215.16,
            "roe": -3.52,
            "roe_4q": -10.57,
            "gross_profit": 134772,
            "gross_margin": 10.98,
            "gross_margin_4q_avg": 8.97,
            "net_income": -64483,
            "net_income_4q": null,
            "revenue": 1227017,
            "revenue_4q": null,
            "common_shares": 949521,
            "book_valuer_per_share": 13.14,
            "book_valuer_per_share_4q_avg": 13.53,
            "equity": 1801451,
            "current_ratio": 185.08,
            "debt_ratio": 54.67,
            "inventory_turnover_ratio": 0.9,
            "account_receivable_turnover_ratio": 1.78,
            "reinvestment_rate": null,
            "research_to_sale_ratio": 1.94,
            "price_fair": 27.65,
            "eps_avg_yearly": 0.79,
            "eps_latest_yearly": 0.36,
            "eps_growth_yearly": 147.25
        },
        "20133": {
            "year_quarter": 20133,
            "year": 2013,
            "quarter": 3,
            "eps": -0.22,
            "eps_growth_year": -338.62,
            "eps_4q": -1.4,
            "eps_4q_growth_year": -320.31,
            "roe": -2.51,
            "roe_4q": -13.149999999999999,
            "gross_profit": 125577,
            "gross_margin": 9.63,
            "gross_margin_4q_avg": 8.39,
            "net_income": -44539,
            "net_income_4q": null,
            "revenue": 1304207,
            "revenue_4q": null,
            "common_shares": 949521,
            "book_valuer_per_share": 12.89,
            "book_valuer_per_share_4q_avg": 13.21,
            "equity": 1750695,
            "current_ratio": 176.93,
            "debt_ratio": 56.52,
            "inventory_turnover_ratio": 1,
            "account_receivable_turnover_ratio": 1.9,
            "reinvestment_rate": null,
            "research_to_sale_ratio": 1.15,
            "price_fair": 2.37,
            "eps_avg_yearly": 0.79,
            "eps_latest_yearly": 0.36,
            "eps_growth_yearly": -60.29
        },
        "20134": {
            "year_quarter": 20134,
            "year": 2013,
            "quarter": 4,
            "eps": -0.55,
            "eps_growth_year": null,
            "eps_4q": -1.17,
            "eps_4q_growth_year": null,
            "roe": -4.22,
            "roe_4q": -11.83,
            "gross_profit": 108802,
            "gross_margin": 9.26,
            "gross_margin_4q_avg": 9.3,
            "net_income": -72378,
            "net_income_4q": null,
            "revenue": 1175397,
            "revenue_4q": null,
            "common_shares": 936701,
            "book_valuer_per_share": 12.36,
            "book_valuer_per_share_4q_avg": 12.94,
            "equity": 1681688,
            "current_ratio": 201.36,
            "debt_ratio": 51.92,
            "inventory_turnover_ratio": 1.14,
            "account_receivable_turnover_ratio": 1.88,
            "reinvestment_rate": null,
            "research_to_sale_ratio": 1.54,
            "price_fair": 2.37,
            "eps_avg_yearly": 0.79,
            "eps_latest_yearly": 0.36,
            "eps_growth_yearly": -60.29
        },
        "20141": {
            "year_quarter": 20141,
            "year": 2014,
            "quarter": 1,
            "eps": 0.12,
            "eps_growth_year": null,
            "eps_4q": -0.91,
            "eps_4q_growth_year": null,
            "roe": 0.28,
            "roe_4q": -9.969999999999999,
            "gross_profit": 118606,
            "gross_margin": 9.86,
            "gross_margin_4q_avg": 9.93,
            "net_income": 4640,
            "net_income_4q": null,
            "revenue": 1203273,
            "revenue_4q": null,
            "common_shares": 936701,
            "book_valuer_per_share": 12.52,
            "book_valuer_per_share_4q_avg": 12.73,
            "equity": 1690865,
            "current_ratio": 167.13,
            "debt_ratio": 52.03,
            "inventory_turnover_ratio": 1.83,
            "account_receivable_turnover_ratio": 2.06,
            "reinvestment_rate": null,
            "research_to_sale_ratio": 1.1,
            "price_fair": 2.37,
            "eps_avg_yearly": 0.79,
            "eps_latest_yearly": 0.36,
            "eps_growth_yearly": -60.29
        },
        "20142": {
            "year_quarter": 20142,
            "year": 2014,
            "quarter": 2,
            "eps": 0.13,
            "eps_growth_year": null,
            "eps_4q": -0.51,
            "eps_4q_growth_year": null,
            "roe": 0.86,
            "roe_4q": -5.59,
            "gross_profit": 149250,
            "gross_margin": 11.42,
            "gross_margin_4q_avg": 10.04,
            "net_income": 14597,
            "net_income_4q": null,
            "revenue": 1306605,
            "revenue_4q": null,
            "common_shares": 936701,
            "book_valuer_per_share": 12.6,
            "book_valuer_per_share_4q_avg": 12.59,
            "equity": 1698622,
            "current_ratio": 166.59,
            "debt_ratio": 52.18,
            "inventory_turnover_ratio": 2.48,
            "account_receivable_turnover_ratio": 2.28,
            "reinvestment_rate": null,
            "research_to_sale_ratio": 1.08,
            "price_fair": 2.55,
            "eps_avg_yearly": 0.85,
            "eps_latest_yearly": 0.52,
            "eps_growth_yearly": -2.62
        },
        "20143": {
            "year_quarter": 20143,
            "year": 2014,
            "quarter": 3,
            "eps": 0.06,
            "eps_growth_year": null,
            "eps_4q": -0.23,
            "eps_4q_growth_year": null,
            "roe": 0.39,
            "roe_4q": -2.6899999999999995,
            "gross_profit": 125038,
            "gross_margin": 12.43,
            "gross_margin_4q_avg": 10.74,
            "net_income": 6642,
            "net_income_4q": null,
            "revenue": 1005951,
            "revenue_4q": null,
            "common_shares": 936701,
            "book_valuer_per_share": 12.59,
            "book_valuer_per_share_4q_avg": 12.52,
            "equity": 1700872,
            "current_ratio": 178.61,
            "debt_ratio": 48.78,
            "inventory_turnover_ratio": 2.31,
            "account_receivable_turnover_ratio": 1.97,
            "reinvestment_rate": 2185.27,
            "research_to_sale_ratio": 1.49,
            "price_fair": 2.33,
            "eps_avg_yearly": 0.78,
            "eps_latest_yearly": 0.24,
            "eps_growth_yearly": -29.21
        },
        "20144": {
            "year_quarter": 20144,
            "year": 2014,
            "quarter": 4,
            "eps": 0.03,
            "eps_growth_year": null,
            "eps_4q": 0.34,
            "eps_4q_growth_year": null,
            "roe": 0.19,
            "roe_4q": 1.72,
            "gross_profit": 87169,
            "gross_margin": 9.39,
            "gross_margin_4q_avg": 10.78,
            "net_income": 3275,
            "net_income_4q": null,
            "revenue": 928376,
            "revenue_4q": null,
            "common_shares": 936701,
            "book_valuer_per_share": 12.7,
            "book_valuer_per_share_4q_avg": 12.6,
            "equity": 1720391,
            "current_ratio": 187.89,
            "debt_ratio": 46.56,
            "inventory_turnover_ratio": 2.92,
            "account_receivable_turnover_ratio": 2.18,
            "reinvestment_rate": 738.91,
            "research_to_sale_ratio": 1.76,
            "price_fair": 2.11,
            "eps_avg_yearly": 0.7,
            "eps_latest_yearly": 0.12,
            "eps_growth_yearly": -48.19
        },
        "20151": {
            "year_quarter": 20151,
            "year": 2015,
            "quarter": 1,
            "eps": 0.16,
            "eps_growth_year": 33.33,
            "eps_4q": 0.38,
            "eps_4q_growth_year": null,
            "roe": 0.66,
            "roe_4q": 2.1,
            "gross_profit": 124051,
            "gross_margin": 12.49,
            "gross_margin_4q_avg": 11.43,
            "net_income": 11456,
            "net_income_4q": null,
            "revenue": 992891,
            "revenue_4q": null,
            "common_shares": 936701,
            "book_valuer_per_share": 12.85,
            "book_valuer_per_share_4q_avg": 12.69,
            "equity": 1731141,
            "current_ratio": 193.17,
            "debt_ratio": 45.31,
            "inventory_turnover_ratio": 3.86,
            "account_receivable_turnover_ratio": 2.48,
            "reinvestment_rate": null,
            "research_to_sale_ratio": 1.72,
            "price_fair": 24.36,
            "eps_avg_yearly": 0.7,
            "eps_latest_yearly": 0.64,
            "eps_growth_yearly": 129.96
        },
        "20152": {
            "year_quarter": 20152,
            "year": 2015,
            "quarter": 2,
            "eps": 0.04,
            "eps_growth_year": -69.23,
            "eps_4q": 0.29,
            "eps_4q_growth_year": null,
            "roe": -1.15,
            "roe_4q": 0.09000000000000014,
            "gross_profit": 112437,
            "gross_margin": 13.31,
            "gross_margin_4q_avg": 11.91,
            "net_income": -19688,
            "net_income_4q": null,
            "revenue": 844493,
            "revenue_4q": null,
            "common_shares": 936701,
            "book_valuer_per_share": 12.58,
            "book_valuer_per_share_4q_avg": 12.68,
            "equity": 1696770,
            "current_ratio": 185.07,
            "debt_ratio": 46.73,
            "inventory_turnover_ratio": 2.77,
            "account_receivable_turnover_ratio": 2.14,
            "reinvestment_rate": null,
            "research_to_sale_ratio": 2.12,
            "price_fair": 21,
            "eps_avg_yearly": 0.6,
            "eps_latest_yearly": 0.16,
            "eps_growth_yearly": 113.92
        },
        "20153": {
            "year_quarter": 20153,
            "year": 2015,
            "quarter": 3,
            "eps": 0.1,
            "eps_growth_year": 66.67,
            "eps_4q": 0.34,
            "eps_4q_growth_year": null,
            "roe": 0.2,
            "roe_4q": -0.09999999999999992,
            "gross_profit": 95285,
            "gross_margin": 10.48,
            "gross_margin_4q_avg": 11.42,
            "net_income": 3443,
            "net_income_4q": null,
            "revenue": 908972,
            "revenue_4q": null,
            "common_shares": 936701,
            "book_valuer_per_share": 12.83,
            "book_valuer_per_share_4q_avg": 12.74,
            "equity": 1696935,
            "current_ratio": 196.43,
            "debt_ratio": 43.94,
            "inventory_turnover_ratio": 2.82,
            "account_receivable_turnover_ratio": 2.48,
            "reinvestment_rate": null,
            "research_to_sale_ratio": 1.66,
            "price_fair": 16.52,
            "eps_avg_yearly": 0.47,
            "eps_latest_yearly": 0.4,
            "eps_growth_yearly": 153.92
        },
        "20154": {
            "year_quarter": 20154,
            "year": 2015,
            "quarter": 4,
            "eps": 0.18,
            "eps_growth_year": 530.12,
            "eps_4q": 0.5,
            "eps_4q_growth_year": 46.2,
            "roe": 0.26,
            "roe_4q": -0.029999999999999916,
            "gross_profit": 84803,
            "gross_margin": 9.98,
            "gross_margin_4q_avg": 11.57,
            "net_income": 4410,
            "net_income_4q": null,
            "revenue": 849546,
            "revenue_4q": null,
            "common_shares": 916701,
            "book_valuer_per_share": 13.12,
            "book_valuer_per_share_4q_avg": 12.85,
            "equity": 1681627,
            "current_ratio": 239.92,
            "debt_ratio": 36.83,
            "inventory_turnover_ratio": 2.52,
            "account_receivable_turnover_ratio": 2.51,
            "reinvestment_rate": null,
            "research_to_sale_ratio": 1.56,
            "price_fair": 16.24,
            "eps_avg_yearly": 0.46,
            "eps_latest_yearly": 0.72,
            "eps_growth_yearly": 206.87
        },
        "20161": {
            "year_quarter": 20161,
            "year": 2016,
            "quarter": 1,
            "eps": 0.04,
            "eps_growth_year": -75,
            "eps_4q": 0.37,
            "eps_4q_growth_year": -3.77,
            "roe": -0.87,
            "roe_4q": -1.5599999999999998,
            "gross_profit": 96712,
            "gross_margin": 11.64,
            "gross_margin_4q_avg": 11.35,
            "net_income": -14519,
            "net_income_4q": null,
            "revenue": 830881,
            "revenue_4q": null,
            "common_shares": 896701,
            "book_valuer_per_share": 13.17,
            "book_valuer_per_share_4q_avg": 12.93,
            "equity": 1664022,
            "current_ratio": 252.77,
            "debt_ratio": 35.08,
            "inventory_turnover_ratio": 2.29,
            "account_receivable_turnover_ratio": 2.64,
            "reinvestment_rate": null,
            "research_to_sale_ratio": 1.62,
            "price_fair": 12.46,
            "eps_avg_yearly": 0.36,
            "eps_latest_yearly": 0.16,
            "eps_growth_yearly": 153.76
        },
        "20162": {
            "year_quarter": 20162,
            "year": 2016,
            "quarter": 2,
            "eps": -0.16,
            "eps_growth_year": -500,
            "eps_4q": 0.18,
            "eps_4q_growth_year": -39.76,
            "roe": -2.67,
            "roe_4q": -3.08,
            "gross_profit": 79690,
            "gross_margin": 9.8,
            "gross_margin_4q_avg": 10.48,
            "net_income": -43248,
            "net_income_4q": null,
            "revenue": 813043,
            "revenue_4q": null,
            "common_shares": 896701,
            "book_valuer_per_share": 12.57,
            "book_valuer_per_share_4q_avg": 12.92,
            "equity": 1573393,
            "current_ratio": 221.99,
            "debt_ratio": 38.02,
            "inventory_turnover_ratio": 1.9,
            "account_receivable_turnover_ratio": 2.74,
            "reinvestment_rate": null,
            "research_to_sale_ratio": 1.53,
            "price_fair": 12.91,
            "eps_avg_yearly": 0.37,
            "eps_latest_yearly": 0.16,
            "eps_growth_yearly": 206.69
        },
        "20163": {
            "year_quarter": 20163,
            "year": 2016,
            "quarter": 3,
            "eps": 0.09,
            "eps_growth_year": -10,
            "eps_4q": 0.16,
            "eps_4q_growth_year": -52.25,
            "roe": -0.58,
            "roe_4q": -3.8600000000000003,
            "gross_profit": 115313,
            "gross_margin": 13.88,
            "gross_margin_4q_avg": 11.33,
            "net_income": -9065,
            "net_income_4q": null,
            "revenue": 831061,
            "revenue_4q": null,
            "common_shares": 896701,
            "book_valuer_per_share": 12.59,
            "book_valuer_per_share_4q_avg": 12.86,
            "equity": 1558724,
            "current_ratio": 187.81,
            "debt_ratio": 42.63,
            "inventory_turnover_ratio": 1.59,
            "account_receivable_turnover_ratio": 2.43,
            "reinvestment_rate": null,
            "research_to_sale_ratio": 1.41,
            "price_fair": 12.95,
            "eps_avg_yearly": 0.37,
            "eps_latest_yearly": 0.16,
            "eps_growth_yearly": 207.52
        },
        "20164": {
            "year_quarter": 20164,
            "year": 2016,
            "quarter": 4,
            "eps": 0.18,
            "eps_growth_year": -0.91,
            "eps_4q": 0.16,
            "eps_4q_growth_year": -68.17,
            "roe": 0.81,
            "roe_4q": -3.31,
            "gross_profit": 99279,
            "gross_margin": 11.27,
            "gross_margin_4q_avg": 11.65,
            "net_income": 12399,
            "net_income_4q": null,
            "revenue": 881289,
            "revenue_4q": null,
            "common_shares": 896701,
            "book_valuer_per_share": 12.86,
            "book_valuer_per_share_4q_avg": 12.8,
            "equity": 1518036,
            "current_ratio": 187.5,
            "debt_ratio": 41.61,
            "inventory_turnover_ratio": 1.54,
            "account_receivable_turnover_ratio": 2.25,
            "reinvestment_rate": null,
            "research_to_sale_ratio": 1.31,
            "price_fair": 14.31,
            "eps_avg_yearly": 0.41,
            "eps_latest_yearly": 0.72,
            "eps_growth_yearly": 228.91
        },
        "20171": {
            "year_quarter": 20171,
            "year": 2017,
            "quarter": 1,
            "eps": -0.05,
            "eps_growth_year": -225,
            "eps_4q": 0.07,
            "eps_4q_growth_year": -80.45,
            "roe": -1.2,
            "roe_4q": -3.6399999999999997,
            "gross_profit": 96815,
            "gross_margin": 13.35,
            "gross_margin_4q_avg": 12.08,
            "net_income": -18031,
            "net_income_4q": null,
            "revenue": 725162,
            "revenue_4q": null,
            "common_shares": 896701,
            "book_valuer_per_share": 12.73,
            "book_valuer_per_share_4q_avg": 12.69,
            "equity": 1489836,
            "current_ratio": 211.69,
            "debt_ratio": 36.81,
            "inventory_turnover_ratio": 1.5,
            "account_receivable_turnover_ratio": 2.26,
            "reinvestment_rate": null,
            "research_to_sale_ratio": 1.21,
            "price_fair": 14.31,
            "eps_avg_yearly": 0.41,
            "eps_latest_yearly": 0.72,
            "eps_growth_yearly": 228.91
        },
        "20172": {
            "year_quarter": 20172,
            "year": 2017,
            "quarter": 2,
            "eps": -0.03,
            "eps_growth_year": null,
            "eps_4q": 0.2,
            "eps_4q_growth_year": 13.3,
            "roe": -0.66,
            "roe_4q": -1.63,
            "gross_profit": 87781,
            "gross_margin": 11.46,
            "gross_margin_4q_avg": 12.49,
            "net_income": -9713,
            "net_income_4q": null,
            "revenue": 766105,
            "revenue_4q": null,
            "common_shares": 896701,
            "book_valuer_per_share": 12.61,
            "book_valuer_per_share_4q_avg": 12.7,
            "equity": 1470530,
            "current_ratio": 197.67,
            "debt_ratio": 38.72,
            "inventory_turnover_ratio": 2.37,
            "account_receivable_turnover_ratio": 2.53,
            "reinvestment_rate": -1360.53,
            "research_to_sale_ratio": 1.47,
            "price_fair": 14.31,
            "eps_avg_yearly": 0.41,
            "eps_latest_yearly": 0.72,
            "eps_growth_yearly": 228.91
        },
        "20173": {
            "year_quarter": 20173,
            "year": 2017,
            "quarter": 3,
            "eps": 0.01,
            "eps_growth_year": -88.89,
            "eps_4q": 0.12,
            "eps_4q_growth_year": -26.86,
            "roe": -0.69,
            "roe_4q": -1.7399999999999998,
            "gross_profit": 108031,
            "gross_margin": 14.55,
            "gross_margin_4q_avg": 12.66,
            "net_income": -10072,
            "net_income_4q": null,
            "revenue": 742514,
            "revenue_4q": null,
            "common_shares": 896701,
            "book_valuer_per_share": 12.63,
            "book_valuer_per_share_4q_avg": 12.71,
            "equity": 1462001,
            "current_ratio": 196.26,
            "debt_ratio": 38.53,
            "inventory_turnover_ratio": 1.97,
            "account_receivable_turnover_ratio": 2.3,
            "reinvestment_rate": -422.18,
            "research_to_sale_ratio": 1.61,
            "price_fair": 14.31,
            "eps_avg_yearly": 0.41,
            "eps_latest_yearly": 0.72,
            "eps_growth_yearly": 228.91
        },
        "20174": {
            "year_quarter": 20174,
            "year": 2017,
            "quarter": 4,
            "eps": 0.08,
            "eps_growth_year": -54.32,
            "eps_4q": 0.02,
            "eps_4q_growth_year": -87.97,
            "roe": 0.1,
            "roe_4q": -2.45,
            "gross_profit": 108428,
            "gross_margin": 12.97,
            "gross_margin_4q_avg": 13.08,
            "net_income": 1398,
            "net_income_4q": null,
            "revenue": 835755,
            "revenue_4q": null,
            "common_shares": 896701,
            "book_valuer_per_share": 12.68,
            "book_valuer_per_share_4q_avg": 12.66,
            "equity": 1467321,
            "current_ratio": 162.6,
            "debt_ratio": 47.17,
            "inventory_turnover_ratio": 1.48,
            "account_receivable_turnover_ratio": 2.57,
            "reinvestment_rate": -131.68,
            "research_to_sale_ratio": 1.49,
            "price_fair": 14,
            "eps_avg_yearly": 0.4,
            "eps_latest_yearly": 0.32,
            "eps_growth_yearly": 486.02
        },
        "20181": {
            "year_quarter": 20181,
            "year": 2018,
            "quarter": 1,
            "eps": 0.04,
            "eps_growth_year": null,
            "eps_4q": 0.1,
            "eps_4q_growth_year": 40.79,
            "roe": -0.03,
            "roe_4q": -1.2799999999999998,
            "gross_profit": 104195,
            "gross_margin": 14.42,
            "gross_margin_4q_avg": 13.35,
            "net_income": -493,
            "net_income_4q": null,
            "revenue": 722707,
            "revenue_4q": null,
            "common_shares": 896701,
            "book_valuer_per_share": 12.67,
            "book_valuer_per_share_4q_avg": 12.65,
            "equity": 1461050,
            "current_ratio": 167.53,
            "debt_ratio": 44.66,
            "inventory_turnover_ratio": 1.08,
            "account_receivable_turnover_ratio": 2.24,
            "reinvestment_rate": -205.58,
            "research_to_sale_ratio": 1.6,
            "price_fair": 13.24,
            "eps_avg_yearly": 0.38,
            "eps_latest_yearly": 0.16,
            "eps_growth_yearly": 423.65
        },
        "20182": {
            "year_quarter": 20182,
            "year": 2018,
            "quarter": 2,
            "eps": -0.06,
            "eps_growth_year": null,
            "eps_4q": 0.08,
            "eps_4q_growth_year": -62.2,
            "roe": -0.88,
            "roe_4q": -1.5,
            "gross_profit": 108666,
            "gross_margin": 14.08,
            "gross_margin_4q_avg": 14.01,
            "net_income": -12676,
            "net_income_4q": null,
            "revenue": 771848,
            "revenue_4q": null,
            "common_shares": 896701,
            "book_valuer_per_share": 12.59,
            "book_valuer_per_share_4q_avg": 12.64,
            "equity": 1436339,
            "current_ratio": 158.91,
            "debt_ratio": 47.27,
            "inventory_turnover_ratio": 1.32,
            "account_receivable_turnover_ratio": 2.27,
            "reinvestment_rate": -239.09,
            "research_to_sale_ratio": 1.78,
            "price_fair": 12.74,
            "eps_avg_yearly": 0.36,
            "eps_latest_yearly": 0.16,
            "eps_growth_yearly": 462.68
        },
        "20183": {
            "year_quarter": 20183,
            "year": 2018,
            "quarter": 3,
            "eps": -0.08,
            "eps_growth_year": -900,
            "eps_4q": -0.02,
            "eps_4q_growth_year": -117.19,
            "roe": -0.9,
            "roe_4q": -1.71,
            "gross_profit": 113579,
            "gross_margin": 14.32,
            "gross_margin_4q_avg": 13.95,
            "net_income": -12790,
            "net_income_4q": null,
            "revenue": 793044,
            "revenue_4q": null,
            "common_shares": 896701,
            "book_valuer_per_share": 12.3,
            "book_valuer_per_share_4q_avg": 12.56,
            "equity": 1403924,
            "current_ratio": 165.95,
            "debt_ratio": 44.92,
            "inventory_turnover_ratio": 1.61,
            "account_receivable_turnover_ratio": 2.07,
            "reinvestment_rate": -301.41,
            "research_to_sale_ratio": 1.71,
            "price_fair": 13.22,
            "eps_avg_yearly": 0.38,
            "eps_latest_yearly": 0.16,
            "eps_growth_yearly": 538.02
        },
        "20184": {
            "year_quarter": 20184,
            "year": 2018,
            "quarter": 4,
            "eps": 0.13,
            "eps_growth_year": 54.32,
            "eps_4q": 0.02,
            "eps_4q_growth_year": 30.3,
            "roe": 0.82,
            "roe_4q": -0.9900000000000001,
            "gross_profit": 111505,
            "gross_margin": 12.77,
            "gross_margin_4q_avg": 13.9,
            "net_income": 11515,
            "net_income_4q": null,
            "revenue": 873269,
            "revenue_4q": null,
            "common_shares": 896701,
            "book_valuer_per_share": 12.42,
            "book_valuer_per_share_4q_avg": 12.5,
            "equity": 1415695,
            "current_ratio": 175.53,
            "debt_ratio": 43.74,
            "inventory_turnover_ratio": 1.91,
            "account_receivable_turnover_ratio": 2.24,
            "reinvestment_rate": -357.17,
            "research_to_sale_ratio": 1.28,
            "price_fair": 14.35,
            "eps_avg_yearly": 0.41,
            "eps_latest_yearly": 0.16,
            "eps_growth_yearly": 630.28
        },
        "20191": {
            "year_quarter": 20191,
            "year": 2019,
            "quarter": 1,
            "eps": 0.11,
            "eps_growth_year": 175,
            "eps_4q": 0.1,
            "eps_4q_growth_year": 2.54,
            "roe": 1.03,
            "roe_4q": 0.07000000000000006,
            "gross_profit": 117206,
            "gross_margin": 14.02,
            "gross_margin_4q_avg": 13.8,
            "net_income": 14729,
            "net_income_4q": null,
            "revenue": 836104,
            "revenue_4q": null,
            "common_shares": 896701,
            "book_valuer_per_share": 12.56,
            "book_valuer_per_share_4q_avg": 12.47,
            "equity": 1432064,
            "current_ratio": 171.63,
            "debt_ratio": 44.64,
            "inventory_turnover_ratio": 1.8,
            "account_receivable_turnover_ratio": 2.08,
            "reinvestment_rate": -287.55,
            "research_to_sale_ratio": 1.38,
            "price_fair": 13.48,
            "eps_avg_yearly": 0.39,
            "eps_latest_yearly": 0.44,
            "eps_growth_yearly": 405.92
        },
        "20192": {
            "year_quarter": 20192,
            "year": 2019,
            "quarter": 2,
            "eps": 0.19,
            "eps_growth_year": null,
            "eps_4q": 0.35,
            "eps_4q_growth_year": 362.54,
            "roe": 1.48,
            "roe_4q": 2.4299999999999997,
            "gross_profit": 142124,
            "gross_margin": 15.14,
            "gross_margin_4q_avg": 14.06,
            "net_income": 20990,
            "net_income_4q": null,
            "revenue": 938686,
            "revenue_4q": null,
            "common_shares": 896701,
            "book_valuer_per_share": 12.74,
            "book_valuer_per_share_4q_avg": 12.51,
            "equity": 1406662,
            "current_ratio": 154.14,
            "debt_ratio": 50.68,
            "inventory_turnover_ratio": 2.19,
            "account_receivable_turnover_ratio": 1.99,
            "reinvestment_rate": -234.57,
            "research_to_sale_ratio": 1.26,
            "price_fair": 16.1,
            "eps_avg_yearly": 0.46,
            "eps_latest_yearly": 0.76,
            "eps_growth_yearly": 479.78
        },
        "20193": {
            "year_quarter": 20193,
            "year": 2019,
            "quarter": 3,
            "eps": 0.33,
            "eps_growth_year": null,
            "eps_4q": 0.76,
            "eps_4q_growth_year": null,
            "roe": 2.89,
            "roe_4q": 6.220000000000001,
            "gross_profit": 177105,
            "gross_margin": 16.96,
            "gross_margin_4q_avg": 14.72,
            "net_income": 41242,
            "net_income_4q": null,
            "revenue": 1044304,
            "revenue_4q": null,
            "common_shares": 896701,
            "book_valuer_per_share": 13.08,
            "book_valuer_per_share_4q_avg": 12.7,
            "equity": 1448582,
            "current_ratio": 153.04,
            "debt_ratio": 52.38,
            "inventory_turnover_ratio": 2.09,
            "account_receivable_turnover_ratio": 1.76,
            "reinvestment_rate": -189.08,
            "research_to_sale_ratio": 1.09,
            "price_fair": 20.13,
            "eps_avg_yearly": 0.58,
            "eps_latest_yearly": 1.32,
            "eps_growth_yearly": 441.62
        },
        "20194": {
            "year_quarter": 20194,
            "year": 2019,
            "quarter": 4,
            "eps": 0.33,
            "eps_growth_year": 155.07,
            "eps_4q": 0.98,
            "eps_4q_growth_year": 3829.47,
            "roe": 2.84,
            "roe_4q": 8.24,
            "gross_profit": 183629,
            "gross_margin": 17.85,
            "gross_margin_4q_avg": 15.99,
            "net_income": 41038,
            "net_income_4q": null,
            "revenue": 1028747,
            "revenue_4q": null,
            "common_shares": 896701,
            "book_valuer_per_share": 13.28,
            "book_valuer_per_share_4q_avg": 12.92,
            "equity": 1444067,
            "current_ratio": 151.11,
            "debt_ratio": 53.67,
            "inventory_turnover_ratio": 1.67,
            "account_receivable_turnover_ratio": 1.64,
            "reinvestment_rate": -164.46,
            "research_to_sale_ratio": 0.9,
            "price_fair": 22.75,
            "eps_avg_yearly": 0.65,
            "eps_latest_yearly": 1.32,
            "eps_growth_yearly": 401.62
        },
        "20201": {
            "year_quarter": 20201,
            "year": 2020,
            "quarter": 1,
            "eps": 0.3,
            "eps_growth_year": 172.73,
            "eps_4q": 1.16,
            "eps_4q_growth_year": 1011.61,
            "roe": 2.15,
            "roe_4q": 9.360000000000001,
            "gross_profit": 154717,
            "gross_margin": 19.91,
            "gross_margin_4q_avg": 17.47,
            "net_income": 31369,
            "net_income_4q": null,
            "revenue": 777162,
            "revenue_4q": null,
            "common_shares": 896701,
            "book_valuer_per_share": 13.52,
            "book_valuer_per_share_4q_avg": 13.16,
            "equity": 1468406,
            "current_ratio": 154.36,
            "debt_ratio": 52.16,
            "inventory_turnover_ratio": 1.11,
            "account_receivable_turnover_ratio": 1.53,
            "reinvestment_rate": -131.41,
            "research_to_sale_ratio": 1.32,
            "price_fair": 27.3,
            "eps_avg_yearly": 0.78,
            "eps_latest_yearly": 1.2,
            "eps_growth_yearly": 435.97
        },
        "20202": {
            "year_quarter": 20202,
            "year": 2020,
            "quarter": 2,
            "eps": 0.35,
            "eps_growth_year": 84.21,
            "eps_4q": 1.31,
            "eps_4q_growth_year": 276.16,
            "roe": 2.5,
            "roe_4q": 10.38,
            "gross_profit": 179365,
            "gross_margin": 19.55,
            "gross_margin_4q_avg": 18.57,
            "net_income": 36384,
            "net_income_4q": null,
            "revenue": 917408,
            "revenue_4q": null,
            "common_shares": 896701,
            "book_valuer_per_share": 12.98,
            "book_valuer_per_share_4q_avg": 13.22,
            "equity": 1447310,
            "current_ratio": 143.98,
            "debt_ratio": 56.02,
            "inventory_turnover_ratio": 1.33,
            "account_receivable_turnover_ratio": 1.99,
            "reinvestment_rate": -102.84,
            "research_to_sale_ratio": 1.07,
            "price_fair": 29.71,
            "eps_avg_yearly": 0.85,
            "eps_latest_yearly": 1.4,
            "eps_growth_yearly": 394.93
        },
        "20203": {
            "year_quarter": 20203,
            "year": 2020,
            "quarter": 3,
            "eps": 0.59,
            "eps_growth_year": 78.79,
            "eps_4q": 1.56,
            "eps_4q_growth_year": 104.57,
            "roe": 4.41,
            "roe_4q": 11.9,
            "gross_profit": 179370,
            "gross_margin": 16.75,
            "gross_margin_4q_avg": 18.52,
            "net_income": 64558,
            "net_income_4q": null,
            "revenue": 1071145,
            "revenue_4q": null,
            "common_shares": 896701,
            "book_valuer_per_share": 13.88,
            "book_valuer_per_share_4q_avg": 13.42,
            "equity": 1483407,
            "current_ratio": 150.18,
            "debt_ratio": 49.87,
            "inventory_turnover_ratio": 2.03,
            "account_receivable_turnover_ratio": 2.03,
            "reinvestment_rate": -49.83,
            "research_to_sale_ratio": 0.77,
            "price_fair": 35,
            "eps_avg_yearly": 1,
            "eps_latest_yearly": 2.36,
            "eps_growth_yearly": 382.87
        },
        "20204": {
            "year_quarter": 20204,
            "year": 2020,
            "quarter": 4,
            "eps": 0.39,
            "eps_growth_year": 20.3,
            "eps_4q": 1.63,
            "eps_4q_growth_year": 66.08,
            "roe": 3.23,
            "roe_4q": 12.290000000000001,
            "gross_profit": 171477,
            "gross_margin": 21.55,
            "gross_margin_4q_avg": 19.44,
            "net_income": 48725,
            "net_income_4q": null,
            "revenue": 795794,
            "revenue_4q": null,
            "common_shares": 896701,
            "book_valuer_per_share": 14.24,
            "book_valuer_per_share_4q_avg": 13.66,
            "equity": 1530149,
            "current_ratio": 150.14,
            "debt_ratio": 50.24,
            "inventory_turnover_ratio": 1.41,
            "account_receivable_turnover_ratio": 1.71,
            "reinvestment_rate": -310.65,
            "research_to_sale_ratio": 0.64,
            "price_fair": 37.94,
            "eps_avg_yearly": 1.08,
            "eps_latest_yearly": 1.56,
            "eps_growth_yearly": 329.31
        },
        "20211": {
            "year_quarter": 20211,
            "year": 2021,
            "quarter": 1,
            "eps": 0.44,
            "eps_growth_year": 46.67,
            "eps_4q": 1.77,
            "eps_4q_growth_year": 52.63,
            "roe": 2.94,
            "roe_4q": 13.08,
            "gross_profit": 165068,
            "gross_margin": 22.94,
            "gross_margin_4q_avg": 20.2,
            "net_income": 44653,
            "net_income_4q": null,
            "revenue": 719522,
            "revenue_4q": null,
            "common_shares": 896701,
            "book_valuer_per_share": 13.54,
            "book_valuer_per_share_4q_avg": 13.66,
            "equity": 1512420,
            "current_ratio": 141.99,
            "debt_ratio": 54.41,
            "inventory_turnover_ratio": 1.15,
            "account_receivable_turnover_ratio": 2.13,
            "reinvestment_rate": -34.9,
            "research_to_sale_ratio": 0.38,
            "price_fair": 40.09,
            "eps_avg_yearly": 1.15,
            "eps_latest_yearly": 1.76,
            "eps_growth_yearly": 304.04
        },
        "20212": {
            "year_quarter": 20212,
            "year": 2021,
            "quarter": 2,
            "eps": 0.2,
            "eps_growth_year": -42.86,
            "eps_4q": 1.63,
            "eps_4q_growth_year": 24.14,
            "roe": 1.38,
            "roe_4q": 11.96,
            "gross_profit": 143039,
            "gross_margin": 19.36,
            "gross_margin_4q_avg": 20.15,
            "net_income": 20943,
            "net_income_4q": null,
            "revenue": 738741,
            "revenue_4q": null,
            "common_shares": 896701,
            "book_valuer_per_share": 13.77,
            "book_valuer_per_share_4q_avg": 13.86,
            "equity": 1519531,
            "current_ratio": 138.99,
            "debt_ratio": 55.97,
            "inventory_turnover_ratio": 1.32,
            "account_receivable_turnover_ratio": 2.37,
            "reinvestment_rate": -29.01,
            "research_to_sale_ratio": 0.46,
            "price_fair": 39.08,
            "eps_avg_yearly": 1.12,
            "eps_latest_yearly": 0.8,
            "eps_growth_yearly": 260.52
        },
        "20213": {
            "year_quarter": 20213,
            "year": 2021,
            "quarter": 3,
            "eps": 0.4,
            "eps_growth_year": -32.2,
            "eps_4q": 1.44,
            "eps_4q_growth_year": -7.72,
            "roe": 2.92,
            "roe_4q": 10.47,
            "gross_profit": 158338,
            "gross_margin": 20.85,
            "gross_margin_4q_avg": 21.18,
            "net_income": 44991,
            "net_income_4q": null,
            "revenue": 759407,
            "revenue_4q": null,
            "common_shares": 896701,
            "book_valuer_per_share": 14.13,
            "book_valuer_per_share_4q_avg": 13.92,
            "equity": 1560771,
            "current_ratio": 146.79,
            "debt_ratio": 52.28,
            "inventory_turnover_ratio": 1.28,
            "account_receivable_turnover_ratio": 2.23,
            "reinvestment_rate": -30.38,
            "research_to_sale_ratio": 0.52,
            "price_fair": 40.38,
            "eps_avg_yearly": 1.15,
            "eps_latest_yearly": 1.6,
            "eps_growth_yearly": 271.25
        },
        "20214": {
            "year_quarter": 20214,
            "year": 2021,
            "quarter": 4,
            "eps": 0.81,
            "eps_growth_year": 105.89,
            "eps_4q": 1.86,
            "eps_4q_growth_year": 14.17,
            "roe": 6.09,
            "roe_4q": 13.33,
            "gross_profit": 165168,
            "gross_margin": 21.75,
            "gross_margin_4q_avg": 21.23,
            "net_income": 94583,
            "net_income_4q": null,
            "revenue": 759314,
            "revenue_4q": null,
            "common_shares": 896701,
            "book_valuer_per_share": 14.97,
            "book_valuer_per_share_4q_avg": 14.1,
            "equity": 1544979,
            "current_ratio": 147.04,
            "debt_ratio": 51.74,
            "inventory_turnover_ratio": 1.18,
            "account_receivable_turnover_ratio": 2.11,
            "reinvestment_rate": -25.49,
            "research_to_sale_ratio": 0.74,
            "price_fair": 48.25,
            "eps_avg_yearly": 1.38,
            "eps_latest_yearly": 3.24,
            "eps_growth_yearly": 87.4
        },
        "20221": {
            "year_quarter": 20221,
            "year": 2022,
            "quarter": 1,
            "eps": 0.54,
            "eps_growth_year": 22.73,
            "eps_4q": 1.96,
            "eps_4q_growth_year": 10.56,
            "roe": 3.83,
            "roe_4q": 14.219999999999999,
            "gross_profit": 154319,
            "gross_margin": 20.08,
            "gross_margin_4q_avg": 20.51,
            "net_income": 57753,
            "net_income_4q": null,
            "revenue": 768566,
            "revenue_4q": null,
            "common_shares": 896701,
            "book_valuer_per_share": 14.01,
            "book_valuer_per_share_4q_avg": 14.22,
            "equity": 1472847,
            "current_ratio": 136.69,
            "debt_ratio": 56.14,
            "inventory_turnover_ratio": 1.26,
            "account_receivable_turnover_ratio": 1.96,
            "reinvestment_rate": -11.26,
            "research_to_sale_ratio": 0.39,
            "price_fair": 53.63,
            "eps_avg_yearly": 1.53,
            "eps_latest_yearly": 2.16,
            "eps_growth_yearly": 92.53
        },
        "20222": {
            "year_quarter": 20222,
            "year": 2022,
            "quarter": 2,
            "eps": 1.17,
            "eps_growth_year": 485,
            "eps_4q": 2.92,
            "eps_4q_growth_year": 79.72,
            "roe": 7.37,
            "roe_4q": 20.21,
            "gross_profit": 172966,
            "gross_margin": 22.94,
            "gross_margin_4q_avg": 21.41,
            "net_income": 102677,
            "net_income_4q": null,
            "revenue": 754146,
            "revenue_4q": null,
            "common_shares": 896701,
            "book_valuer_per_share": 15.02,
            "book_valuer_per_share_4q_avg": 14.53,
            "equity": 1313577,
            "current_ratio": 130.96,
            "debt_ratio": 55.28,
            "inventory_turnover_ratio": 1.79,
            "account_receivable_turnover_ratio": 2.28,
            "reinvestment_rate": 13.61,
            "research_to_sale_ratio": 0,
            "price_fair": 61.5,
            "eps_avg_yearly": 1.76,
            "eps_latest_yearly": 4.68,
            "eps_growth_yearly": 119.25
        },
        "20223": {
            "year_quarter": 20223,
            "year": 2022,
            "quarter": 3,
            "eps": 0.65,
            "eps_growth_year": 62.5,
            "eps_4q": 3.17,
            "eps_4q_growth_year": 120.19,
            "roe": 4.25,
            "roe_4q": 21.54,
            "gross_profit": 138076,
            "gross_margin": 30.17,
            "gross_margin_4q_avg": 23.74,
            "net_income": 57047,
            "net_income_4q": null,
            "revenue": 457641,
            "revenue_4q": null,
            "common_shares": 896701,
            "book_valuer_per_share": 15.66,
            "book_valuer_per_share_4q_avg": 14.92,
            "equity": 1369994,
            "current_ratio": 135.7,
            "debt_ratio": 51.4,
            "inventory_turnover_ratio": 1.78,
            "account_receivable_turnover_ratio": 2.09,
            "reinvestment_rate": 15.87,
            "research_to_sale_ratio": 0,
            "price_fair": 63.47,
            "eps_avg_yearly": 1.81,
            "eps_latest_yearly": 2.6,
            "eps_growth_yearly": 99.45
        },
        "20224": {
            "year_quarter": 20224,
            "year": 2022,
            "quarter": 4,
            "eps": 0.37,
            "eps_growth_year": -54.81,
            "eps_4q": 2.73,
            "eps_4q_growth_year": 46.72,
            "roe": 2.32,
            "roe_4q": 17.770000000000003,
            "gross_profit": 143209,
            "gross_margin": 29.32,
            "gross_margin_4q_avg": 25.63,
            "net_income": 32277,
            "net_income_4q": null,
            "revenue": 488441,
            "revenue_4q": null,
            "common_shares": 896701,
            "book_valuer_per_share": 16,
            "book_valuer_per_share_4q_avg": 15.17,
            "equity": 1408154,
            "current_ratio": 134.1,
            "debt_ratio": 55.52,
            "inventory_turnover_ratio": 1.39,
            "account_receivable_turnover_ratio": 2.62,
            "reinvestment_rate": 25.76,
            "research_to_sale_ratio": 0,
            "price_fair": 62.74,
            "eps_avg_yearly": 1.79,
            "eps_latest_yearly": 1.48,
            "eps_growth_yearly": 82.47
        },
        "20231": {
            "year_quarter": 20231,
            "year": 2023,
            "quarter": 1,
            "eps": 0.57,
            "eps_growth_year": 5.56,
            "eps_4q": 2.76,
            "eps_4q_growth_year": 40.98,
            "roe": 3.72,
            "roe_4q": 17.66,
            "gross_profit": 147572,
            "gross_margin": 27.16,
            "gross_margin_4q_avg": 27.4,
            "net_income": 50016,
            "net_income_4q": null,
            "revenue": 543444,
            "revenue_4q": null,
            "common_shares": 896701,
            "book_valuer_per_share": 14.55,
            "book_valuer_per_share_4q_avg": 15.31,
            "equity": 1281937,
            "current_ratio": 127.01,
            "debt_ratio": 57.01,
            "inventory_turnover_ratio": 1.53,
            "account_receivable_turnover_ratio": 2.99,
            "reinvestment_rate": 26.36,
            "research_to_sale_ratio": 0,
            "price_fair": 66.76,
            "eps_avg_yearly": 1.91,
            "eps_latest_yearly": 2.28,
            "eps_growth_yearly": 99.83
        },
        "20232": {
            "year_quarter": 20232,
            "year": 2023,
            "quarter": 2,
            "eps": 0.73,
            "eps_growth_year": -37.61,
            "eps_4q": 2.32,
            "eps_4q_growth_year": -20.58,
            "roe": 4.77,
            "roe_4q": 15.06,
            "gross_profit": 155064,
            "gross_margin": 30.38,
            "gross_margin_4q_avg": 29.26,
            "net_income": 64140,
            "net_income_4q": null,
            "revenue": 510476,
            "revenue_4q": null,
            "common_shares": 896701,
            "book_valuer_per_share": 15.4,
            "book_valuer_per_share_4q_avg": 15.4,
            "equity": 1405382,
            "current_ratio": 125.05,
            "debt_ratio": 62.39,
            "inventory_turnover_ratio": 2,
            "account_receivable_turnover_ratio": 2.78,
            "reinvestment_rate": 26.54,
            "research_to_sale_ratio": 0,
            "price_fair": 71.49,
            "eps_avg_yearly": 2.04,
            "eps_latest_yearly": 2.92,
            "eps_growth_yearly": 88.66
        },
        "20233": {
            "year_quarter": 20233,
            "year": 2023,
            "quarter": 3,
            "eps": 1.35,
            "eps_growth_year": 107.69,
            "eps_4q": 2.78,
            "eps_4q_growth_year": -12.42,
            "roe": 7.63,
            "roe_4q": 18.439999999999998,
            "gross_profit": 194389,
            "gross_margin": 32.95,
            "gross_margin_4q_avg": 29.95,
            "net_income": 127600,
            "net_income_4q": null,
            "revenue": 590034,
            "revenue_4q": null,
            "common_shares": 996701,
            "book_valuer_per_share": 19.27,
            "book_valuer_per_share_4q_avg": 16.31,
            "equity": 1937411,
            "current_ratio": 163.27,
            "debt_ratio": 51.1,
            "inventory_turnover_ratio": 2.16,
            "account_receivable_turnover_ratio": 2.43,
            "reinvestment_rate": 1.71,
            "research_to_sale_ratio": 0,
            "price_fair": 80.41,
            "eps_avg_yearly": 2.3,
            "eps_latest_yearly": 5.4,
            "eps_growth_yearly": 91.47
        }
    },
    "months": {
        "2002-04": {
            "month": "2002-04",
            "price": "76.82",
            "revenue": 226316
        },
        "2002-05": {
            "month": "2002-05",
            "price": "68.68",
            "revenue": 240046
        },
        "2002-06": {
            "month": "2002-06",
            "price": "56.00",
            "revenue": 223586
        },
        "2002-07": {
            "month": "2002-07",
            "price": "57.63",
            "revenue": 251562
        },
        "2002-08": {
            "month": "2002-08",
            "price": "63.91",
            "revenue": 264660
        },
        "2002-09": {
            "month": "2002-09",
            "price": "62.00",
            "revenue": 280299
        },
        "2002-10": {
            "month": "2002-10",
            "price": "60.39",
            "revenue": 314888
        },
        "2002-11": {
            "month": "2002-11",
            "price": "64.00",
            "revenue": 330104
        },
        "2002-12": {
            "month": "2002-12",
            "price": "67.07",
            "revenue": 337000
        },
        "2003-01": {
            "month": "2003-01",
            "price": "63.39",
            "revenue": 316494
        },
        "2003-02": {
            "month": "2003-02",
            "price": "59.38",
            "revenue": 213552
        },
        "2003-03": {
            "month": "2003-03",
            "price": "57.17",
            "revenue": 266019
        },
        "2003-04": {
            "month": "2003-04",
            "price": "55.61",
            "revenue": 270706
        },
        "2003-05": {
            "month": "2003-05",
            "price": "56.95",
            "revenue": 288564
        },
        "2003-06": {
            "month": "2003-06",
            "price": "62.32",
            "revenue": 300454
        },
        "2003-07": {
            "month": "2003-07",
            "price": "66.35",
            "revenue": 309130
        },
        "2003-08": {
            "month": "2003-08",
            "price": "57.10",
            "revenue": 310216
        },
        "2003-09": {
            "month": "2003-09",
            "price": "52.74",
            "revenue": 349916
        },
        "2003-10": {
            "month": "2003-10",
            "price": "53.11",
            "revenue": 371587
        },
        "2003-11": {
            "month": "2003-11",
            "price": "53.90",
            "revenue": 363619
        },
        "2003-12": {
            "month": "2003-12",
            "price": "52.46",
            "revenue": 316727
        },
        "2004-01": {
            "month": "2004-01",
            "price": "52.10",
            "revenue": 357184
        },
        "2004-02": {
            "month": "2004-02",
            "price": "52.10",
            "revenue": 321339
        },
        "2004-03": {
            "month": "2004-03",
            "price": "50.49",
            "revenue": 336617
        },
        "2004-04": {
            "month": "2004-04",
            "price": "46.20",
            "revenue": 381309
        },
        "2004-05": {
            "month": "2004-05",
            "price": "38.60",
            "revenue": 349415
        },
        "2004-06": {
            "month": "2004-06",
            "price": "37.76",
            "revenue": 375061
        },
        "2004-07": {
            "month": "2004-07",
            "price": "31.73",
            "revenue": 365937
        },
        "2004-08": {
            "month": "2004-08",
            "price": "25.28",
            "revenue": 345187
        },
        "2004-09": {
            "month": "2004-09",
            "price": "22.11",
            "revenue": 384383
        },
        "2004-10": {
            "month": "2004-10",
            "price": "20.36",
            "revenue": 411743
        },
        "2004-11": {
            "month": "2004-11",
            "price": "21.18",
            "revenue": 446614
        },
        "2004-12": {
            "month": "2004-12",
            "price": "21.60",
            "revenue": 412683
        },
        "2005-01": {
            "month": "2005-01",
            "price": "20.85",
            "revenue": 307869
        },
        "2005-02": {
            "month": "2005-02",
            "price": "21.78",
            "revenue": 303303
        },
        "2005-03": {
            "month": "2005-03",
            "price": "25.79",
            "revenue": 402678
        },
        "2005-04": {
            "month": "2005-04",
            "price": "25.70",
            "revenue": 379941
        },
        "2005-05": {
            "month": "2005-05",
            "price": "21.52",
            "revenue": 359377
        },
        "2005-06": {
            "month": "2005-06",
            "price": "22.90",
            "revenue": 366287
        },
        "2005-07": {
            "month": "2005-07",
            "price": "24.23",
            "revenue": 348184
        },
        "2005-08": {
            "month": "2005-08",
            "price": "21.10",
            "revenue": 384639
        },
        "2005-09": {
            "month": "2005-09",
            "price": "17.52",
            "revenue": 536468
        },
        "2005-10": {
            "month": "2005-10",
            "price": "18.20",
            "revenue": 431396
        },
        "2005-11": {
            "month": "2005-11",
            "price": "18.34",
            "revenue": 544433
        },
        "2005-12": {
            "month": "2005-12",
            "price": "22.06",
            "revenue": 510553
        },
        "2006-01": {
            "month": "2006-01",
            "price": "24.84",
            "revenue": 519469
        },
        "2006-02": {
            "month": "2006-02",
            "price": "27.99",
            "revenue": 363469
        },
        "2006-03": {
            "month": "2006-03",
            "price": "27.87",
            "revenue": 415875
        },
        "2006-04": {
            "month": "2006-04",
            "price": "26.58",
            "revenue": 383004
        },
        "2006-05": {
            "month": "2006-05",
            "price": "24.47",
            "revenue": 345439
        },
        "2006-06": {
            "month": "2006-06",
            "price": "21.01",
            "revenue": 373160
        },
        "2006-07": {
            "month": "2006-07",
            "price": "20.11",
            "revenue": 405773
        },
        "2006-08": {
            "month": "2006-08",
            "price": "20.74",
            "revenue": 449636
        },
        "2006-09": {
            "month": "2006-09",
            "price": "19.77",
            "revenue": 419195
        },
        "2006-10": {
            "month": "2006-10",
            "price": "18.71",
            "revenue": 425472
        },
        "2006-11": {
            "month": "2006-11",
            "price": "20.75",
            "revenue": 425536
        },
        "2006-12": {
            "month": "2006-12",
            "price": "24.25",
            "revenue": 378166
        },
        "2007-01": {
            "month": "2007-01",
            "price": "29.97",
            "revenue": 463878
        },
        "2007-02": {
            "month": "2007-02",
            "price": "28.32",
            "revenue": 442885
        },
        "2007-03": {
            "month": "2007-03",
            "price": "34.27",
            "revenue": 458589
        },
        "2007-04": {
            "month": "2007-04",
            "price": "37.18",
            "revenue": 430059
        },
        "2007-05": {
            "month": "2007-05",
            "price": "34.47",
            "revenue": 481435
        },
        "2007-06": {
            "month": "2007-06",
            "price": "37.16",
            "revenue": 460233
        },
        "2007-07": {
            "month": "2007-07",
            "price": "48.24",
            "revenue": 541792
        },
        "2007-08": {
            "month": "2007-08",
            "price": "50.68",
            "revenue": 619917
        },
        "2007-09": {
            "month": "2007-09",
            "price": "40.97",
            "revenue": 532072
        },
        "2007-10": {
            "month": "2007-10",
            "price": "36.97",
            "revenue": 586649
        },
        "2007-11": {
            "month": "2007-11",
            "price": "29.43",
            "revenue": 597144
        },
        "2007-12": {
            "month": "2007-12",
            "price": "23.76",
            "revenue": 471434
        },
        "2008-01": {
            "month": "2008-01",
            "price": "20.23",
            "revenue": 590019
        },
        "2008-02": {
            "month": "2008-02",
            "price": "19.74",
            "revenue": 459580
        },
        "2008-03": {
            "month": "2008-03",
            "price": "22.50",
            "revenue": 532120
        },
        "2008-04": {
            "month": "2008-04",
            "price": "25.77",
            "revenue": 654975
        },
        "2008-05": {
            "month": "2008-05",
            "price": "31.76",
            "revenue": 554281
        },
        "2008-06": {
            "month": "2008-06",
            "price": "36.52",
            "revenue": 698235
        },
        "2008-07": {
            "month": "2008-07",
            "price": "33.92",
            "revenue": 647757
        },
        "2008-08": {
            "month": "2008-08",
            "price": "33.66",
            "revenue": 703377
        },
        "2008-09": {
            "month": "2008-09",
            "price": "23.15",
            "revenue": 731551
        },
        "2008-10": {
            "month": "2008-10",
            "price": "19.59",
            "revenue": 856838
        },
        "2008-11": {
            "month": "2008-11",
            "price": "21.90",
            "revenue": 628074
        },
        "2008-12": {
            "month": "2008-12",
            "price": "21.50",
            "revenue": 609440
        },
        "2009-01": {
            "month": "2009-01",
            "price": "20.25",
            "revenue": 513587
        },
        "2009-02": {
            "month": "2009-02",
            "price": "22.60",
            "revenue": 431809
        },
        "2009-03": {
            "month": "2009-03",
            "price": "26.63",
            "revenue": 580161
        },
        "2009-04": {
            "month": "2009-04",
            "price": "28.76",
            "revenue": 502373
        },
        "2009-05": {
            "month": "2009-05",
            "price": "28.21",
            "revenue": 550103
        },
        "2009-06": {
            "month": "2009-06",
            "price": "27.93",
            "revenue": 611258
        },
        "2009-07": {
            "month": "2009-07",
            "price": "29.36",
            "revenue": 581268
        },
        "2009-08": {
            "month": "2009-08",
            "price": "28.38",
            "revenue": 594869
        },
        "2009-09": {
            "month": "2009-09",
            "price": "29.74",
            "revenue": 547681
        },
        "2009-10": {
            "month": "2009-10",
            "price": "36.80",
            "revenue": 558930
        },
        "2009-11": {
            "month": "2009-11",
            "price": "36.22",
            "revenue": 581677
        },
        "2009-12": {
            "month": "2009-12",
            "price": "37.76",
            "revenue": 528363
        },
        "2010-01": {
            "month": "2010-01",
            "price": "35.57",
            "revenue": 450731
        },
        "2010-02": {
            "month": "2010-02",
            "price": "27.74",
            "revenue": 441236
        },
        "2010-03": {
            "month": "2010-03",
            "price": "29.72",
            "revenue": 537441
        },
        "2010-04": {
            "month": "2010-04",
            "price": "29.04",
            "revenue": 495609
        },
        "2010-05": {
            "month": "2010-05",
            "price": "22.84",
            "revenue": 513557
        },
        "2010-06": {
            "month": "2010-06",
            "price": "22.39",
            "revenue": 504818
        },
        "2010-07": {
            "month": "2010-07",
            "price": "25.17",
            "revenue": 482226
        },
        "2010-08": {
            "month": "2010-08",
            "price": "26.05",
            "revenue": 512300
        },
        "2010-09": {
            "month": "2010-09",
            "price": "25.28",
            "revenue": 512017
        },
        "2010-10": {
            "month": "2010-10",
            "price": "23.82",
            "revenue": 490261
        },
        "2010-11": {
            "month": "2010-11",
            "price": "21.39",
            "revenue": 578400
        },
        "2010-12": {
            "month": "2010-12",
            "price": "22.54",
            "revenue": 542608
        },
        "2011-01": {
            "month": "2011-01",
            "price": "21.53",
            "revenue": 571778
        },
        "2011-02": {
            "month": "2011-02",
            "price": "21.86",
            "revenue": 511236
        },
        "2011-03": {
            "month": "2011-03",
            "price": "23.04",
            "revenue": 659472
        },
        "2011-04": {
            "month": "2011-04",
            "price": "23.03",
            "revenue": 645925
        },
        "2011-05": {
            "month": "2011-05",
            "price": "23.47",
            "revenue": 600747
        },
        "2011-06": {
            "month": "2011-06",
            "price": "25.07",
            "revenue": 547065
        },
        "2011-07": {
            "month": "2011-07",
            "price": "25.53",
            "revenue": 639917
        },
        "2011-08": {
            "month": "2011-08",
            "price": "21.08",
            "revenue": 633940
        },
        "2011-09": {
            "month": "2011-09",
            "price": "19.68",
            "revenue": 598463
        },
        "2011-10": {
            "month": "2011-10",
            "price": "19.32",
            "revenue": 524902
        },
        "2011-11": {
            "month": "2011-11",
            "price": "19.46",
            "revenue": 995049
        },
        "2011-12": {
            "month": "2011-12",
            "price": "18.95",
            "revenue": 616463
        },
        "2012-01": {
            "month": "2012-01",
            "price": "18.71",
            "revenue": 617281
        },
        "2012-02": {
            "month": "2012-02",
            "price": "22.02",
            "revenue": 500484
        },
        "2012-03": {
            "month": "2012-03",
            "price": "25.03",
            "revenue": 566942
        },
        "2012-04": {
            "month": "2012-04",
            "price": "21.74",
            "revenue": 557146
        },
        "2012-05": {
            "month": "2012-05",
            "price": "19.80",
            "revenue": 520485
        },
        "2012-06": {
            "month": "2012-06",
            "price": "18.46",
            "revenue": 475517
        },
        "2012-07": {
            "month": "2012-07",
            "price": "18.60",
            "revenue": 513962
        },
        "2012-08": {
            "month": "2012-08",
            "price": "17.69",
            "revenue": 475267
        },
        "2012-09": {
            "month": "2012-09",
            "price": "16.89",
            "revenue": 435042
        },
        "2012-10": {
            "month": "2012-10",
            "price": "15.09",
            "revenue": 445004
        },
        "2012-11": {
            "month": "2012-11",
            "price": "13.49",
            "revenue": 452968
        },
        "2012-12": {
            "month": "2012-12",
            "price": "13.85",
            "revenue": 406943
        },
        "2013-01": {
            "month": "2013-01",
            "price": "14.06",
            "revenue": 468702
        },
        "2013-02": {
            "month": "2013-02",
            "price": "13.75",
            "revenue": 454396
        },
        "2013-03": {
            "month": "2013-03",
            "price": "13.60",
            "revenue": 480941
        },
        "2013-04": {
            "month": "2013-04",
            "price": "12.06",
            "revenue": 487039
        },
        "2013-05": {
            "month": "2013-05",
            "price": "12.05",
            "revenue": 409197
        },
        "2013-06": {
            "month": "2013-06",
            "price": "11.64",
            "revenue": 369486
        },
        "2013-07": {
            "month": "2013-07",
            "price": "10.24",
            "revenue": 454000
        },
        "2013-08": {
            "month": "2013-08",
            "price": "10.93",
            "revenue": 412107
        },
        "2013-09": {
            "month": "2013-09",
            "price": "10.38",
            "revenue": 397271
        },
        "2013-10": {
            "month": "2013-10",
            "price": "10.97",
            "revenue": 408891
        },
        "2013-11": {
            "month": "2013-11",
            "price": "10.14",
            "revenue": 395259
        },
        "2013-12": {
            "month": "2013-12",
            "price": "10.60",
            "revenue": 374355
        },
        "2014-01": {
            "month": "2014-01",
            "price": "13.78",
            "revenue": 471550
        },
        "2014-02": {
            "month": "2014-02",
            "price": "15.05",
            "revenue": 364749
        },
        "2014-03": {
            "month": "2014-03",
            "price": "14.12",
            "revenue": 364693
        },
        "2014-04": {
            "month": "2014-04",
            "price": "12.51",
            "revenue": 526981
        },
        "2014-05": {
            "month": "2014-05",
            "price": "12.48",
            "revenue": 431606
        },
        "2014-06": {
            "month": "2014-06",
            "price": "12.40",
            "revenue": 350263
        },
        "2014-07": {
            "month": "2014-07",
            "price": "12.21",
            "revenue": 313970
        },
        "2014-08": {
            "month": "2014-08",
            "price": "11.37",
            "revenue": 331329
        },
        "2014-09": {
            "month": "2014-09",
            "price": "11.43",
            "revenue": 350436
        },
        "2014-10": {
            "month": "2014-10",
            "price": "11.83",
            "revenue": 329474
        },
        "2014-11": {
            "month": "2014-11",
            "price": "12.43",
            "revenue": 279827
        },
        "2014-12": {
            "month": "2014-12",
            "price": "12.39",
            "revenue": 335602
        },
        "2015-01": {
            "month": "2015-01",
            "price": "13.02",
            "revenue": 324333
        },
        "2015-02": {
            "month": "2015-02",
            "price": "12.22",
            "revenue": 333358
        },
        "2015-03": {
            "month": "2015-03",
            "price": "12.36",
            "revenue": 334175
        },
        "2015-04": {
            "month": "2015-04",
            "price": "12.43",
            "revenue": 286826
        },
        "2015-05": {
            "month": "2015-05",
            "price": "11.55",
            "revenue": 282869
        },
        "2015-06": {
            "month": "2015-06",
            "price": "10.67",
            "revenue": 273786
        },
        "2015-07": {
            "month": "2015-07",
            "price": "9.85",
            "revenue": 346157
        },
        "2015-08": {
            "month": "2015-08",
            "price": "7.44",
            "revenue": 290479
        },
        "2015-09": {
            "month": "2015-09",
            "price": "8.37",
            "revenue": 267137
        },
        "2015-10": {
            "month": "2015-10",
            "price": "9.04",
            "revenue": 275521
        },
        "2015-11": {
            "month": "2015-11",
            "price": "9.47",
            "revenue": 304578
        },
        "2015-12": {
            "month": "2015-12",
            "price": "10.14",
            "revenue": 276686
        },
        "2016-01": {
            "month": "2016-01",
            "price": "9.72",
            "revenue": 258595
        },
        "2016-02": {
            "month": "2016-02",
            "price": "9.56",
            "revenue": 265774
        },
        "2016-03": {
            "month": "2016-03",
            "price": "10.36",
            "revenue": 306426
        },
        "2016-04": {
            "month": "2016-04",
            "price": "10.87",
            "revenue": 267555
        },
        "2016-05": {
            "month": "2016-05",
            "price": "10.80",
            "revenue": 295045
        },
        "2016-06": {
            "month": "2016-06",
            "price": "10.85",
            "revenue": 250445
        },
        "2016-07": {
            "month": "2016-07",
            "price": "10.78",
            "revenue": 265712
        },
        "2016-08": {
            "month": "2016-08",
            "price": "10.00",
            "revenue": 318174
        },
        "2016-09": {
            "month": "2016-09",
            "price": "9.55",
            "revenue": 275613
        },
        "2016-10": {
            "month": "2016-10",
            "price": "9.51",
            "revenue": 297012
        },
        "2016-11": {
            "month": "2016-11",
            "price": "9.24",
            "revenue": 269192
        },
        "2016-12": {
            "month": "2016-12",
            "price": "9.06",
            "revenue": 308230
        },
        "2017-01": {
            "month": "2017-01",
            "price": "9.21",
            "revenue": 263727
        },
        "2017-02": {
            "month": "2017-02",
            "price": "9.50",
            "revenue": 200699
        },
        "2017-03": {
            "month": "2017-03",
            "price": "9.67",
            "revenue": 267860
        },
        "2017-04": {
            "month": "2017-04",
            "price": "9.04",
            "revenue": 250664
        },
        "2017-05": {
            "month": "2017-05",
            "price": "8.89",
            "revenue": 246403
        },
        "2017-06": {
            "month": "2017-06",
            "price": "9.12",
            "revenue": 268860
        },
        "2017-07": {
            "month": "2017-07",
            "price": "9.60",
            "revenue": 251698
        },
        "2017-08": {
            "month": "2017-08",
            "price": "9.30",
            "revenue": 241570
        },
        "2017-09": {
            "month": "2017-09",
            "price": "9.88",
            "revenue": 249235
        },
        "2017-10": {
            "month": "2017-10",
            "price": "13.62",
            "revenue": 266310
        },
        "2017-11": {
            "month": "2017-11",
            "price": "12.45",
            "revenue": 281236
        },
        "2017-12": {
            "month": "2017-12",
            "price": "12.00",
            "revenue": 291150
        },
        "2018-01": {
            "month": "2018-01",
            "price": "12.80",
            "revenue": 233148
        },
        "2018-02": {
            "month": "2018-02",
            "price": "12.18",
            "revenue": 231541
        },
        "2018-03": {
            "month": "2018-03",
            "price": "12.09",
            "revenue": 260002
        },
        "2018-04": {
            "month": "2018-04",
            "price": "11.69",
            "revenue": 254537
        },
        "2018-05": {
            "month": "2018-05",
            "price": "11.36",
            "revenue": 259210
        },
        "2018-06": {
            "month": "2018-06",
            "price": "11.88",
            "revenue": 261662
        },
        "2018-07": {
            "month": "2018-07",
            "price": "11.54",
            "revenue": 261864
        },
        "2018-08": {
            "month": "2018-08",
            "price": "11.23",
            "revenue": 263460
        },
        "2018-09": {
            "month": "2018-09",
            "price": "10.94",
            "revenue": 272483
        },
        "2018-10": {
            "month": "2018-10",
            "price": "9.91",
            "revenue": 315920
        },
        "2018-11": {
            "month": "2018-11",
            "price": "9.69",
            "revenue": 262318
        },
        "2018-12": {
            "month": "2018-12",
            "price": "10.90",
            "revenue": 298441
        },
        "2019-01": {
            "month": "2019-01",
            "price": "10.21",
            "revenue": 334406
        },
        "2019-02": {
            "month": "2019-02",
            "price": "10.93",
            "revenue": 224688
        },
        "2019-03": {
            "month": "2019-03",
            "price": "12.50",
            "revenue": 280791
        },
        "2019-04": {
            "month": "2019-04",
            "price": "13.98",
            "revenue": 302015
        },
        "2019-05": {
            "month": "2019-05",
            "price": "15.33",
            "revenue": 318666
        },
        "2019-06": {
            "month": "2019-06",
            "price": "13.94",
            "revenue": 308098
        },
        "2019-07": {
            "month": "2019-07",
            "price": "15.00",
            "revenue": 340425
        },
        "2019-08": {
            "month": "2019-08",
            "price": "15.11",
            "revenue": 346937
        },
        "2019-09": {
            "month": "2019-09",
            "price": "15.53",
            "revenue": 356961
        },
        "2019-10": {
            "month": "2019-10",
            "price": "14.36",
            "revenue": 326566
        },
        "2019-11": {
            "month": "2019-11",
            "price": "15.04",
            "revenue": 309627
        },
        "2019-12": {
            "month": "2019-12",
            "price": "16.14",
            "revenue": 405686
        },
        "2020-01": {
            "month": "2020-01",
            "price": "18.46",
            "revenue": 283318
        },
        "2020-02": {
            "month": "2020-02",
            "price": "17.54",
            "revenue": 197602
        },
        "2020-03": {
            "month": "2020-03",
            "price": "13.89",
            "revenue": 295561
        },
        "2020-04": {
            "month": "2020-04",
            "price": "14.37",
            "revenue": 323230
        },
        "2020-05": {
            "month": "2020-05",
            "price": "16.76",
            "revenue": 281185
        },
        "2020-06": {
            "month": "2020-06",
            "price": "17.80",
            "revenue": 312577
        },
        "2020-07": {
            "month": "2020-07",
            "price": "20.50",
            "revenue": 356071
        },
        "2020-08": {
            "month": "2020-08",
            "price": "20.18",
            "revenue": 367263
        },
        "2020-09": {
            "month": "2020-09",
            "price": "18.75",
            "revenue": 339851
        },
        "2020-10": {
            "month": "2020-10",
            "price": "17.82",
            "revenue": 264003
        },
        "2020-11": {
            "month": "2020-11",
            "price": "18.84",
            "revenue": 312746
        },
        "2020-12": {
            "month": "2020-12",
            "price": "19.39",
            "revenue": 229108
        },
        "2021-01": {
            "month": "2021-01",
            "price": "18.08",
            "revenue": 244855
        },
        "2021-02": {
            "month": "2021-02",
            "price": "17.36",
            "revenue": 226671
        },
        "2021-03": {
            "month": "2021-03",
            "price": "19.81",
            "revenue": 248063
        },
        "2021-04": {
            "month": "2021-04",
            "price": "26.03",
            "revenue": 257382
        },
        "2021-05": {
            "month": "2021-05",
            "price": "24.54",
            "revenue": 247441
        },
        "2021-06": {
            "month": "2021-06",
            "price": "25.72",
            "revenue": 235034
        },
        "2021-07": {
            "month": "2021-07",
            "price": "41.15",
            "revenue": 259855
        },
        "2021-08": {
            "month": "2021-08",
            "price": "37.98",
            "revenue": 269347
        },
        "2021-09": {
            "month": "2021-09",
            "price": "40.07",
            "revenue": 228607
        },
        "2021-10": {
            "month": "2021-10",
            "price": "41.80",
            "revenue": 260946
        },
        "2021-11": {
            "month": "2021-11",
            "price": "47.78",
            "revenue": 252449
        },
        "2021-12": {
            "month": "2021-12",
            "price": "44.33",
            "revenue": 246342
        },
        "2022-01": {
            "month": "2022-01",
            "price": "40.28",
            "revenue": 275223
        },
        "2022-02": {
            "month": "2022-02",
            "price": "37.42",
            "revenue": 240196
        },
        "2022-03": {
            "month": "2022-03",
            "price": "32.91",
            "revenue": 259245
        },
        "2022-04": {
            "month": "2022-04",
            "price": "31.71",
            "revenue": 184014
        },
        "2022-05": {
            "month": "2022-05",
            "price": "34.16",
            "revenue": 389284
        },
        "2022-06": {
            "month": "2022-06",
            "price": "32.25",
            "revenue": 180940
        },
        "2022-07": {
            "month": "2022-07",
            "price": "25.49",
            "revenue": 153271
        },
        "2022-08": {
            "month": "2022-08",
            "price": "28.93",
            "revenue": 152057
        },
        "2022-09": {
            "month": "2022-09",
            "price": "30.12",
            "revenue": 152369
        },
        "2022-10": {
            "month": "2022-10",
            "price": "30.89",
            "revenue": 160943
        },
        "2022-11": {
            "month": "2022-11",
            "price": "32.45",
            "revenue": 163588
        },
        "2022-12": {
            "month": "2022-12",
            "price": "35.06",
            "revenue": 164459
        },
        "2023-01": {
            "month": "2023-01",
            "price": "34.67",
            "revenue": 193539
        },
        "2023-02": {
            "month": "2023-02",
            "price": "36.40",
            "revenue": 172061
        },
        "2023-03": {
            "month": "2023-03",
            "price": "39.51",
            "revenue": 178051
        },
        "2023-04": {
            "month": "2023-04",
            "price": "39.42",
            "revenue": 162599
        },
        "2023-05": {
            "month": "2023-05",
            "price": "39.25",
            "revenue": 175807
        },
        "2023-06": {
            "month": "2023-06",
            "price": "40.22",
            "revenue": 172105
        },
        "2023-07": {
            "month": "2023-07",
            "price": "43.52",
            "revenue": 194986
        },
        "2023-08": {
            "month": "2023-08",
            "price": "53.33",
            "revenue": 192432
        },
        "2023-09": {
            "month": "2023-09",
            "price": "55.65",
            "revenue": 202731
        },
        "2023-10": {
            "month": "2023-10",
            "price": "57.14",
            "revenue": 203512
        },
        "2023-11": {
            "month": "2023-11",
            "price": "53.84",
            "revenue": 206333
        },
        "2023-12": {
            "month": "2023-12",
            "price": "56.34",
            "revenue": 208941
        }
    }
}
