{
    "summary": {
        "stock_name": "大城地產",
        "stock_id": "6171",
        "category": "建材營造",
        "main_business": "住宅及大樓開發租售業。",
        "website_url": "http://www.aries-net.com.tw",
        "ceo": "廖祐(人雋)",
        "pe_ratio": 8,
        "report_year_from": 2001,
        "report_year_to": 2023,
        "age": 22,
        "eps_negative_percentage": 17,
        "eps_growth_avg": {
            "last_all": -11.61,
            "last_2y": 45.77,
            "last_4y": 1.74,
            "last_8y": 0.21,
            "last_12y": -4.85,
            "last_16y": -10.46,
            "last_20y": -11.61,
            "at_2006_last_3y": -23.95,
            "at_2007_last_3y": -39.35,
            "at_2008_last_3y": -17.56,
            "at_2009_last_3y": -24.49,
            "at_2010_last_3y": -24.69,
            "at_2011_last_3y": 17.5,
            "at_2012_last_3y": -32.5,
            "at_2013_last_3y": -16.67,
            "at_2014_last_3y": 0,
            "at_2015_last_3y": -100,
            "at_2016_last_3y": -78.17,
            "at_2017_last_3y": -3.6,
            "at_2018_last_3y": -16.24,
            "at_2019_last_3y": -33.95,
            "at_2020_last_3y": 10.59,
            "at_2021_last_3y": 10.22,
            "at_2022_last_3y": 12.55,
            "at_2023_last_3y": 12.55,
            "at_2006_last_all": -22.36,
            "at_2007_last_all": -30.09,
            "at_2008_last_all": -11.51,
            "at_2009_last_all": -20.07,
            "at_2010_last_all": -23.39,
            "at_2011_last_all": -11.06,
            "at_2012_last_all": -19.14,
            "at_2013_last_all": -19.14,
            "at_2014_last_all": -19.14,
            "at_2015_last_all": -19.14,
            "at_2016_last_all": -24.06,
            "at_2017_last_all": -16.75,
            "at_2018_last_all": -18.52,
            "at_2019_last_all": -23.09,
            "at_2020_last_all": -15.4,
            "at_2021_last_all": -10.4,
            "at_2022_last_all": -11.61,
            "at_2023_last_all": -11.61
        },
        "latest_eps": 2.75,
        "latest_price": 22.3,
        "latest_roe": 16.06,
        "latest_gross_margin": 61.36,
        "latest_equity": 1732630,
        "latest_revenue": 12833,
        "latest_gross_profit": 7874,
        "latest_net_income": -774,
        "latest_debt_ratio": 47.05,
        "latest_current_ratio": 211.79,
        "latest_account_receivable_turnover_ratio": 107.39,
        "latest_inventory_turnover_ratio": 0,
        "latest_reinvestment_rate": -0,
        "latest_research_to_sale_ratio": null
    },
    "eps_dividends": {
        "2000": {
            "cash": 0,
            "stock": 2,
            "eps": 0
        },
        "2001": {
            "cash": 1,
            "stock": 2,
            "eps": 1.5
        },
        "2002": {
            "cash": 0,
            "stock": 2,
            "eps": 1.26
        },
        "2003": {
            "cash": 0,
            "stock": 2,
            "eps": 1.17
        },
        "2004": {
            "cash": 0,
            "stock": 1,
            "eps": 1.32
        },
        "2005": {
            "cash": 1,
            "stock": 1,
            "eps": 0.63
        },
        "2006": {
            "cash": 1,
            "stock": 0,
            "eps": 0.32
        },
        "2007": {
            "cash": 0,
            "stock": 0,
            "eps": 0.1
        },
        "2008": {
            "cash": 0,
            "stock": 0,
            "eps": 0.2
        },
        "2009": {
            "cash": 0,
            "stock": 0,
            "eps": 0.04
        },
        "2010": {
            "cash": 0,
            "stock": 0,
            "eps": 0.02
        },
        "2011": {
            "cash": 0,
            "stock": 0,
            "eps": 0.17
        },
        "2012": {
            "cash": 0,
            "stock": 0,
            "eps": -0.89
        },
        "2013": {
            "cash": 0,
            "stock": 0,
            "eps": -0.03
        },
        "2014": {
            "cash": 0,
            "stock": 0,
            "eps": -0.16
        },
        "2015": {
            "cash": 0,
            "stock": 0,
            "eps": 1.42
        },
        "2016": {
            "cash": 0,
            "stock": 0,
            "eps": 0.31
        },
        "2017": {
            "cash": 0,
            "stock": 0,
            "eps": 0.53
        },
        "2018": {
            "cash": 0,
            "stock": 0,
            "eps": 0.31
        },
        "2019": {
            "cash": 0,
            "stock": 0,
            "eps": 0.04
        },
        "2020": {
            "cash": 0,
            "stock": 0,
            "eps": 3.08
        },
        "2021": {
            "cash": 1,
            "stock": 2,
            "eps": 5.22
        },
        "2022": {
            "cash": 2,
            "stock": 2,
            "eps": 3.54
        },
        "2023": {
            "cash": 1,
            "stock": 0,
            "eps": -0.01
        }
    },
    "dividends": {
        "2000-05-09": {
            "cash": 0,
            "stock": 2
        },
        "2001-05-16": {
            "cash": 0.5,
            "stock": 1.5
        },
        "2002-06-25": {
            "cash": 0,
            "stock": 1.5
        },
        "2003-06-10": {
            "cash": 0,
            "stock": 1.5
        },
        "2004-03-17": {
            "cash": 0,
            "stock": 1.2
        },
        "2005-03-14": {
            "cash": 0.5,
            "stock": 0.53
        },
        "2006-03-27": {
            "cash": 0.54,
            "stock": 0
        },
        "2007-03-16": {
            "cash": 0.25,
            "stock": 0
        },
        "2009-03-30": {
            "cash": 0.3,
            "stock": 0
        },
        "2012-06-13": {
            "cash": 0.2,
            "stock": 0
        },
        "2016-08-25": {
            "cash": 0.3,
            "stock": 0
        },
        "2017-08-25": {
            "cash": 0.2,
            "stock": 0
        },
        "2018-08-31": {
            "cash": 0.3,
            "stock": 0
        },
        "2019-08-26": {
            "cash": 0.2,
            "stock": 0
        },
        "2020-08-25": {
            "cash": 0.3,
            "stock": 0
        },
        "2021-11-19": {
            "cash": 1,
            "stock": 1.5
        },
        "2022-09-30": {
            "cash": 1.5,
            "stock": 1.54
        },
        "2023-03-22": {
            "cash": 1,
            "stock": 0
        }
    },
    "prices": {
        "200101": "無",
        "200102": "無",
        "200103": "無",
        "200104": "無",
        "200105": "無",
        "200106": "無",
        "200107": "無",
        "200108": "無",
        "200109": "無",
        "200110": "無",
        "200111": "無",
        "200112": "無",
        "200201": "無",
        "200202": "無",
        "200203": "無",
        "200204": "29.13",
        "200205": "26.17",
        "200206": "37.64",
        "200207": "29.69",
        "200208": "26.19",
        "200209": "16.76",
        "200210": "15.76",
        "200211": "16.20",
        "200212": "15.29",
        "200301": "15.10",
        "200302": "14.28",
        "200303": "13.11",
        "200304": "13.56",
        "200305": "13.90",
        "200306": "15.00",
        "200307": "15.01",
        "200308": "13.48",
        "200309": "13.05",
        "200310": "12.93",
        "200311": "13.40",
        "200312": "13.09",
        "200401": "13.21",
        "200402": "16.56",
        "200403": "15.48",
        "200404": "14.59",
        "200405": "13.26",
        "200406": "12.89",
        "200407": "11.33",
        "200408": "10.13",
        "200409": "10.16",
        "200410": "9.72",
        "200411": "9.54",
        "200412": "9.32",
        "200501": "8.91",
        "200502": "9.60",
        "200503": "9.58",
        "200504": "9.24",
        "200505": "8.74",
        "200506": "9.40",
        "200507": "9.82",
        "200508": "8.28",
        "200509": "7.91",
        "200510": "7.49",
        "200511": "8.14",
        "200512": "9.16",
        "200601": "8.67",
        "200602": "8.14",
        "200603": "7.72",
        "200604": "8.53",
        "200605": "9.67",
        "200606": "9.84",
        "200607": "9.29",
        "200608": "9.49",
        "200609": "10.18",
        "200610": "12.20",
        "200611": "12.13",
        "200612": "12.22",
        "200701": "12.78",
        "200702": "11.56",
        "200703": "11.92",
        "200704": "11.82",
        "200705": "12.32",
        "200706": "12.63",
        "200707": "13.95",
        "200708": "12.27",
        "200709": "10.74",
        "200710": "10.68",
        "200711": "9.20",
        "200712": "7.80",
        "200801": "7.19",
        "200802": "7.13",
        "200803": "8.03",
        "200804": "9.03",
        "200805": "8.79",
        "200806": "8.27",
        "200807": "7.50",
        "200808": "6.61",
        "200809": "5.40",
        "200810": "5.56",
        "200811": "5.52",
        "200812": "4.89",
        "200901": "4.73",
        "200902": "4.78",
        "200903": "5.32",
        "200904": "6.54",
        "200905": "6.57",
        "200906": "6.87",
        "200907": "7.28",
        "200908": "8.00",
        "200909": "9.07",
        "200910": "11.25",
        "200911": "11.32",
        "200912": "11.60",
        "201001": "12.47",
        "201002": "11.92",
        "201003": "12.94",
        "201004": "13.00",
        "201005": "11.55",
        "201006": "11.85",
        "201007": "12.02",
        "201008": "12.08",
        "201009": "12.25",
        "201010": "11.39",
        "201011": "10.27",
        "201012": "10.50",
        "201101": "10.56",
        "201102": "10.07",
        "201103": "10.00",
        "201104": "10.35",
        "201105": "10.33",
        "201106": "10.31",
        "201107": "10.58",
        "201108": "12.26",
        "201109": "12.24",
        "201110": "12.44",
        "201111": "12.99",
        "201112": "14.57",
        "201201": "15.95",
        "201202": "18.39",
        "201203": "20.54",
        "201204": "19.36",
        "201205": "19.24",
        "201206": "17.98",
        "201207": "16.54",
        "201208": "16.27",
        "201209": "17.72",
        "201210": "17.58",
        "201211": "16.72",
        "201212": "17.35",
        "201301": "17.02",
        "201302": "16.53",
        "201303": "16.36",
        "201304": "16.44",
        "201305": "20.56",
        "201306": "19.14",
        "201307": "18.20",
        "201308": "18.44",
        "201309": "18.62",
        "201310": "18.19",
        "201311": "17.99",
        "201312": "17.54",
        "201401": "17.41",
        "201402": "17.15",
        "201403": "17.39",
        "201404": "17.50",
        "201405": "17.39",
        "201406": "17.18",
        "201407": "16.64",
        "201408": "16.01",
        "201409": "15.99",
        "201410": "15.69",
        "201411": "15.57",
        "201412": "16.51",
        "201501": "16.96",
        "201502": "16.49",
        "201503": "15.80",
        "201504": "15.46",
        "201505": "14.72",
        "201506": "14.23",
        "201507": "13.58",
        "201508": "13.15",
        "201509": "13.71",
        "201510": "13.71",
        "201511": "13.13",
        "201512": "13.62",
        "201601": "11.19",
        "201602": "10.12",
        "201603": "10.87",
        "201604": "10.56",
        "201605": "10.24",
        "201606": "10.05",
        "201607": "11.14",
        "201608": "11.37",
        "201609": "11.08",
        "201610": "10.60",
        "201611": "10.13",
        "201612": "10.08",
        "201701": "10.18",
        "201702": "10.93",
        "201703": "12.13",
        "201704": "12.08",
        "201705": "11.94",
        "201706": "11.81",
        "201707": "11.82",
        "201708": "11.67",
        "201709": "11.40",
        "201710": "11.18",
        "201711": "10.38",
        "201712": "10.21",
        "201801": "11.03",
        "201802": "11.19",
        "201803": "11.20",
        "201804": "11.71",
        "201805": "12.26",
        "201806": "12.20",
        "201807": "11.73",
        "201808": "12.01",
        "201809": "11.72",
        "201810": "11.15",
        "201811": "10.78",
        "201812": "11.03",
        "201901": "11.40",
        "201902": "11.54",
        "201903": "11.52",
        "201904": "11.52",
        "201905": "11.39",
        "201906": "12.80",
        "201907": "16.07",
        "201908": "18.23",
        "201909": "19.77",
        "201910": "20.44",
        "201911": "20.94",
        "201912": "21.58",
        "202001": "22.68",
        "202002": "21.76",
        "202003": "16.25",
        "202004": "18.70",
        "202005": "21.40",
        "202006": "22.34",
        "202007": "24.33",
        "202008": "24.20",
        "202009": "24.71",
        "202010": "23.92",
        "202011": "23.45",
        "202012": "22.08",
        "202101": "21.73",
        "202102": "23.10",
        "202103": "24.42",
        "202104": "26.32",
        "202105": "26.76",
        "202106": "26.48",
        "202107": "26.31",
        "202108": "26.58",
        "202109": "27.45",
        "202110": "28.83",
        "202111": "28.48",
        "202112": "29.12",
        "202201": "28.81",
        "202202": "28.86",
        "202203": "29.74",
        "202204": "29.73",
        "202205": "28.83",
        "202206": "29.38",
        "202207": "28.66",
        "202208": "29.16",
        "202209": "26.39",
        "202210": "24.58",
        "202211": "24.23",
        "202212": "24.24",
        "202301": "23.95",
        "202302": "24.14",
        "202303": "24.60",
        "202304": "22.41",
        "202305": "21.86"
    },
    "quarters": {
        "20011": {
            "year_quarter": 20011,
            "year": 2001,
            "quarter": 1,
            "eps": 0.38,
            "eps_growth_year": null,
            "eps_4q": null,
            "eps_4q_growth_year": null,
            "roe": 2.61,
            "roe_4q": 2.61,
            "gross_profit": 42420,
            "gross_margin": 8.08,
            "gross_margin_4q_avg": 8.08,
            "net_income": 6908,
            "revenue": 525236,
            "common_shares": 180000,
            "book_valuer_per_share": 14.89,
            "book_valuer_per_share_4q_avg": 14.89,
            "equity": 268030,
            "current_ratio": 154.95,
            "debt_ratio": 63.1,
            "inventory_turnover_ratio": 1.92,
            "account_receivable_turnover_ratio": null,
            "reinvestment_rate": null,
            "research_to_sale_ratio": null,
            "price_fair": 0,
            "eps_avg_yearly": 0,
            "eps_latest_yearly": 0,
            "eps_growth_yearly": 0
        },
        "20012": {
            "year_quarter": 20012,
            "year": 2001,
            "quarter": 2,
            "eps": 0.45,
            "eps_growth_year": null,
            "eps_4q": null,
            "eps_4q_growth_year": null,
            "roe": 3.53,
            "roe_4q": 6.14,
            "gross_profit": 40032,
            "gross_margin": 8.21,
            "gross_margin_4q_avg": 8.15,
            "net_income": 9394,
            "revenue": 487550,
            "common_shares": 180000,
            "book_valuer_per_share": 14.68,
            "book_valuer_per_share_4q_avg": 14.79,
            "equity": 264252,
            "current_ratio": 154.7,
            "debt_ratio": 63.08,
            "inventory_turnover_ratio": 1.67,
            "account_receivable_turnover_ratio": null,
            "reinvestment_rate": null,
            "research_to_sale_ratio": null,
            "price_fair": 0,
            "eps_avg_yearly": 0,
            "eps_latest_yearly": 0,
            "eps_growth_yearly": 0
        },
        "20013": {
            "year_quarter": 20013,
            "year": 2001,
            "quarter": 3,
            "eps": 0.4,
            "eps_growth_year": null,
            "eps_4q": null,
            "eps_4q_growth_year": null,
            "roe": 3.07,
            "roe_4q": 9.209999999999999,
            "gross_profit": 38135,
            "gross_margin": 6.58,
            "gross_margin_4q_avg": 7.62,
            "net_income": 8241,
            "revenue": 579629,
            "common_shares": 207000,
            "book_valuer_per_share": 13.16,
            "book_valuer_per_share_4q_avg": 14.24,
            "equity": 272493,
            "current_ratio": 173.45,
            "debt_ratio": 56.04,
            "inventory_turnover_ratio": 2.27,
            "account_receivable_turnover_ratio": null,
            "reinvestment_rate": null,
            "research_to_sale_ratio": null,
            "price_fair": 0,
            "eps_avg_yearly": 0,
            "eps_latest_yearly": 0,
            "eps_growth_yearly": 0
        },
        "20014": {
            "year_quarter": 20014,
            "year": 2001,
            "quarter": 4,
            "eps": 0.27,
            "eps_growth_year": null,
            "eps_4q": 1.45,
            "eps_4q_growth_year": null,
            "roe": 2.03,
            "roe_4q": 11.239999999999998,
            "gross_profit": 42493,
            "gross_margin": 7.81,
            "gross_margin_4q_avg": 7.67,
            "net_income": 5597,
            "revenue": 544201,
            "common_shares": 207000,
            "book_valuer_per_share": 13.43,
            "book_valuer_per_share_4q_avg": 14.04,
            "equity": 278090,
            "current_ratio": 175.17,
            "debt_ratio": 55.61,
            "inventory_turnover_ratio": 2.56,
            "account_receivable_turnover_ratio": null,
            "reinvestment_rate": null,
            "research_to_sale_ratio": null,
            "price_fair": 0,
            "eps_avg_yearly": 0,
            "eps_latest_yearly": 0,
            "eps_growth_yearly": 0
        },
        "20021": {
            "year_quarter": 20021,
            "year": 2002,
            "quarter": 1,
            "eps": 0.4,
            "eps_growth_year": 5.26,
            "eps_4q": 1.52,
            "eps_4q_growth_year": null,
            "roe": 2.95,
            "roe_4q": 11.58,
            "gross_profit": 40556,
            "gross_margin": 7.27,
            "gross_margin_4q_avg": 7.47,
            "net_income": 8333,
            "revenue": 557836,
            "common_shares": 207000,
            "book_valuer_per_share": 13.84,
            "book_valuer_per_share_4q_avg": 13.78,
            "equity": 286423,
            "current_ratio": 170.27,
            "debt_ratio": 57.3,
            "inventory_turnover_ratio": 2.69,
            "account_receivable_turnover_ratio": null,
            "reinvestment_rate": null,
            "research_to_sale_ratio": null,
            "price_fair": 56,
            "eps_avg_yearly": 1.6,
            "eps_latest_yearly": 1.6,
            "eps_growth_yearly": 192.59
        },
        "20022": {
            "year_quarter": 20022,
            "year": 2002,
            "quarter": 2,
            "eps": 0.22,
            "eps_growth_year": -51.11,
            "eps_4q": 1.14,
            "eps_4q_growth_year": null,
            "roe": 1.84,
            "roe_4q": 9.89,
            "gross_profit": 34715,
            "gross_margin": 6.46,
            "gross_margin_4q_avg": 7.03,
            "net_income": 5298,
            "revenue": 537023,
            "common_shares": 207000,
            "book_valuer_per_share": 14.04,
            "book_valuer_per_share_4q_avg": 13.62,
            "equity": 290652,
            "current_ratio": 166.82,
            "debt_ratio": 58.59,
            "inventory_turnover_ratio": 2.38,
            "account_receivable_turnover_ratio": null,
            "reinvestment_rate": null,
            "research_to_sale_ratio": null,
            "price_fair": 20.21,
            "eps_avg_yearly": 1.24,
            "eps_latest_yearly": 0.88,
            "eps_growth_yearly": 6.3
        },
        "20023": {
            "year_quarter": 20023,
            "year": 2002,
            "quarter": 3,
            "eps": 0.3,
            "eps_growth_year": -25,
            "eps_4q": 1.08,
            "eps_4q_growth_year": null,
            "roe": 2.5,
            "roe_4q": 9.32,
            "gross_profit": 47507,
            "gross_margin": 6.87,
            "gross_margin_4q_avg": 7.1,
            "net_income": 7349,
            "revenue": 691646,
            "common_shares": 241050,
            "book_valuer_per_share": 12.36,
            "book_valuer_per_share_4q_avg": 13.42,
            "equity": 298001,
            "current_ratio": 163.89,
            "debt_ratio": 59.81,
            "inventory_turnover_ratio": 2.91,
            "account_receivable_turnover_ratio": null,
            "reinvestment_rate": null,
            "research_to_sale_ratio": null,
            "price_fair": 42.93,
            "eps_avg_yearly": 1.23,
            "eps_latest_yearly": 1.2,
            "eps_growth_yearly": 52.68
        },
        "20024": {
            "year_quarter": 20024,
            "year": 2002,
            "quarter": 4,
            "eps": 0.34,
            "eps_growth_year": 25.93,
            "eps_4q": 1.2,
            "eps_4q_growth_year": -17.15,
            "roe": 2.73,
            "roe_4q": 10.02,
            "gross_profit": 46524,
            "gross_margin": 7.09,
            "gross_margin_4q_avg": 6.92,
            "net_income": 8250,
            "revenue": 656298,
            "common_shares": 241050,
            "book_valuer_per_share": 12.7,
            "book_valuer_per_share_4q_avg": 13.24,
            "equity": 306250,
            "current_ratio": 162.23,
            "debt_ratio": 60.61,
            "inventory_turnover_ratio": 2.48,
            "account_receivable_turnover_ratio": null,
            "reinvestment_rate": null,
            "research_to_sale_ratio": null,
            "price_fair": 44.1,
            "eps_avg_yearly": 1.26,
            "eps_latest_yearly": 1.36,
            "eps_growth_yearly": 52.85
        },
        "20031": {
            "year_quarter": 20031,
            "year": 2003,
            "quarter": 1,
            "eps": 0.23,
            "eps_growth_year": -42.5,
            "eps_4q": 1.11,
            "eps_4q_growth_year": -26.76,
            "roe": 1.77,
            "roe_4q": 8.84,
            "gross_profit": 35062,
            "gross_margin": 5.49,
            "gross_margin_4q_avg": 6.48,
            "net_income": 5463,
            "revenue": 638782,
            "common_shares": 241050,
            "book_valuer_per_share": 12.93,
            "book_valuer_per_share_4q_avg": 13.01,
            "equity": 311713,
            "current_ratio": 179.36,
            "debt_ratio": 54.84,
            "inventory_turnover_ratio": 2.6,
            "account_receivable_turnover_ratio": null,
            "reinvestment_rate": null,
            "research_to_sale_ratio": null,
            "price_fair": 31.46,
            "eps_avg_yearly": 1.19,
            "eps_latest_yearly": 0.92,
            "eps_growth_yearly": 16.39
        },
        "20032": {
            "year_quarter": 20032,
            "year": 2003,
            "quarter": 2,
            "eps": 0.23,
            "eps_growth_year": 4.55,
            "eps_4q": 0.98,
            "eps_4q_growth_year": -13.67,
            "roe": 2.04,
            "roe_4q": 9.04,
            "gross_profit": 37516,
            "gross_margin": 5.66,
            "gross_margin_4q_avg": 6.28,
            "net_income": 6419,
            "revenue": 663164,
            "common_shares": 241050,
            "book_valuer_per_share": 13.16,
            "book_valuer_per_share_4q_avg": 12.79,
            "equity": 317333,
            "current_ratio": 181.54,
            "debt_ratio": 54.31,
            "inventory_turnover_ratio": 3.46,
            "account_receivable_turnover_ratio": null,
            "reinvestment_rate": null,
            "research_to_sale_ratio": null,
            "price_fair": 27.13,
            "eps_avg_yearly": 1.15,
            "eps_latest_yearly": 0.92,
            "eps_growth_yearly": 13.66
        },
        "20033": {
            "year_quarter": 20033,
            "year": 2003,
            "quarter": 3,
            "eps": 0.34,
            "eps_growth_year": 13.33,
            "eps_4q": 1.05,
            "eps_4q_growth_year": -3.16,
            "roe": 2.99,
            "roe_4q": 9.530000000000001,
            "gross_profit": 46559,
            "gross_margin": 6.16,
            "gross_margin_4q_avg": 6.1,
            "net_income": 9632,
            "revenue": 755714,
            "common_shares": 280208,
            "book_valuer_per_share": 11.67,
            "book_valuer_per_share_4q_avg": 12.62,
            "equity": 326965,
            "current_ratio": 170.89,
            "debt_ratio": 57.82,
            "inventory_turnover_ratio": 3.88,
            "account_receivable_turnover_ratio": null,
            "reinvestment_rate": null,
            "research_to_sale_ratio": null,
            "price_fair": 41.2,
            "eps_avg_yearly": 1.18,
            "eps_latest_yearly": 1.36,
            "eps_growth_yearly": 39.04
        },
        "20034": {
            "year_quarter": 20034,
            "year": 2003,
            "quarter": 4,
            "eps": 0.37,
            "eps_growth_year": 8.82,
            "eps_4q": 1.13,
            "eps_4q_growth_year": -5.79,
            "roe": 3.14,
            "roe_4q": 9.940000000000001,
            "gross_profit": 49255,
            "gross_margin": 6.83,
            "gross_margin_4q_avg": 6.04,
            "net_income": 10407,
            "revenue": 721640,
            "common_shares": 280208,
            "book_valuer_per_share": 12.01,
            "book_valuer_per_share_4q_avg": 12.44,
            "equity": 336498,
            "current_ratio": 177.19,
            "debt_ratio": 55.92,
            "inventory_turnover_ratio": 3.41,
            "account_receivable_turnover_ratio": null,
            "reinvestment_rate": null,
            "research_to_sale_ratio": null,
            "price_fair": 42.53,
            "eps_avg_yearly": 1.22,
            "eps_latest_yearly": 1.48,
            "eps_growth_yearly": 38.57
        },
        "20041": {
            "year_quarter": 20041,
            "year": 2004,
            "quarter": 1,
            "eps": 0.38,
            "eps_growth_year": 65.22,
            "eps_4q": 1.31,
            "eps_4q_growth_year": 18.25,
            "roe": 3.15,
            "roe_4q": 11.32,
            "gross_profit": 44700,
            "gross_margin": 6.25,
            "gross_margin_4q_avg": 6.23,
            "net_income": 10784,
            "revenue": 715007,
            "common_shares": 280208,
            "book_valuer_per_share": 12.39,
            "book_valuer_per_share_4q_avg": 12.31,
            "equity": 347282,
            "current_ratio": 177.69,
            "debt_ratio": 55.73,
            "inventory_turnover_ratio": 2.93,
            "account_receivable_turnover_ratio": null,
            "reinvestment_rate": null,
            "research_to_sale_ratio": null,
            "price_fair": 43.71,
            "eps_avg_yearly": 1.25,
            "eps_latest_yearly": 1.52,
            "eps_growth_yearly": 35.49
        },
        "20042": {
            "year_quarter": 20042,
            "year": 2004,
            "quarter": 2,
            "eps": 0.26,
            "eps_growth_year": 13.04,
            "eps_4q": 1.22,
            "eps_4q_growth_year": 24.18,
            "roe": 2.37,
            "roe_4q": 11.65,
            "gross_profit": 41883,
            "gross_margin": 5.89,
            "gross_margin_4q_avg": 6.28,
            "net_income": 8324,
            "revenue": 710949,
            "common_shares": 280208,
            "book_valuer_per_share": 12.66,
            "book_valuer_per_share_4q_avg": 12.18,
            "equity": 354749,
            "current_ratio": 171.5,
            "debt_ratio": 57.83,
            "inventory_turnover_ratio": 2.82,
            "account_receivable_turnover_ratio": null,
            "reinvestment_rate": null,
            "research_to_sale_ratio": null,
            "price_fair": 35.99,
            "eps_avg_yearly": 1.23,
            "eps_latest_yearly": 1.04,
            "eps_growth_yearly": 19.31
        },
        "20043": {
            "year_quarter": 20043,
            "year": 2004,
            "quarter": 3,
            "eps": 0.41,
            "eps_growth_year": 20.59,
            "eps_4q": 1.34,
            "eps_4q_growth_year": 27.18,
            "roe": 3.62,
            "roe_4q": 12.280000000000001,
            "gross_profit": 51113,
            "gross_margin": 5.22,
            "gross_margin_4q_avg": 6.05,
            "net_income": 13066,
            "revenue": 980031,
            "common_shares": 316733,
            "book_valuer_per_share": 11.61,
            "book_valuer_per_share_4q_avg": 12.17,
            "equity": 367815,
            "current_ratio": 165.32,
            "debt_ratio": 60.13,
            "inventory_turnover_ratio": 4.24,
            "account_receivable_turnover_ratio": null,
            "reinvestment_rate": null,
            "research_to_sale_ratio": null,
            "price_fair": 44.29,
            "eps_avg_yearly": 1.27,
            "eps_latest_yearly": 1.64,
            "eps_growth_yearly": 38.53
        },
        "20044": {
            "year_quarter": 20044,
            "year": 2004,
            "quarter": 4,
            "eps": 0.27,
            "eps_growth_year": -27.03,
            "eps_4q": 1.3,
            "eps_4q_growth_year": 14.33,
            "roe": 2.27,
            "roe_4q": 11.410000000000002,
            "gross_profit": 40855,
            "gross_margin": 5.72,
            "gross_margin_4q_avg": 5.77,
            "net_income": 8454,
            "revenue": 714397,
            "common_shares": 316733,
            "book_valuer_per_share": 11.91,
            "book_valuer_per_share_4q_avg": 12.14,
            "equity": 377143,
            "current_ratio": 199.21,
            "debt_ratio": 49.86,
            "inventory_turnover_ratio": 3.05,
            "account_receivable_turnover_ratio": null,
            "reinvestment_rate": -6.31,
            "research_to_sale_ratio": null,
            "price_fair": 42.42,
            "eps_avg_yearly": 1.25,
            "eps_latest_yearly": 1.08,
            "eps_growth_yearly": 23.94
        },
        "20051": {
            "year_quarter": 20051,
            "year": 2005,
            "quarter": 1,
            "eps": 0.21,
            "eps_growth_year": -44.74,
            "eps_4q": 1.13,
            "eps_4q_growth_year": -13.69,
            "roe": 1.79,
            "roe_4q": 10.05,
            "gross_profit": 38223,
            "gross_margin": 6.73,
            "gross_margin_4q_avg": 5.89,
            "net_income": 6793,
            "revenue": 568367,
            "common_shares": 316733,
            "book_valuer_per_share": 12.12,
            "book_valuer_per_share_4q_avg": 12.08,
            "equity": 383936,
            "current_ratio": 277.28,
            "debt_ratio": 36.01,
            "inventory_turnover_ratio": 3.12,
            "account_receivable_turnover_ratio": null,
            "reinvestment_rate": -6.94,
            "research_to_sale_ratio": null,
            "price_fair": 30.78,
            "eps_avg_yearly": 1.22,
            "eps_latest_yearly": 0.84,
            "eps_growth_yearly": 15.26
        },
        "20052": {
            "year_quarter": 20052,
            "year": 2005,
            "quarter": 2,
            "eps": 0.15,
            "eps_growth_year": -42.31,
            "eps_4q": 1.02,
            "eps_4q_growth_year": -16.89,
            "roe": 1.3,
            "roe_4q": 8.98,
            "gross_profit": 37373,
            "gross_margin": 7.15,
            "gross_margin_4q_avg": 6.21,
            "net_income": 4903,
            "revenue": 522541,
            "common_shares": 316733,
            "book_valuer_per_share": 11.62,
            "book_valuer_per_share_4q_avg": 11.82,
            "equity": 368187,
            "current_ratio": 215.15,
            "debt_ratio": 46.19,
            "inventory_turnover_ratio": 3.85,
            "account_receivable_turnover_ratio": null,
            "reinvestment_rate": -8.19,
            "research_to_sale_ratio": null,
            "price_fair": 18.79,
            "eps_avg_yearly": 1.17,
            "eps_latest_yearly": 0.6,
            "eps_growth_yearly": 6.01
        },
        "20053": {
            "year_quarter": 20053,
            "year": 2005,
            "quarter": 3,
            "eps": 0.2,
            "eps_growth_year": -51.22,
            "eps_4q": 0.79,
            "eps_4q_growth_year": -40.63,
            "roe": 1.83,
            "roe_4q": 7.1899999999999995,
            "gross_profit": 39373,
            "gross_margin": 5.81,
            "gross_margin_4q_avg": 6.35,
            "net_income": 6793,
            "revenue": 678044,
            "common_shares": 333520,
            "book_valuer_per_share": 11.24,
            "book_valuer_per_share_4q_avg": 11.72,
            "equity": 374980,
            "current_ratio": 196.15,
            "debt_ratio": 50.69,
            "inventory_turnover_ratio": 4.18,
            "account_receivable_turnover_ratio": null,
            "reinvestment_rate": -8.99,
            "research_to_sale_ratio": null,
            "price_fair": 28.15,
            "eps_avg_yearly": 1.15,
            "eps_latest_yearly": 0.8,
            "eps_growth_yearly": 14.49
        },
        "20054": {
            "year_quarter": 20054,
            "year": 2005,
            "quarter": 4,
            "eps": 0.07,
            "eps_growth_year": -74.07,
            "eps_4q": 0.6,
            "eps_4q_growth_year": -53.79,
            "roe": 0.67,
            "roe_4q": 5.59,
            "gross_profit": 32382,
            "gross_margin": 6.71,
            "gross_margin_4q_avg": 6.6,
            "net_income": 2444,
            "revenue": 482855,
            "common_shares": 333520,
            "book_valuer_per_share": 10.51,
            "book_valuer_per_share_4q_avg": 11.37,
            "equity": 350684,
            "current_ratio": 225.16,
            "debt_ratio": 44.24,
            "inventory_turnover_ratio": 2.57,
            "account_receivable_turnover_ratio": null,
            "reinvestment_rate": -7.67,
            "research_to_sale_ratio": null,
            "price_fair": 3.29,
            "eps_avg_yearly": 1.1,
            "eps_latest_yearly": 0.28,
            "eps_growth_yearly": -2.66
        },
        "20061": {
            "year_quarter": 20061,
            "year": 2006,
            "quarter": 1,
            "eps": 0.09,
            "eps_growth_year": -57.14,
            "eps_4q": 0.55,
            "eps_4q_growth_year": -51.67,
            "roe": 0.79,
            "roe_4q": 4.59,
            "gross_profit": 29019,
            "gross_margin": 6.6,
            "gross_margin_4q_avg": 6.57,
            "net_income": 2782,
            "revenue": 439855,
            "common_shares": 303520,
            "book_valuer_per_share": 11.65,
            "book_valuer_per_share_4q_avg": 11.26,
            "equity": 353466,
            "current_ratio": 232.57,
            "debt_ratio": 42.86,
            "inventory_turnover_ratio": 2.12,
            "account_receivable_turnover_ratio": null,
            "reinvestment_rate": -8.22,
            "research_to_sale_ratio": null,
            "price_fair": 3.05,
            "eps_avg_yearly": 1.02,
            "eps_latest_yearly": 0.36,
            "eps_growth_yearly": -7.56
        },
        "20062": {
            "year_quarter": 20062,
            "year": 2006,
            "quarter": 2,
            "eps": 0.09,
            "eps_growth_year": -40,
            "eps_4q": 0.48,
            "eps_4q_growth_year": -52.66,
            "roe": 0.8,
            "roe_4q": 4.09,
            "gross_profit": 27599,
            "gross_margin": 7.28,
            "gross_margin_4q_avg": 6.6,
            "net_income": 2766,
            "revenue": 379351,
            "common_shares": 303520,
            "book_valuer_per_share": 11.12,
            "book_valuer_per_share_4q_avg": 11.13,
            "equity": 337392,
            "current_ratio": 233.52,
            "debt_ratio": 42.73,
            "inventory_turnover_ratio": 1.81,
            "account_receivable_turnover_ratio": null,
            "reinvestment_rate": -7.66,
            "research_to_sale_ratio": null,
            "price_fair": 13.49,
            "eps_avg_yearly": 0.99,
            "eps_latest_yearly": 0.36,
            "eps_growth_yearly": 3.69
        },
        "20063": {
            "year_quarter": 20063,
            "year": 2006,
            "quarter": 3,
            "eps": 0.04,
            "eps_growth_year": -80,
            "eps_4q": 0.33,
            "eps_4q_growth_year": -58.32,
            "roe": 0.33,
            "roe_4q": 2.5900000000000003,
            "gross_profit": 25201,
            "gross_margin": 5.61,
            "gross_margin_4q_avg": 6.55,
            "net_income": 1100,
            "revenue": 449033,
            "common_shares": 303520,
            "book_valuer_per_share": 11.15,
            "book_valuer_per_share_4q_avg": 11.11,
            "equity": 338492,
            "current_ratio": 221.88,
            "debt_ratio": 44.84,
            "inventory_turnover_ratio": 2.77,
            "account_receivable_turnover_ratio": null,
            "reinvestment_rate": -7.53,
            "research_to_sale_ratio": null,
            "price_fair": 2.76,
            "eps_avg_yearly": 0.92,
            "eps_latest_yearly": 0.16,
            "eps_growth_yearly": -19.29
        },
        "20064": {
            "year_quarter": 20064,
            "year": 2006,
            "quarter": 4,
            "eps": 0.1,
            "eps_growth_year": 42.86,
            "eps_4q": 0.32,
            "eps_4q_growth_year": -46.91,
            "roe": 0.9,
            "roe_4q": 2.8200000000000003,
            "gross_profit": 23154,
            "gross_margin": 5.99,
            "gross_margin_4q_avg": 6.37,
            "net_income": 3045,
            "revenue": 386230,
            "common_shares": 303520,
            "book_valuer_per_share": 11.25,
            "book_valuer_per_share_4q_avg": 11.29,
            "equity": 341537,
            "current_ratio": 214.33,
            "debt_ratio": 46.38,
            "inventory_turnover_ratio": 2.59,
            "account_receivable_turnover_ratio": null,
            "reinvestment_rate": -6.88,
            "research_to_sale_ratio": null,
            "price_fair": 21.4,
            "eps_avg_yearly": 0.86,
            "eps_latest_yearly": 0.4,
            "eps_growth_yearly": 14.88
        },
        "20071": {
            "year_quarter": 20071,
            "year": 2007,
            "quarter": 1,
            "eps": 0.08,
            "eps_growth_year": -11.11,
            "eps_4q": 0.3,
            "eps_4q_growth_year": -44.55,
            "roe": 0.72,
            "roe_4q": 2.75,
            "gross_profit": 28449,
            "gross_margin": 6.66,
            "gross_margin_4q_avg": 6.39,
            "net_income": 2473,
            "revenue": 427397,
            "common_shares": 303520,
            "book_valuer_per_share": 11.33,
            "book_valuer_per_share_4q_avg": 11.21,
            "equity": 344010,
            "current_ratio": 213.91,
            "debt_ratio": 46.59,
            "inventory_turnover_ratio": 2.52,
            "account_receivable_turnover_ratio": null,
            "reinvestment_rate": -6.49,
            "research_to_sale_ratio": null,
            "price_fair": 23,
            "eps_avg_yearly": 0.82,
            "eps_latest_yearly": 0.32,
            "eps_growth_yearly": 17.97
        },
        "20072": {
            "year_quarter": 20072,
            "year": 2007,
            "quarter": 2,
            "eps": -0.04,
            "eps_growth_year": -144.44,
            "eps_4q": 0.17,
            "eps_4q_growth_year": -63.64,
            "roe": -0.39,
            "roe_4q": 1.56,
            "gross_profit": 25666,
            "gross_margin": 7.44,
            "gross_margin_4q_avg": 6.43,
            "net_income": -1309,
            "revenue": 345059,
            "common_shares": 303520,
            "book_valuer_per_share": 11,
            "book_valuer_per_share_4q_avg": 11.18,
            "equity": 333977,
            "current_ratio": 214.82,
            "debt_ratio": 46.36,
            "inventory_turnover_ratio": 1.86,
            "account_receivable_turnover_ratio": null,
            "reinvestment_rate": -5.42,
            "research_to_sale_ratio": null,
            "price_fair": 23.8,
            "eps_avg_yearly": 0.82,
            "eps_latest_yearly": 0.32,
            "eps_growth_yearly": 19.17
        },
        "20073": {
            "year_quarter": 20073,
            "year": 2007,
            "quarter": 3,
            "eps": 0.02,
            "eps_growth_year": -50,
            "eps_4q": 0.14,
            "eps_4q_growth_year": -58.19,
            "roe": 0.21,
            "roe_4q": 1.44,
            "gross_profit": 24073,
            "gross_margin": 6.56,
            "gross_margin_4q_avg": 6.66,
            "net_income": 712,
            "revenue": 366698,
            "common_shares": 303520,
            "book_valuer_per_share": 11.03,
            "book_valuer_per_share_4q_avg": 11.15,
            "equity": 334689,
            "current_ratio": 216.39,
            "debt_ratio": 46.06,
            "inventory_turnover_ratio": 2.05,
            "account_receivable_turnover_ratio": null,
            "reinvestment_rate": -5.71,
            "research_to_sale_ratio": null,
            "price_fair": 13.11,
            "eps_avg_yearly": 0.78,
            "eps_latest_yearly": 0.32,
            "eps_growth_yearly": 6.87
        },
        "20074": {
            "year_quarter": 20074,
            "year": 2007,
            "quarter": 4,
            "eps": 0.04,
            "eps_growth_year": -60,
            "eps_4q": 0.1,
            "eps_4q_growth_year": -69.71,
            "roe": 0.4,
            "roe_4q": 0.94,
            "gross_profit": 22537,
            "gross_margin": 7,
            "gross_margin_4q_avg": 6.92,
            "net_income": 1330,
            "revenue": 321732,
            "common_shares": 303520,
            "book_valuer_per_share": 11.07,
            "book_valuer_per_share_4q_avg": 11.11,
            "equity": 336019,
            "current_ratio": 248.63,
            "debt_ratio": 40.2,
            "inventory_turnover_ratio": 2.14,
            "account_receivable_turnover_ratio": null,
            "reinvestment_rate": -5.89,
            "research_to_sale_ratio": null,
            "price_fair": 23.9,
            "eps_avg_yearly": 0.68,
            "eps_latest_yearly": 0.16,
            "eps_growth_yearly": 32.92
        },
        "20081": {
            "year_quarter": 20081,
            "year": 2008,
            "quarter": 1,
            "eps": 0.1,
            "eps_growth_year": 25,
            "eps_4q": 0.12,
            "eps_4q_growth_year": -59.25,
            "roe": 0.92,
            "roe_4q": 1.1400000000000001,
            "gross_profit": 18158,
            "gross_margin": 5.79,
            "gross_margin_4q_avg": 6.7,
            "net_income": 3091,
            "revenue": 313691,
            "common_shares": 303520,
            "book_valuer_per_share": 11.17,
            "book_valuer_per_share_4q_avg": 11.07,
            "equity": 339110,
            "current_ratio": 217.57,
            "debt_ratio": 45.94,
            "inventory_turnover_ratio": 2.23,
            "account_receivable_turnover_ratio": null,
            "reinvestment_rate": -6.56,
            "research_to_sale_ratio": null,
            "price_fair": 21.1,
            "eps_avg_yearly": 0.6,
            "eps_latest_yearly": 0.4,
            "eps_growth_yearly": 75.01
        },
        "20082": {
            "year_quarter": 20082,
            "year": 2008,
            "quarter": 2,
            "eps": 0.03,
            "eps_growth_year": null,
            "eps_4q": 0.21,
            "eps_4q_growth_year": 21.58,
            "roe": 0.25,
            "roe_4q": 1.7799999999999998,
            "gross_profit": 20309,
            "gross_margin": 7.91,
            "gross_margin_4q_avg": 6.82,
            "net_income": 843,
            "revenue": 256741,
            "common_shares": 303520,
            "book_valuer_per_share": 11.2,
            "book_valuer_per_share_4q_avg": 11.12,
            "equity": 339953,
            "current_ratio": 275.82,
            "debt_ratio": 36.47,
            "inventory_turnover_ratio": 1.9,
            "account_receivable_turnover_ratio": null,
            "reinvestment_rate": -7.51,
            "research_to_sale_ratio": null,
            "price_fair": 18.8,
            "eps_avg_yearly": 0.54,
            "eps_latest_yearly": 0.12,
            "eps_growth_yearly": 64.03
        },
        "20083": {
            "year_quarter": 20083,
            "year": 2008,
            "quarter": 3,
            "eps": 0.05,
            "eps_growth_year": 150,
            "eps_4q": 0.22,
            "eps_4q_growth_year": 62.52,
            "roe": 0.44,
            "roe_4q": 2.01,
            "gross_profit": 29241,
            "gross_margin": 10.42,
            "gross_margin_4q_avg": 7.78,
            "net_income": 1507,
            "revenue": 280579,
            "common_shares": 303520,
            "book_valuer_per_share": 11.25,
            "book_valuer_per_share_4q_avg": 11.17,
            "equity": 341460,
            "current_ratio": 300.45,
            "debt_ratio": 33.62,
            "inventory_turnover_ratio": 2.91,
            "account_receivable_turnover_ratio": null,
            "reinvestment_rate": -7.41,
            "research_to_sale_ratio": null,
            "price_fair": 15.2,
            "eps_avg_yearly": 0.43,
            "eps_latest_yearly": 0.2,
            "eps_growth_yearly": 66.59
        },
        "20084": {
            "year_quarter": 20084,
            "year": 2008,
            "quarter": 4,
            "eps": 0.02,
            "eps_growth_year": -50,
            "eps_4q": 0.23,
            "eps_4q_growth_year": 136.95,
            "roe": 0.16,
            "roe_4q": 1.77,
            "gross_profit": 20523,
            "gross_margin": 9.94,
            "gross_margin_4q_avg": 8.52,
            "net_income": 522,
            "revenue": 206401,
            "common_shares": 273520,
            "book_valuer_per_share": 11.89,
            "book_valuer_per_share_4q_avg": 11.38,
            "equity": 325198,
            "current_ratio": 396.18,
            "debt_ratio": 25.89,
            "inventory_turnover_ratio": 2.72,
            "account_receivable_turnover_ratio": 3.03,
            "reinvestment_rate": -7.38,
            "research_to_sale_ratio": null,
            "price_fair": 12.7,
            "eps_avg_yearly": 0.36,
            "eps_latest_yearly": 0.08,
            "eps_growth_yearly": 59.21
        },
        "20091": {
            "year_quarter": 20091,
            "year": 2009,
            "quarter": 1,
            "eps": 0.05,
            "eps_growth_year": -50,
            "eps_4q": 0.15,
            "eps_4q_growth_year": 22.1,
            "roe": 0.44,
            "roe_4q": 1.29,
            "gross_profit": 19360,
            "gross_margin": 9.93,
            "gross_margin_4q_avg": 9.55,
            "net_income": 1421,
            "revenue": 194909,
            "common_shares": 273520,
            "book_valuer_per_share": 11.94,
            "book_valuer_per_share_4q_avg": 11.57,
            "equity": 326619,
            "current_ratio": 457.35,
            "debt_ratio": 22.66,
            "inventory_turnover_ratio": 2.67,
            "account_receivable_turnover_ratio": 1.45,
            "reinvestment_rate": -7.68,
            "research_to_sale_ratio": null,
            "price_fair": 11.1,
            "eps_avg_yearly": 0.32,
            "eps_latest_yearly": 0.2,
            "eps_growth_yearly": 108.41
        },
        "20092": {
            "year_quarter": 20092,
            "year": 2009,
            "quarter": 2,
            "eps": -0.02,
            "eps_growth_year": -166.67,
            "eps_4q": 0.11,
            "eps_4q_growth_year": -49.18,
            "roe": -0.15,
            "roe_4q": 0.8900000000000001,
            "gross_profit": 16072,
            "gross_margin": 11.47,
            "gross_margin_4q_avg": 10.44,
            "net_income": -494,
            "revenue": 140084,
            "common_shares": 273520,
            "book_valuer_per_share": 11.62,
            "book_valuer_per_share_4q_avg": 11.68,
            "equity": 317919,
            "current_ratio": 401.37,
            "debt_ratio": 25.49,
            "inventory_turnover_ratio": 2.03,
            "account_receivable_turnover_ratio": 1.23,
            "reinvestment_rate": -8.11,
            "research_to_sale_ratio": null,
            "price_fair": 10.34,
            "eps_avg_yearly": 0.3,
            "eps_latest_yearly": 0.2,
            "eps_growth_yearly": 125.54
        },
        "20093": {
            "year_quarter": 20093,
            "year": 2009,
            "quarter": 3,
            "eps": 0.02,
            "eps_growth_year": -60,
            "eps_4q": 0.09,
            "eps_4q_growth_year": -61.65,
            "roe": 0.14,
            "roe_4q": 0.5900000000000001,
            "gross_profit": 16491,
            "gross_margin": 7.46,
            "gross_margin_4q_avg": 9.7,
            "net_income": 438,
            "revenue": 220981,
            "common_shares": 273520,
            "book_valuer_per_share": 11.64,
            "book_valuer_per_share_4q_avg": 11.77,
            "equity": 318357,
            "current_ratio": 428.02,
            "debt_ratio": 23.99,
            "inventory_turnover_ratio": 3.31,
            "account_receivable_turnover_ratio": 1.85,
            "reinvestment_rate": -9.17,
            "research_to_sale_ratio": null,
            "price_fair": 8.87,
            "eps_avg_yearly": 0.25,
            "eps_latest_yearly": 0.2,
            "eps_growth_yearly": 124.89
        },
        "20094": {
            "year_quarter": 20094,
            "year": 2009,
            "quarter": 4,
            "eps": -0.01,
            "eps_growth_year": -150,
            "eps_4q": 0.04,
            "eps_4q_growth_year": -83.47,
            "roe": -0.1,
            "roe_4q": 0.33,
            "gross_profit": 19041,
            "gross_margin": 8.8,
            "gross_margin_4q_avg": 9.42,
            "net_income": -332,
            "revenue": 216265,
            "common_shares": 273520,
            "book_valuer_per_share": 11.63,
            "book_valuer_per_share_4q_avg": 11.71,
            "equity": 318025,
            "current_ratio": 328.62,
            "debt_ratio": 30.99,
            "inventory_turnover_ratio": 3.21,
            "account_receivable_turnover_ratio": 3.12,
            "reinvestment_rate": -9.23,
            "research_to_sale_ratio": null,
            "price_fair": 8.78,
            "eps_avg_yearly": 0.25,
            "eps_latest_yearly": 0.2,
            "eps_growth_yearly": 159.88
        },
        "20101": {
            "year_quarter": 20101,
            "year": 2010,
            "quarter": 1,
            "eps": 0.02,
            "eps_growth_year": -60,
            "eps_4q": 0.01,
            "eps_4q_growth_year": -93.66,
            "roe": 0.2,
            "roe_4q": 0.09000000000000002,
            "gross_profit": 17059,
            "gross_margin": 8.72,
            "gross_margin_4q_avg": 9.11,
            "net_income": 650,
            "revenue": 195711,
            "common_shares": 273520,
            "book_valuer_per_share": 11.65,
            "book_valuer_per_share_4q_avg": 11.64,
            "equity": 318675,
            "current_ratio": 521.65,
            "debt_ratio": 20.16,
            "inventory_turnover_ratio": 2.68,
            "account_receivable_turnover_ratio": 1.52,
            "reinvestment_rate": -9.23,
            "research_to_sale_ratio": null,
            "price_fair": 8.4,
            "eps_avg_yearly": 0.24,
            "eps_latest_yearly": 0.2,
            "eps_growth_yearly": 164.44
        },
        "20102": {
            "year_quarter": 20102,
            "year": 2010,
            "quarter": 2,
            "eps": 0.01,
            "eps_growth_year": null,
            "eps_4q": 0.04,
            "eps_4q_growth_year": -65.39,
            "roe": 0.08,
            "roe_4q": 0.32000000000000006,
            "gross_profit": 17637,
            "gross_margin": 9,
            "gross_margin_4q_avg": 8.5,
            "net_income": 267,
            "revenue": 195927,
            "common_shares": 273520,
            "book_valuer_per_share": 11.66,
            "book_valuer_per_share_4q_avg": 11.65,
            "equity": 318942,
            "current_ratio": 479.48,
            "debt_ratio": 21.91,
            "inventory_turnover_ratio": 2.28,
            "account_receivable_turnover_ratio": 1.58,
            "reinvestment_rate": -10.71,
            "research_to_sale_ratio": null,
            "price_fair": 7.28,
            "eps_avg_yearly": 0.21,
            "eps_latest_yearly": 0.04,
            "eps_growth_yearly": 144.44
        },
        "20103": {
            "year_quarter": 20103,
            "year": 2010,
            "quarter": 3,
            "eps": 0,
            "eps_growth_year": -95.98,
            "eps_4q": 0.02,
            "eps_4q_growth_year": -74.24,
            "roe": 0.01,
            "roe_4q": 0.19000000000000003,
            "gross_profit": 15803,
            "gross_margin": 6.95,
            "gross_margin_4q_avg": 8.37,
            "net_income": 22,
            "revenue": 227475,
            "common_shares": 273520,
            "book_valuer_per_share": 11.66,
            "book_valuer_per_share_4q_avg": 11.65,
            "equity": 318964,
            "current_ratio": 454.49,
            "debt_ratio": 23.07,
            "inventory_turnover_ratio": 3,
            "account_receivable_turnover_ratio": 1.62,
            "reinvestment_rate": -10.58,
            "research_to_sale_ratio": null,
            "price_fair": 7.47,
            "eps_avg_yearly": 0.21,
            "eps_latest_yearly": 0.04,
            "eps_growth_yearly": 185.19
        },
        "20104": {
            "year_quarter": 20104,
            "year": 2010,
            "quarter": 4,
            "eps": -0.01,
            "eps_growth_year": null,
            "eps_4q": 0.02,
            "eps_4q_growth_year": -40.56,
            "roe": -0.1,
            "roe_4q": 0.19,
            "gross_profit": 9309,
            "gross_margin": 5.42,
            "gross_margin_4q_avg": 7.52,
            "net_income": -325,
            "revenue": 171820,
            "common_shares": 273520,
            "book_valuer_per_share": 11.65,
            "book_valuer_per_share_4q_avg": 11.66,
            "equity": 318691,
            "current_ratio": 411.57,
            "debt_ratio": 25.33,
            "inventory_turnover_ratio": 2.56,
            "account_receivable_turnover_ratio": 1.29,
            "reinvestment_rate": -17.1,
            "research_to_sale_ratio": null,
            "price_fair": 6.65,
            "eps_avg_yearly": 0.19,
            "eps_latest_yearly": 0.04,
            "eps_growth_yearly": 133.33
        },
        "20111": {
            "year_quarter": 20111,
            "year": 2011,
            "quarter": 1,
            "eps": 0.01,
            "eps_growth_year": -50,
            "eps_4q": 0.01,
            "eps_4q_growth_year": 7.63,
            "roe": 0.1,
            "roe_4q": 0.09,
            "gross_profit": 15548,
            "gross_margin": 9.05,
            "gross_margin_4q_avg": 7.61,
            "net_income": 318,
            "revenue": 171809,
            "common_shares": 273520,
            "book_valuer_per_share": 11.66,
            "book_valuer_per_share_4q_avg": 11.66,
            "equity": 319009,
            "current_ratio": 458.58,
            "debt_ratio": 22.94,
            "inventory_turnover_ratio": 2.14,
            "account_receivable_turnover_ratio": 1.44,
            "reinvestment_rate": -18.42,
            "research_to_sale_ratio": null,
            "price_fair": 6,
            "eps_avg_yearly": 0.17,
            "eps_latest_yearly": 0.04,
            "eps_growth_yearly": 163.81
        },
        "20112": {
            "year_quarter": 20112,
            "year": 2011,
            "quarter": 2,
            "eps": -0.06,
            "eps_growth_year": -765.14,
            "eps_4q": -0.06,
            "eps_4q_growth_year": -272.14,
            "roe": -0.56,
            "roe_4q": -0.55,
            "gross_profit": 8964,
            "gross_margin": 5.44,
            "gross_margin_4q_avg": 6.72,
            "net_income": -1776,
            "revenue": 164931,
            "common_shares": 273520,
            "book_valuer_per_share": 11.6,
            "book_valuer_per_share_4q_avg": 11.64,
            "equity": 317233,
            "current_ratio": 477.35,
            "debt_ratio": 22.3,
            "inventory_turnover_ratio": 2.18,
            "account_receivable_turnover_ratio": 1.5,
            "reinvestment_rate": -28.74,
            "research_to_sale_ratio": null,
            "price_fair": 6,
            "eps_avg_yearly": 0.17,
            "eps_latest_yearly": 0.04,
            "eps_growth_yearly": 163.81
        },
        "20113": {
            "year_quarter": 20113,
            "year": 2011,
            "quarter": 3,
            "eps": -0.01,
            "eps_growth_year": -877.61,
            "eps_4q": -0.07,
            "eps_4q_growth_year": -421.91,
            "roe": -0.05,
            "roe_4q": -0.6100000000000001,
            "gross_profit": 14783,
            "gross_margin": 7.87,
            "gross_margin_4q_avg": 6.95,
            "net_income": -171,
            "revenue": 187845,
            "common_shares": 273520,
            "book_valuer_per_share": 11.59,
            "book_valuer_per_share_4q_avg": 11.63,
            "equity": 317062,
            "current_ratio": 376.01,
            "debt_ratio": 27.83,
            "inventory_turnover_ratio": 2.52,
            "account_receivable_turnover_ratio": 1.91,
            "reinvestment_rate": -29.67,
            "research_to_sale_ratio": null,
            "price_fair": 6,
            "eps_avg_yearly": 0.17,
            "eps_latest_yearly": 0.04,
            "eps_growth_yearly": 163.81
        },
        "20114": {
            "year_quarter": 20114,
            "year": 2011,
            "quarter": 4,
            "eps": 0.23,
            "eps_growth_year": null,
            "eps_4q": 0.17,
            "eps_4q_growth_year": 651.31,
            "roe": 1.95,
            "roe_4q": 1.44,
            "gross_profit": 21105,
            "gross_margin": 11,
            "gross_margin_4q_avg": 8.34,
            "net_income": 6242,
            "revenue": 191836,
            "common_shares": 273520,
            "book_valuer_per_share": 11.82,
            "book_valuer_per_share_4q_avg": 11.67,
            "equity": 323322,
            "current_ratio": 524.19,
            "debt_ratio": 20.5,
            "inventory_turnover_ratio": 2.84,
            "account_receivable_turnover_ratio": 1.74,
            "reinvestment_rate": -16.38,
            "research_to_sale_ratio": null,
            "price_fair": 6.07,
            "eps_avg_yearly": 0.17,
            "eps_latest_yearly": 0.04,
            "eps_growth_yearly": 124.44
        },
        "20121": {
            "year_quarter": 20121,
            "year": 2012,
            "quarter": 1,
            "eps": 0.05,
            "eps_growth_year": 400,
            "eps_4q": 0.2,
            "eps_4q_growth_year": 1874.83,
            "roe": 0.39,
            "roe_4q": 1.73,
            "gross_profit": 17425,
            "gross_margin": 10.73,
            "gross_margin_4q_avg": 8.76,
            "net_income": 1274,
            "revenue": 162385,
            "common_shares": 273520,
            "book_valuer_per_share": 11.87,
            "book_valuer_per_share_4q_avg": 11.72,
            "equity": 324596,
            "current_ratio": 2096.11,
            "debt_ratio": 6.62,
            "inventory_turnover_ratio": 4.51,
            "account_receivable_turnover_ratio": 1.62,
            "reinvestment_rate": -14.01,
            "research_to_sale_ratio": null,
            "price_fair": 0.42,
            "eps_avg_yearly": 0.14,
            "eps_latest_yearly": 0.2,
            "eps_growth_yearly": -27.73
        },
        "20122": {
            "year_quarter": 20122,
            "year": 2012,
            "quarter": 2,
            "eps": -0.72,
            "eps_growth_year": null,
            "eps_4q": -0.45,
            "eps_4q_growth_year": null,
            "roe": -6.3,
            "roe_4q": -4.01,
            "gross_profit": 12185,
            "gross_margin": 111.33,
            "gross_margin_4q_avg": 35.23,
            "net_income": -19656,
            "revenue": 10945,
            "common_shares": 273520,
            "book_valuer_per_share": 10.95,
            "book_valuer_per_share_4q_avg": 11.56,
            "equity": 299470,
            "current_ratio": 4416.48,
            "debt_ratio": 2.25,
            "inventory_turnover_ratio": -0.28,
            "account_receivable_turnover_ratio": 0.27,
            "reinvestment_rate": null,
            "research_to_sale_ratio": null,
            "price_fair": 4.71,
            "eps_avg_yearly": 0.14,
            "eps_latest_yearly": 0.2,
            "eps_growth_yearly": 22.72
        },
        "20123": {
            "year_quarter": 20123,
            "year": 2012,
            "quarter": 3,
            "eps": -0.14,
            "eps_growth_year": null,
            "eps_4q": -0.58,
            "eps_4q_growth_year": null,
            "roe": -1.27,
            "roe_4q": -5.23,
            "gross_profit": 19,
            "gross_margin": 10.05,
            "gross_margin_4q_avg": 35.78,
            "net_income": -3786,
            "revenue": 189,
            "common_shares": 273520,
            "book_valuer_per_share": 10.81,
            "book_valuer_per_share_4q_avg": 11.36,
            "equity": 295614,
            "current_ratio": 15334.06,
            "debt_ratio": 0.65,
            "inventory_turnover_ratio": 0.01,
            "account_receivable_turnover_ratio": 0.07,
            "reinvestment_rate": null,
            "research_to_sale_ratio": null,
            "price_fair": 0.39,
            "eps_avg_yearly": 0.13,
            "eps_latest_yearly": 0.2,
            "eps_growth_yearly": -38.26
        },
        "20124": {
            "year_quarter": 20124,
            "year": 2012,
            "quarter": 4,
            "eps": -0.08,
            "eps_growth_year": -136.8,
            "eps_4q": -0.89,
            "eps_4q_growth_year": -630.35,
            "roe": -0.78,
            "roe_4q": -7.96,
            "gross_profit": 12,
            "gross_margin": 200,
            "gross_margin_4q_avg": 83.03,
            "net_income": -2297,
            "revenue": 6,
            "common_shares": 273520,
            "book_valuer_per_share": 10.72,
            "book_valuer_per_share_4q_avg": 11.09,
            "equity": 293317,
            "current_ratio": 17346.11,
            "debt_ratio": 0.58,
            "inventory_turnover_ratio": -0,
            "account_receivable_turnover_ratio": 0,
            "reinvestment_rate": null,
            "research_to_sale_ratio": null,
            "price_fair": 5.13,
            "eps_avg_yearly": 0.15,
            "eps_latest_yearly": 0.2,
            "eps_growth_yearly": 28.99
        },
        "20131": {
            "year_quarter": 20131,
            "year": 2013,
            "quarter": 1,
            "eps": -0.06,
            "eps_growth_year": -220,
            "eps_4q": -1,
            "eps_4q_growth_year": -593.59,
            "roe": -0.6,
            "roe_4q": -8.95,
            "gross_profit": 57,
            "gross_margin": 100,
            "gross_margin_4q_avg": 105.35,
            "net_income": -1749,
            "revenue": 57,
            "common_shares": 273520,
            "book_valuer_per_share": 10.66,
            "book_valuer_per_share_4q_avg": 10.79,
            "equity": 291497,
            "current_ratio": 18821.76,
            "debt_ratio": 0.54,
            "inventory_turnover_ratio": 0,
            "account_receivable_turnover_ratio": 0.1,
            "reinvestment_rate": null,
            "research_to_sale_ratio": null,
            "price_fair": 0.36,
            "eps_avg_yearly": 0.12,
            "eps_latest_yearly": 0.2,
            "eps_growth_yearly": -256.52
        },
        "20132": {
            "year_quarter": 20132,
            "year": 2013,
            "quarter": 2,
            "eps": -0.02,
            "eps_growth_year": null,
            "eps_4q": -0.31,
            "eps_4q_growth_year": null,
            "roe": -0.21,
            "roe_4q": -2.86,
            "gross_profit": 1315,
            "gross_margin": 2.84,
            "gross_margin_4q_avg": 78.22,
            "net_income": -611,
            "revenue": 46240,
            "common_shares": 273520,
            "book_valuer_per_share": 10.63,
            "book_valuer_per_share_4q_avg": 10.71,
            "equity": 290886,
            "current_ratio": 641.42,
            "debt_ratio": 15.55,
            "inventory_turnover_ratio": 0.22,
            "account_receivable_turnover_ratio": 140.76,
            "reinvestment_rate": null,
            "research_to_sale_ratio": null,
            "price_fair": 0.36,
            "eps_avg_yearly": 0.12,
            "eps_latest_yearly": 0.2,
            "eps_growth_yearly": -256.52
        },
        "20133": {
            "year_quarter": 20133,
            "year": 2013,
            "quarter": 3,
            "eps": -0.05,
            "eps_growth_year": null,
            "eps_4q": -0.11,
            "eps_4q_growth_year": null,
            "roe": -0.38,
            "roe_4q": -1.97,
            "gross_profit": -22,
            "gross_margin": -366.67,
            "gross_margin_4q_avg": -15.96,
            "net_income": -2032,
            "revenue": 6,
            "common_shares": 603520,
            "book_valuer_per_share": 12.68,
            "book_valuer_per_share_4q_avg": 11.17,
            "equity": 765044,
            "current_ratio": 725.97,
            "debt_ratio": 13.75,
            "inventory_turnover_ratio": 0,
            "account_receivable_turnover_ratio": 0.02,
            "reinvestment_rate": null,
            "research_to_sale_ratio": null,
            "price_fair": 0.36,
            "eps_avg_yearly": 0.12,
            "eps_latest_yearly": 0.2,
            "eps_growth_yearly": -256.52
        },
        "20134": {
            "year_quarter": 20134,
            "year": 2013,
            "quarter": 4,
            "eps": 0.1,
            "eps_growth_year": null,
            "eps_4q": 0.02,
            "eps_4q_growth_year": null,
            "roe": 0.77,
            "roe_4q": -0.41999999999999993,
            "gross_profit": 7525,
            "gross_margin": 15.48,
            "gross_margin_4q_avg": -62.09,
            "net_income": 5900,
            "revenue": 48611,
            "common_shares": 603520,
            "book_valuer_per_share": 12.77,
            "book_valuer_per_share_4q_avg": 11.69,
            "equity": 770944,
            "current_ratio": 662.76,
            "debt_ratio": 15.07,
            "inventory_turnover_ratio": 0.07,
            "account_receivable_turnover_ratio": 163.95,
            "reinvestment_rate": null,
            "research_to_sale_ratio": null,
            "price_fair": 0.36,
            "eps_avg_yearly": 0.12,
            "eps_latest_yearly": 0.2,
            "eps_growth_yearly": -256.52
        },
        "20141": {
            "year_quarter": 20141,
            "year": 2014,
            "quarter": 1,
            "eps": -0.07,
            "eps_growth_year": null,
            "eps_4q": -0.02,
            "eps_4q_growth_year": null,
            "roe": -0.58,
            "roe_4q": -0.3999999999999999,
            "gross_profit": 11,
            "gross_margin": 100,
            "gross_margin_4q_avg": -62.09,
            "net_income": -4464,
            "revenue": 11,
            "common_shares": 603520,
            "book_valuer_per_share": 12.7,
            "book_valuer_per_share_4q_avg": 12.2,
            "equity": 766480,
            "current_ratio": 550.4,
            "debt_ratio": 18.15,
            "inventory_turnover_ratio": 0,
            "account_receivable_turnover_ratio": 0.04,
            "reinvestment_rate": null,
            "research_to_sale_ratio": null,
            "price_fair": 0.36,
            "eps_avg_yearly": 0.12,
            "eps_latest_yearly": 0.2,
            "eps_growth_yearly": -256.52
        },
        "20142": {
            "year_quarter": 20142,
            "year": 2014,
            "quarter": 2,
            "eps": -0.04,
            "eps_growth_year": null,
            "eps_4q": -0.05,
            "eps_4q_growth_year": null,
            "roe": -0.33,
            "roe_4q": -0.5199999999999999,
            "gross_profit": 12,
            "gross_margin": 100,
            "gross_margin_4q_avg": -37.8,
            "net_income": -2542,
            "revenue": 12,
            "common_shares": 603520,
            "book_valuer_per_share": 12.66,
            "book_valuer_per_share_4q_avg": 12.7,
            "equity": 763938,
            "current_ratio": 382.52,
            "debt_ratio": 26.11,
            "inventory_turnover_ratio": 0,
            "account_receivable_turnover_ratio": 0.06,
            "reinvestment_rate": null,
            "research_to_sale_ratio": null,
            "price_fair": 0.6,
            "eps_avg_yearly": 0.2,
            "eps_latest_yearly": 0.2,
            "eps_growth_yearly": -313.04
        },
        "20143": {
            "year_quarter": 20143,
            "year": 2014,
            "quarter": 3,
            "eps": -0.06,
            "eps_growth_year": null,
            "eps_4q": -0.08,
            "eps_4q_growth_year": null,
            "roe": -0.49,
            "roe_4q": -0.6299999999999999,
            "gross_profit": 48,
            "gross_margin": 100,
            "gross_margin_4q_avg": 78.87,
            "net_income": -3731,
            "revenue": 48,
            "common_shares": 603520,
            "book_valuer_per_share": 12.6,
            "book_valuer_per_share_4q_avg": 12.68,
            "equity": 760207,
            "current_ratio": 278.76,
            "debt_ratio": 35.84,
            "inventory_turnover_ratio": 0,
            "account_receivable_turnover_ratio": 0.08,
            "reinvestment_rate": null,
            "research_to_sale_ratio": null,
            "price_fair": 0.6,
            "eps_avg_yearly": 0.2,
            "eps_latest_yearly": 0.2,
            "eps_growth_yearly": -313.04
        },
        "20144": {
            "year_quarter": 20144,
            "year": 2014,
            "quarter": 4,
            "eps": 0.01,
            "eps_growth_year": -92.53,
            "eps_4q": -0.17,
            "eps_4q_growth_year": -782.75,
            "roe": 0.06,
            "roe_4q": -1.3399999999999999,
            "gross_profit": 43,
            "gross_margin": 100,
            "gross_margin_4q_avg": 100,
            "net_income": 441,
            "revenue": 43,
            "common_shares": 603520,
            "book_valuer_per_share": 12.6,
            "book_valuer_per_share_4q_avg": 12.64,
            "equity": 760648,
            "current_ratio": 249.97,
            "debt_ratio": 39.77,
            "inventory_turnover_ratio": 0,
            "account_receivable_turnover_ratio": 0.07,
            "reinvestment_rate": null,
            "research_to_sale_ratio": null,
            "price_fair": 0.6,
            "eps_avg_yearly": 0.2,
            "eps_latest_yearly": 0.2,
            "eps_growth_yearly": -313.04
        },
        "20151": {
            "year_quarter": 20151,
            "year": 2015,
            "quarter": 1,
            "eps": -0.08,
            "eps_growth_year": null,
            "eps_4q": -0.18,
            "eps_4q_growth_year": null,
            "roe": -0.65,
            "roe_4q": -1.4100000000000001,
            "gross_profit": 43,
            "gross_margin": 100,
            "gross_margin_4q_avg": 100,
            "net_income": -4953,
            "revenue": 43,
            "common_shares": 603520,
            "book_valuer_per_share": 12.52,
            "book_valuer_per_share_4q_avg": 12.6,
            "equity": 755695,
            "current_ratio": 241.09,
            "debt_ratio": 41.26,
            "inventory_turnover_ratio": 0,
            "account_receivable_turnover_ratio": 0.37,
            "reinvestment_rate": null,
            "research_to_sale_ratio": null,
            "price_fair": 0.6,
            "eps_avg_yearly": 0.2,
            "eps_latest_yearly": 0.2,
            "eps_growth_yearly": -313.04
        },
        "20152": {
            "year_quarter": 20152,
            "year": 2015,
            "quarter": 2,
            "eps": 0.28,
            "eps_growth_year": null,
            "eps_4q": 0.13,
            "eps_4q_growth_year": null,
            "roe": 2.13,
            "roe_4q": 1.05,
            "gross_profit": 25149,
            "gross_margin": 31.38,
            "gross_margin_4q_avg": 82.85,
            "net_income": 18221,
            "revenue": 80154,
            "common_shares": 753520,
            "book_valuer_per_share": 12.73,
            "book_valuer_per_share_4q_avg": 12.61,
            "equity": 958866,
            "current_ratio": 294.51,
            "debt_ratio": 33.81,
            "inventory_turnover_ratio": 0.05,
            "account_receivable_turnover_ratio": 2109.32,
            "reinvestment_rate": null,
            "research_to_sale_ratio": null,
            "price_fair": 0.6,
            "eps_avg_yearly": 0.2,
            "eps_latest_yearly": 0.2,
            "eps_growth_yearly": -313.04
        },
        "20153": {
            "year_quarter": 20153,
            "year": 2015,
            "quarter": 3,
            "eps": -0.07,
            "eps_growth_year": null,
            "eps_4q": 0.11,
            "eps_4q_growth_year": null,
            "roe": -0.58,
            "roe_4q": 0.9599999999999997,
            "gross_profit": 43,
            "gross_margin": 100,
            "gross_margin_4q_avg": 82.85,
            "net_income": -5564,
            "revenue": 43,
            "common_shares": 753520,
            "book_valuer_per_share": 12.65,
            "book_valuer_per_share_4q_avg": 12.63,
            "equity": 953302,
            "current_ratio": 280.62,
            "debt_ratio": 35.48,
            "inventory_turnover_ratio": 0,
            "account_receivable_turnover_ratio": 0.57,
            "reinvestment_rate": null,
            "research_to_sale_ratio": null,
            "price_fair": 0.6,
            "eps_avg_yearly": 0.2,
            "eps_latest_yearly": 0.2,
            "eps_growth_yearly": -313.04
        },
        "20154": {
            "year_quarter": 20154,
            "year": 2015,
            "quarter": 4,
            "eps": 1.29,
            "eps_growth_year": 17535.76,
            "eps_4q": 1.39,
            "eps_4q_growth_year": null,
            "roe": 9.69,
            "roe_4q": 10.589999999999998,
            "gross_profit": 107586,
            "gross_margin": 30.56,
            "gross_margin_4q_avg": 65.49,
            "net_income": 97102,
            "revenue": 352021,
            "common_shares": 753520,
            "book_valuer_per_share": 13.94,
            "book_valuer_per_share_4q_avg": 12.96,
            "equity": 1050404,
            "current_ratio": 321.05,
            "debt_ratio": 30.96,
            "inventory_turnover_ratio": 0.19,
            "account_receivable_turnover_ratio": 1115.76,
            "reinvestment_rate": -0.61,
            "research_to_sale_ratio": null,
            "price_fair": 0.6,
            "eps_avg_yearly": 0.2,
            "eps_latest_yearly": 0.2,
            "eps_growth_yearly": -313.04
        },
        "20161": {
            "year_quarter": 20161,
            "year": 2016,
            "quarter": 1,
            "eps": 0.44,
            "eps_growth_year": null,
            "eps_4q": 1.9,
            "eps_4q_growth_year": null,
            "roe": 3.14,
            "roe_4q": 14.379999999999999,
            "gross_profit": 45208,
            "gross_margin": 27.73,
            "gross_margin_4q_avg": 47.42,
            "net_income": 33479,
            "revenue": 163032,
            "common_shares": 753520,
            "book_valuer_per_share": 14.38,
            "book_valuer_per_share_4q_avg": 13.43,
            "equity": 1083883,
            "current_ratio": 417.47,
            "debt_ratio": 23.88,
            "inventory_turnover_ratio": 0.1,
            "account_receivable_turnover_ratio": 545.26,
            "reinvestment_rate": -0.22,
            "research_to_sale_ratio": null,
            "price_fair": 5.28,
            "eps_avg_yearly": 1.76,
            "eps_latest_yearly": 1.76,
            "eps_growth_yearly": -263.57
        },
        "20162": {
            "year_quarter": 20162,
            "year": 2016,
            "quarter": 2,
            "eps": -0.09,
            "eps_growth_year": -132.14,
            "eps_4q": 1.57,
            "eps_4q_growth_year": 1084.39,
            "roe": -0.64,
            "roe_4q": 11.61,
            "gross_profit": 1896,
            "gross_margin": 26.39,
            "gross_margin_4q_avg": 46.17,
            "net_income": -6838,
            "revenue": 7184,
            "common_shares": 753520,
            "book_valuer_per_share": 13.99,
            "book_valuer_per_share_4q_avg": 13.74,
            "equity": 1054440,
            "current_ratio": 394.41,
            "debt_ratio": 25.21,
            "inventory_turnover_ratio": 0,
            "account_receivable_turnover_ratio": 121.76,
            "reinvestment_rate": 0.01,
            "research_to_sale_ratio": null,
            "price_fair": 5.28,
            "eps_avg_yearly": 1.76,
            "eps_latest_yearly": 1.76,
            "eps_growth_yearly": -263.57
        },
        "20163": {
            "year_quarter": 20163,
            "year": 2016,
            "quarter": 3,
            "eps": -0.04,
            "eps_growth_year": null,
            "eps_4q": 1.6,
            "eps_4q_growth_year": 1383.42,
            "roe": -0.28,
            "roe_4q": 11.91,
            "gross_profit": 1255,
            "gross_margin": 18.85,
            "gross_margin_4q_avg": 25.88,
            "net_income": -2918,
            "revenue": 6657,
            "common_shares": 753520,
            "book_valuer_per_share": 13.95,
            "book_valuer_per_share_4q_avg": 14.07,
            "equity": 1051522,
            "current_ratio": 326.16,
            "debt_ratio": 30.49,
            "inventory_turnover_ratio": 0,
            "account_receivable_turnover_ratio": 110.03,
            "reinvestment_rate": -0.21,
            "research_to_sale_ratio": null,
            "price_fair": 5.28,
            "eps_avg_yearly": 1.76,
            "eps_latest_yearly": 1.76,
            "eps_growth_yearly": -263.57
        },
        "20164": {
            "year_quarter": 20164,
            "year": 2016,
            "quarter": 4,
            "eps": -0,
            "eps_growth_year": -100.25,
            "eps_4q": 0.31,
            "eps_4q_growth_year": -77.59,
            "roe": -0.02,
            "roe_4q": 2.2,
            "gross_profit": 8372,
            "gross_margin": 17.55,
            "gross_margin_4q_avg": 22.63,
            "net_income": -240,
            "revenue": 47700,
            "common_shares": 753520,
            "book_valuer_per_share": 13.95,
            "book_valuer_per_share_4q_avg": 14.07,
            "equity": 1051282,
            "current_ratio": 263.5,
            "debt_ratio": 37.85,
            "inventory_turnover_ratio": 0.03,
            "account_receivable_turnover_ratio": 389.39,
            "reinvestment_rate": -0.19,
            "research_to_sale_ratio": null,
            "price_fair": 5.28,
            "eps_avg_yearly": 1.76,
            "eps_latest_yearly": 1.76,
            "eps_growth_yearly": -263.57
        },
        "20171": {
            "year_quarter": 20171,
            "year": 2017,
            "quarter": 1,
            "eps": 0.03,
            "eps_growth_year": -93.18,
            "eps_4q": -0.11,
            "eps_4q_growth_year": -105.56,
            "roe": 0.19,
            "roe_4q": -0.75,
            "gross_profit": 12869,
            "gross_margin": 15.48,
            "gross_margin_4q_avg": 19.57,
            "net_income": 2031,
            "revenue": 83112,
            "common_shares": 753520,
            "book_valuer_per_share": 13.98,
            "book_valuer_per_share_4q_avg": 13.97,
            "equity": 1053313,
            "current_ratio": 279.7,
            "debt_ratio": 35.67,
            "inventory_turnover_ratio": 0.05,
            "account_receivable_turnover_ratio": 1187.31,
            "reinvestment_rate": -0.17,
            "research_to_sale_ratio": null,
            "price_fair": 5.28,
            "eps_avg_yearly": 1.76,
            "eps_latest_yearly": 1.76,
            "eps_growth_yearly": -263.57
        },
        "20172": {
            "year_quarter": 20172,
            "year": 2017,
            "quarter": 2,
            "eps": 0.08,
            "eps_growth_year": null,
            "eps_4q": 0.07,
            "eps_4q_growth_year": -95.77,
            "roe": 0.58,
            "roe_4q": 0.47,
            "gross_profit": 28028,
            "gross_margin": 14.79,
            "gross_margin_4q_avg": 16.67,
            "net_income": 6124,
            "revenue": 189482,
            "common_shares": 753520,
            "book_valuer_per_share": 13.86,
            "book_valuer_per_share_4q_avg": 13.94,
            "equity": 1044367,
            "current_ratio": 315.14,
            "debt_ratio": 31.71,
            "inventory_turnover_ratio": 0.12,
            "account_receivable_turnover_ratio": 1343.84,
            "reinvestment_rate": -0.15,
            "research_to_sale_ratio": null,
            "price_fair": 36.4,
            "eps_avg_yearly": 1.04,
            "eps_latest_yearly": 0.32,
            "eps_growth_yearly": 201.55
        },
        "20173": {
            "year_quarter": 20173,
            "year": 2017,
            "quarter": 3,
            "eps": 0.11,
            "eps_growth_year": null,
            "eps_4q": 0.21,
            "eps_4q_growth_year": -86.88,
            "roe": 0.76,
            "roe_4q": 1.5099999999999998,
            "gross_profit": 24051,
            "gross_margin": 14.75,
            "gross_margin_4q_avg": 15.64,
            "net_income": 7940,
            "revenue": 163057,
            "common_shares": 753520,
            "book_valuer_per_share": 13.97,
            "book_valuer_per_share_4q_avg": 13.94,
            "equity": 1052307,
            "current_ratio": 334.55,
            "debt_ratio": 29.86,
            "inventory_turnover_ratio": 0.12,
            "account_receivable_turnover_ratio": 192.74,
            "reinvestment_rate": 0.06,
            "research_to_sale_ratio": null,
            "price_fair": 29.4,
            "eps_avg_yearly": 0.84,
            "eps_latest_yearly": 0.44,
            "eps_growth_yearly": 184.37
        },
        "20174": {
            "year_quarter": 20174,
            "year": 2017,
            "quarter": 4,
            "eps": 0.31,
            "eps_growth_year": null,
            "eps_4q": 0.53,
            "eps_4q_growth_year": 68.71,
            "roe": 2.21,
            "roe_4q": 3.7399999999999998,
            "gross_profit": 25833,
            "gross_margin": 21.87,
            "gross_margin_4q_avg": 16.72,
            "net_income": 23523,
            "revenue": 118143,
            "common_shares": 753520,
            "book_valuer_per_share": 14.28,
            "book_valuer_per_share_4q_avg": 14.02,
            "equity": 1075830,
            "current_ratio": 352.42,
            "debt_ratio": 28.26,
            "inventory_turnover_ratio": 0.08,
            "account_receivable_turnover_ratio": 54.94,
            "reinvestment_rate": 0.1,
            "research_to_sale_ratio": null,
            "price_fair": 32.9,
            "eps_avg_yearly": 0.94,
            "eps_latest_yearly": 1.24,
            "eps_growth_yearly": 320.09
        },
        "20181": {
            "year_quarter": 20181,
            "year": 2018,
            "quarter": 1,
            "eps": 0.13,
            "eps_growth_year": 333.33,
            "eps_4q": 0.63,
            "eps_4q_growth_year": null,
            "roe": 0.93,
            "roe_4q": 4.48,
            "gross_profit": 23579,
            "gross_margin": 21.47,
            "gross_margin_4q_avg": 18.22,
            "net_income": 10085,
            "revenue": 109800,
            "common_shares": 753520,
            "book_valuer_per_share": 14.41,
            "book_valuer_per_share_4q_avg": 14.13,
            "equity": 1085915,
            "current_ratio": 350.74,
            "debt_ratio": 28.4,
            "inventory_turnover_ratio": 0.09,
            "account_receivable_turnover_ratio": 49.99,
            "reinvestment_rate": 0.08,
            "research_to_sale_ratio": null,
            "price_fair": 29.96,
            "eps_avg_yearly": 0.86,
            "eps_latest_yearly": 0.52,
            "eps_growth_yearly": 209.62
        },
        "20182": {
            "year_quarter": 20182,
            "year": 2018,
            "quarter": 2,
            "eps": 0.12,
            "eps_growth_year": 50,
            "eps_4q": 0.67,
            "eps_4q_growth_year": 906.93,
            "roe": 0.81,
            "roe_4q": 4.71,
            "gross_profit": 24699,
            "gross_margin": 22.26,
            "gross_margin_4q_avg": 20.09,
            "net_income": 8768,
            "revenue": 110962,
            "common_shares": 753520,
            "book_valuer_per_share": 14.23,
            "book_valuer_per_share_4q_avg": 14.22,
            "equity": 1072078,
            "current_ratio": 338.65,
            "debt_ratio": 29.41,
            "inventory_turnover_ratio": 0.09,
            "account_receivable_turnover_ratio": 37.42,
            "reinvestment_rate": 0.06,
            "research_to_sale_ratio": null,
            "price_fair": 27.77,
            "eps_avg_yearly": 0.79,
            "eps_latest_yearly": 0.48,
            "eps_growth_yearly": 169.56
        },
        "20183": {
            "year_quarter": 20183,
            "year": 2018,
            "quarter": 3,
            "eps": 0.01,
            "eps_growth_year": -90.91,
            "eps_4q": 0.57,
            "eps_4q_growth_year": 171.95,
            "roe": 0.07,
            "roe_4q": 4.02,
            "gross_profit": 9786,
            "gross_margin": 32.42,
            "gross_margin_4q_avg": 24.51,
            "net_income": 742,
            "revenue": 30181,
            "common_shares": 753520,
            "book_valuer_per_share": 14.24,
            "book_valuer_per_share_4q_avg": 14.29,
            "equity": 1072820,
            "current_ratio": 364.6,
            "debt_ratio": 27.31,
            "inventory_turnover_ratio": 0.02,
            "account_receivable_turnover_ratio": 10.18,
            "reinvestment_rate": 0.05,
            "research_to_sale_ratio": null,
            "price_fair": 24,
            "eps_avg_yearly": 0.69,
            "eps_latest_yearly": 0.04,
            "eps_growth_yearly": 92.95
        },
        "20184": {
            "year_quarter": 20184,
            "year": 2018,
            "quarter": 4,
            "eps": 0.05,
            "eps_growth_year": -82.54,
            "eps_4q": 0.31,
            "eps_4q_growth_year": -40.18,
            "roe": 0.38,
            "roe_4q": 2.19,
            "gross_profit": 11859,
            "gross_margin": 34.67,
            "gross_margin_4q_avg": 27.71,
            "net_income": 4106,
            "revenue": 34209,
            "common_shares": 753520,
            "book_valuer_per_share": 14.29,
            "book_valuer_per_share_4q_avg": 14.29,
            "equity": 1076926,
            "current_ratio": 318.78,
            "debt_ratio": 31.24,
            "inventory_turnover_ratio": 0.02,
            "account_receivable_turnover_ratio": 40.72,
            "reinvestment_rate": 0.05,
            "research_to_sale_ratio": null,
            "price_fair": 21.88,
            "eps_avg_yearly": 0.63,
            "eps_latest_yearly": 0.2,
            "eps_growth_yearly": 281.33
        },
        "20191": {
            "year_quarter": 20191,
            "year": 2019,
            "quarter": 1,
            "eps": 0.21,
            "eps_growth_year": 61.54,
            "eps_4q": 0.39,
            "eps_4q_growth_year": -37.74,
            "roe": 1.48,
            "roe_4q": 2.74,
            "gross_profit": 25714,
            "gross_margin": 25.72,
            "gross_margin_4q_avg": 28.77,
            "net_income": 16063,
            "revenue": 99994,
            "common_shares": 753520,
            "book_valuer_per_share": 14.51,
            "book_valuer_per_share_4q_avg": 14.32,
            "equity": 1092989,
            "current_ratio": 279.04,
            "debt_ratio": 35.7,
            "inventory_turnover_ratio": 0.05,
            "account_receivable_turnover_ratio": 190.65,
            "reinvestment_rate": 0.04,
            "research_to_sale_ratio": null,
            "price_fair": 22.71,
            "eps_avg_yearly": 0.65,
            "eps_latest_yearly": 0.84,
            "eps_growth_yearly": 392.3
        },
        "20192": {
            "year_quarter": 20192,
            "year": 2019,
            "quarter": 2,
            "eps": -0.03,
            "eps_growth_year": -125,
            "eps_4q": 0.25,
            "eps_4q_growth_year": -63.02,
            "roe": -0.21,
            "roe_4q": 1.72,
            "gross_profit": 4510,
            "gross_margin": 14,
            "gross_margin_4q_avg": 26.7,
            "net_income": -2302,
            "revenue": 32217,
            "common_shares": 753520,
            "book_valuer_per_share": 14.27,
            "book_valuer_per_share_4q_avg": 14.33,
            "equity": 1075617,
            "current_ratio": 254.29,
            "debt_ratio": 39.17,
            "inventory_turnover_ratio": 0.02,
            "account_receivable_turnover_ratio": 20.74,
            "reinvestment_rate": 0.05,
            "research_to_sale_ratio": null,
            "price_fair": 22.71,
            "eps_avg_yearly": 0.65,
            "eps_latest_yearly": 0.84,
            "eps_growth_yearly": 392.3
        },
        "20193": {
            "year_quarter": 20193,
            "year": 2019,
            "quarter": 3,
            "eps": -0.02,
            "eps_growth_year": -300,
            "eps_4q": 0.22,
            "eps_4q_growth_year": -61.23,
            "roe": -0.11,
            "roe_4q": 1.54,
            "gross_profit": 5355,
            "gross_margin": 15.57,
            "gross_margin_4q_avg": 22.49,
            "net_income": -1149,
            "revenue": 34390,
            "common_shares": 753520,
            "book_valuer_per_share": 14.26,
            "book_valuer_per_share_4q_avg": 14.33,
            "equity": 1074468,
            "current_ratio": 219.18,
            "debt_ratio": 45.41,
            "inventory_turnover_ratio": 0.02,
            "account_receivable_turnover_ratio": 25.68,
            "reinvestment_rate": 0.13,
            "research_to_sale_ratio": null,
            "price_fair": 22.71,
            "eps_avg_yearly": 0.65,
            "eps_latest_yearly": 0.84,
            "eps_growth_yearly": 392.3
        },
        "20194": {
            "year_quarter": 20194,
            "year": 2019,
            "quarter": 4,
            "eps": -0.12,
            "eps_growth_year": -326.89,
            "eps_4q": 0.04,
            "eps_4q_growth_year": -86.09,
            "roe": -0.87,
            "roe_4q": 0.29000000000000004,
            "gross_profit": 137,
            "gross_margin": 4.63,
            "gross_margin_4q_avg": 14.98,
            "net_income": -9316,
            "revenue": 2958,
            "common_shares": 753520,
            "book_valuer_per_share": 14.14,
            "book_valuer_per_share_4q_avg": 14.3,
            "equity": 1065151,
            "current_ratio": 181.99,
            "debt_ratio": 54.69,
            "inventory_turnover_ratio": 0,
            "account_receivable_turnover_ratio": 3.71,
            "reinvestment_rate": 0.28,
            "research_to_sale_ratio": null,
            "price_fair": 22.71,
            "eps_avg_yearly": 0.65,
            "eps_latest_yearly": 0.84,
            "eps_growth_yearly": 392.3
        },
        "20201": {
            "year_quarter": 20201,
            "year": 2020,
            "quarter": 1,
            "eps": -0.07,
            "eps_growth_year": -133.33,
            "eps_4q": -0.24,
            "eps_4q_growth_year": -160.37,
            "roe": -0.48,
            "roe_4q": -1.6700000000000002,
            "gross_profit": 6825,
            "gross_margin": 21.92,
            "gross_margin_4q_avg": 14.03,
            "net_income": -5150,
            "revenue": 31137,
            "common_shares": 753520,
            "book_valuer_per_share": 14.07,
            "book_valuer_per_share_4q_avg": 14.19,
            "equity": 1060001,
            "current_ratio": 169.76,
            "debt_ratio": 58.63,
            "inventory_turnover_ratio": 0.01,
            "account_receivable_turnover_ratio": 30.89,
            "reinvestment_rate": 0.61,
            "research_to_sale_ratio": null,
            "price_fair": 17.85,
            "eps_avg_yearly": 0.51,
            "eps_latest_yearly": 0.84,
            "eps_growth_yearly": 474.28
        },
        "20202": {
            "year_quarter": 20202,
            "year": 2020,
            "quarter": 2,
            "eps": -0.08,
            "eps_growth_year": null,
            "eps_4q": -0.29,
            "eps_4q_growth_year": -217.31,
            "roe": -0.59,
            "roe_4q": -2.05,
            "gross_profit": 57,
            "gross_margin": 100,
            "gross_margin_4q_avg": 35.53,
            "net_income": -6216,
            "revenue": 57,
            "common_shares": 753520,
            "book_valuer_per_share": 13.68,
            "book_valuer_per_share_4q_avg": 14.04,
            "equity": 1031179,
            "current_ratio": 159.58,
            "debt_ratio": 62.3,
            "inventory_turnover_ratio": 0,
            "account_receivable_turnover_ratio": 0.06,
            "reinvestment_rate": 0.57,
            "research_to_sale_ratio": null,
            "price_fair": 17.85,
            "eps_avg_yearly": 0.51,
            "eps_latest_yearly": 0.84,
            "eps_growth_yearly": 474.28
        },
        "20203": {
            "year_quarter": 20203,
            "year": 2020,
            "quarter": 3,
            "eps": -0.09,
            "eps_growth_year": null,
            "eps_4q": -0.36,
            "eps_4q_growth_year": -263.89,
            "roe": -0.65,
            "roe_4q": -2.59,
            "gross_profit": 57,
            "gross_margin": 100,
            "gross_margin_4q_avg": 56.64,
            "net_income": -6717,
            "revenue": 57,
            "common_shares": 753520,
            "book_valuer_per_share": 13.6,
            "book_valuer_per_share_4q_avg": 13.87,
            "equity": 1024463,
            "current_ratio": 141.91,
            "debt_ratio": 70.07,
            "inventory_turnover_ratio": 0,
            "account_receivable_turnover_ratio": 0.08,
            "reinvestment_rate": 0.57,
            "research_to_sale_ratio": null,
            "price_fair": 17.85,
            "eps_avg_yearly": 0.51,
            "eps_latest_yearly": 0.84,
            "eps_growth_yearly": 474.28
        },
        "20204": {
            "year_quarter": 20204,
            "year": 2020,
            "quarter": 4,
            "eps": 3.32,
            "eps_growth_year": null,
            "eps_4q": 3.08,
            "eps_4q_growth_year": 6951.46,
            "roe": 21.79,
            "roe_4q": 20.07,
            "gross_profit": 352700,
            "gross_margin": 29.56,
            "gross_margin_4q_avg": 62.87,
            "net_income": 250497,
            "revenue": 1193021,
            "common_shares": 753520,
            "book_valuer_per_share": 16.92,
            "book_valuer_per_share_4q_avg": 14.57,
            "equity": 1274960,
            "current_ratio": 160.25,
            "debt_ratio": 62.06,
            "inventory_turnover_ratio": 0.3,
            "account_receivable_turnover_ratio": 3854.67,
            "reinvestment_rate": 0.08,
            "research_to_sale_ratio": null,
            "price_fair": 17.85,
            "eps_avg_yearly": 0.51,
            "eps_latest_yearly": 0.84,
            "eps_growth_yearly": 474.28
        },
        "20211": {
            "year_quarter": 20211,
            "year": 2021,
            "quarter": 1,
            "eps": 2.88,
            "eps_growth_year": null,
            "eps_4q": 6.03,
            "eps_4q_growth_year": null,
            "roe": 15.67,
            "roe_4q": 36.22,
            "gross_profit": 314159,
            "gross_margin": 30.34,
            "gross_margin_4q_avg": 64.98,
            "net_income": 216777,
            "revenue": 1035343,
            "common_shares": 753520,
            "book_valuer_per_share": 19.8,
            "book_valuer_per_share_4q_avg": 16,
            "equity": 1491737,
            "current_ratio": 182.57,
            "debt_ratio": 54.6,
            "inventory_turnover_ratio": 0.29,
            "account_receivable_turnover_ratio": 2550.11,
            "reinvestment_rate": 0.04,
            "research_to_sale_ratio": null,
            "price_fair": 60.67,
            "eps_avg_yearly": 1.73,
            "eps_latest_yearly": 11.52,
            "eps_growth_yearly": 415.69
        },
        "20212": {
            "year_quarter": 20212,
            "year": 2021,
            "quarter": 2,
            "eps": 0.19,
            "eps_growth_year": null,
            "eps_4q": 5.48,
            "eps_4q_growth_year": null,
            "roe": 0.95,
            "roe_4q": 37.76,
            "gross_profit": 31900,
            "gross_margin": 35.73,
            "gross_margin_4q_avg": 48.91,
            "net_income": 13943,
            "revenue": 89280,
            "common_shares": 753520,
            "book_valuer_per_share": 18.98,
            "book_valuer_per_share_4q_avg": 17.33,
            "equity": 1430328,
            "current_ratio": 182,
            "debt_ratio": 54.74,
            "inventory_turnover_ratio": 0.02,
            "account_receivable_turnover_ratio": 259.91,
            "reinvestment_rate": 0.03,
            "research_to_sale_ratio": null,
            "price_fair": 62.38,
            "eps_avg_yearly": 1.78,
            "eps_latest_yearly": 0.76,
            "eps_growth_yearly": 300.11
        },
        "20213": {
            "year_quarter": 20213,
            "year": 2021,
            "quarter": 3,
            "eps": -0.08,
            "eps_growth_year": null,
            "eps_4q": 5.48,
            "eps_4q_growth_year": null,
            "roe": -0.42,
            "roe_4q": 37.989999999999995,
            "gross_profit": 2609,
            "gross_margin": 27.75,
            "gross_margin_4q_avg": 30.85,
            "net_income": -6029,
            "revenue": 9403,
            "common_shares": 753520,
            "book_valuer_per_share": 18.9,
            "book_valuer_per_share_4q_avg": 18.65,
            "equity": 1424299,
            "current_ratio": 171.17,
            "debt_ratio": 58.17,
            "inventory_turnover_ratio": 0,
            "account_receivable_turnover_ratio": 36.38,
            "reinvestment_rate": -0.02,
            "research_to_sale_ratio": null,
            "price_fair": 68.25,
            "eps_avg_yearly": 1.95,
            "eps_latest_yearly": 0.76,
            "eps_growth_yearly": 318.87
        },
        "20214": {
            "year_quarter": 20214,
            "year": 2021,
            "quarter": 4,
            "eps": 2.23,
            "eps_growth_year": -32.99,
            "eps_4q": 4.82,
            "eps_4q_growth_year": 56.3,
            "roe": 12.69,
            "roe_4q": 28.89,
            "gross_profit": 252210,
            "gross_margin": 28.22,
            "gross_margin_4q_avg": 30.51,
            "net_income": 193050,
            "revenue": 893596,
            "common_shares": 866548,
            "book_valuer_per_share": 18.66,
            "book_valuer_per_share_4q_avg": 19.09,
            "equity": 1617349,
            "current_ratio": 189.47,
            "debt_ratio": 52.56,
            "inventory_turnover_ratio": 0.21,
            "account_receivable_turnover_ratio": 2190.19,
            "reinvestment_rate": -0.03,
            "research_to_sale_ratio": null,
            "price_fair": 71.8,
            "eps_avg_yearly": 2.05,
            "eps_latest_yearly": 0.76,
            "eps_growth_yearly": 260.53
        },
        "20221": {
            "year_quarter": 20221,
            "year": 2022,
            "quarter": 1,
            "eps": 0.81,
            "eps_growth_year": -71.88,
            "eps_4q": 3.13,
            "eps_4q_growth_year": -48.04,
            "roe": 4.27,
            "roe_4q": 17.49,
            "gross_profit": 92787,
            "gross_margin": 28.02,
            "gross_margin_4q_avg": 29.93,
            "net_income": 70535,
            "revenue": 331152,
            "common_shares": 866548,
            "book_valuer_per_share": 19.48,
            "book_valuer_per_share_4q_avg": 19.01,
            "equity": 1687884,
            "current_ratio": 188.26,
            "debt_ratio": 52.96,
            "inventory_turnover_ratio": 0.08,
            "account_receivable_turnover_ratio": 925.01,
            "reinvestment_rate": -0.03,
            "research_to_sale_ratio": null,
            "price_fair": 85.4,
            "eps_avg_yearly": 2.44,
            "eps_latest_yearly": 3.24,
            "eps_growth_yearly": 257.32
        },
        "20222": {
            "year_quarter": 20222,
            "year": 2022,
            "quarter": 2,
            "eps": -0.16,
            "eps_growth_year": -184.21,
            "eps_4q": 2.43,
            "eps_4q_growth_year": -55.55,
            "roe": -0.88,
            "roe_4q": 15.659999999999998,
            "gross_profit": -334,
            "gross_margin": -72.14,
            "gross_margin_4q_avg": 2.96,
            "net_income": -14178,
            "revenue": 463,
            "common_shares": 866548,
            "book_valuer_per_share": 17.81,
            "book_valuer_per_share_4q_avg": 18.71,
            "equity": 1543724,
            "current_ratio": 165.94,
            "debt_ratio": 60.06,
            "inventory_turnover_ratio": 0,
            "account_receivable_turnover_ratio": 2.2,
            "reinvestment_rate": -0,
            "research_to_sale_ratio": null,
            "price_fair": 96.83,
            "eps_avg_yearly": 2.77,
            "eps_latest_yearly": 3.24,
            "eps_growth_yearly": 305.33
        },
        "20223": {
            "year_quarter": 20223,
            "year": 2022,
            "quarter": 3,
            "eps": 2.9,
            "eps_growth_year": null,
            "eps_4q": 5.4,
            "eps_4q_growth_year": -1.59,
            "roe": 17.18,
            "roe_4q": 33.26,
            "gross_profit": 414930,
            "gross_margin": 26.59,
            "gross_margin_4q_avg": 2.67,
            "net_income": 290222,
            "revenue": 1560230,
            "common_shares": 1000000,
            "book_valuer_per_share": 18.34,
            "book_valuer_per_share_4q_avg": 18.57,
            "equity": 1833946,
            "current_ratio": 254.96,
            "debt_ratio": 39.07,
            "inventory_turnover_ratio": 0.38,
            "account_receivable_turnover_ratio": 26003.83,
            "reinvestment_rate": -0,
            "research_to_sale_ratio": null,
            "price_fair": 115.92,
            "eps_avg_yearly": 3.31,
            "eps_latest_yearly": 3.24,
            "eps_growth_yearly": 439.73
        },
        "20224": {
            "year_quarter": 20224,
            "year": 2022,
            "quarter": 4,
            "eps": -0.01,
            "eps_growth_year": -100.24,
            "eps_4q": 3.46,
            "eps_4q_growth_year": -28.22,
            "roe": -0.03,
            "roe_4q": 20.54,
            "gross_profit": 14038,
            "gross_margin": 27.17,
            "gross_margin_4q_avg": 2.41,
            "net_income": -542,
            "revenue": 51659,
            "common_shares": 1000000,
            "book_valuer_per_share": 18.33,
            "book_valuer_per_share_4q_avg": 18.49,
            "equity": 1833404,
            "current_ratio": 230.26,
            "debt_ratio": 43.29,
            "inventory_turnover_ratio": 0.01,
            "account_receivable_turnover_ratio": 437.79,
            "reinvestment_rate": -0,
            "research_to_sale_ratio": null,
            "price_fair": 143.15,
            "eps_avg_yearly": 4.09,
            "eps_latest_yearly": 3.24,
            "eps_growth_yearly": 149.67
        },
        "20231": {
            "year_quarter": 20231,
            "year": 2023,
            "quarter": 1,
            "eps": -0.01,
            "eps_growth_year": -101.23,
            "eps_4q": 2.75,
            "eps_4q_growth_year": -12.31,
            "roe": -0.04,
            "roe_4q": 16.23,
            "gross_profit": 7874,
            "gross_margin": 61.36,
            "gross_margin_4q_avg": 10.75,
            "net_income": -774,
            "revenue": 12833,
            "common_shares": 1000000,
            "book_valuer_per_share": 17.33,
            "book_valuer_per_share_4q_avg": 17.95,
            "equity": 1732630,
            "current_ratio": 211.79,
            "debt_ratio": 47.05,
            "inventory_turnover_ratio": 0,
            "account_receivable_turnover_ratio": 107.39,
            "reinvestment_rate": -0,
            "research_to_sale_ratio": null,
            "price_fair": 15.52,
            "eps_avg_yearly": 5.17,
            "eps_latest_yearly": 3.24,
            "eps_growth_yearly": -227.11
        }
    },
    "months": {
        "2002-04": {
            "month": "2002-04",
            "price": "29.13",
            "revenue": 164557
        },
        "2002-05": {
            "month": "2002-05",
            "price": "26.17",
            "revenue": 184160
        },
        "2002-06": {
            "month": "2002-06",
            "price": "37.64",
            "revenue": 188306
        },
        "2002-07": {
            "month": "2002-07",
            "price": "29.69",
            "revenue": 227462
        },
        "2002-08": {
            "month": "2002-08",
            "price": "26.19",
            "revenue": 200725
        },
        "2002-09": {
            "month": "2002-09",
            "price": "16.76",
            "revenue": 263459
        },
        "2002-10": {
            "month": "2002-10",
            "price": "15.76",
            "revenue": 244580
        },
        "2002-11": {
            "month": "2002-11",
            "price": "16.20",
            "revenue": 192073
        },
        "2002-12": {
            "month": "2002-12",
            "price": "15.29",
            "revenue": 219644
        },
        "2003-01": {
            "month": "2003-01",
            "price": "15.10",
            "revenue": 200453
        },
        "2003-02": {
            "month": "2003-02",
            "price": "14.28",
            "revenue": 192585
        },
        "2003-03": {
            "month": "2003-03",
            "price": "13.11",
            "revenue": 245745
        },
        "2003-04": {
            "month": "2003-04",
            "price": "13.56",
            "revenue": 204851
        },
        "2003-05": {
            "month": "2003-05",
            "price": "13.90",
            "revenue": 188105
        },
        "2003-06": {
            "month": "2003-06",
            "price": "15.00",
            "revenue": 270207
        },
        "2003-07": {
            "month": "2003-07",
            "price": "15.01",
            "revenue": 247478
        },
        "2003-08": {
            "month": "2003-08",
            "price": "13.48",
            "revenue": 238938
        },
        "2003-09": {
            "month": "2003-09",
            "price": "13.05",
            "revenue": 269298
        },
        "2003-10": {
            "month": "2003-10",
            "price": "12.93",
            "revenue": 248466
        },
        "2003-11": {
            "month": "2003-11",
            "price": "13.40",
            "revenue": 197482
        },
        "2003-12": {
            "month": "2003-12",
            "price": "13.09",
            "revenue": 276155
        },
        "2004-01": {
            "month": "2004-01",
            "price": "13.21",
            "revenue": 240052
        },
        "2004-02": {
            "month": "2004-02",
            "price": "16.56",
            "revenue": 227475
        },
        "2004-03": {
            "month": "2004-03",
            "price": "15.48",
            "revenue": 247481
        },
        "2004-04": {
            "month": "2004-04",
            "price": "14.59",
            "revenue": 209016
        },
        "2004-05": {
            "month": "2004-05",
            "price": "13.26",
            "revenue": 212657
        },
        "2004-06": {
            "month": "2004-06",
            "price": "12.89",
            "revenue": 289268
        },
        "2004-07": {
            "month": "2004-07",
            "price": "11.33",
            "revenue": 338550
        },
        "2004-08": {
            "month": "2004-08",
            "price": "10.13",
            "revenue": 301235
        },
        "2004-09": {
            "month": "2004-09",
            "price": "10.16",
            "revenue": 340246
        },
        "2004-10": {
            "month": "2004-10",
            "price": "9.72",
            "revenue": 257692
        },
        "2004-11": {
            "month": "2004-11",
            "price": "9.54",
            "revenue": 201166
        },
        "2004-12": {
            "month": "2004-12",
            "price": "9.32",
            "revenue": 257839
        },
        "2005-01": {
            "month": "2005-01",
            "price": "8.91",
            "revenue": 199152
        },
        "2005-02": {
            "month": "2005-02",
            "price": "9.60",
            "revenue": 162021
        },
        "2005-03": {
            "month": "2005-03",
            "price": "9.58",
            "revenue": 207210
        },
        "2005-04": {
            "month": "2005-04",
            "price": "9.24",
            "revenue": 145077
        },
        "2005-05": {
            "month": "2005-05",
            "price": "8.74",
            "revenue": 162287
        },
        "2005-06": {
            "month": "2005-06",
            "price": "9.40",
            "revenue": 215176
        },
        "2005-07": {
            "month": "2005-07",
            "price": "9.82",
            "revenue": 204636
        },
        "2005-08": {
            "month": "2005-08",
            "price": "8.28",
            "revenue": 238714
        },
        "2005-09": {
            "month": "2005-09",
            "price": "7.91",
            "revenue": 234531
        },
        "2005-10": {
            "month": "2005-10",
            "price": "7.49",
            "revenue": 120438
        },
        "2005-11": {
            "month": "2005-11",
            "price": "8.14",
            "revenue": 186092
        },
        "2005-12": {
            "month": "2005-12",
            "price": "9.16",
            "revenue": 176325
        },
        "2006-01": {
            "month": "2006-01",
            "price": "8.67",
            "revenue": 162776
        },
        "2006-02": {
            "month": "2006-02",
            "price": "8.14",
            "revenue": 120893
        },
        "2006-03": {
            "month": "2006-03",
            "price": "7.72",
            "revenue": 156185
        },
        "2006-04": {
            "month": "2006-04",
            "price": "8.53",
            "revenue": 127548
        },
        "2006-05": {
            "month": "2006-05",
            "price": "9.67",
            "revenue": 121419
        },
        "2006-06": {
            "month": "2006-06",
            "price": "9.84",
            "revenue": 130383
        },
        "2006-07": {
            "month": "2006-07",
            "price": "9.29",
            "revenue": 144632
        },
        "2006-08": {
            "month": "2006-08",
            "price": "9.49",
            "revenue": 133040
        },
        "2006-09": {
            "month": "2006-09",
            "price": "10.18",
            "revenue": 171362
        },
        "2006-10": {
            "month": "2006-10",
            "price": "12.20",
            "revenue": 100853
        },
        "2006-11": {
            "month": "2006-11",
            "price": "12.13",
            "revenue": 118625
        },
        "2006-12": {
            "month": "2006-12",
            "price": "12.22",
            "revenue": 166727
        },
        "2007-01": {
            "month": "2007-01",
            "price": "12.78",
            "revenue": 129449
        },
        "2007-02": {
            "month": "2007-02",
            "price": "11.56",
            "revenue": 136786
        },
        "2007-03": {
            "month": "2007-03",
            "price": "11.92",
            "revenue": 161162
        },
        "2007-04": {
            "month": "2007-04",
            "price": "11.82",
            "revenue": 108302
        },
        "2007-05": {
            "month": "2007-05",
            "price": "12.32",
            "revenue": 114266
        },
        "2007-06": {
            "month": "2007-06",
            "price": "12.63",
            "revenue": 120343
        },
        "2007-07": {
            "month": "2007-07",
            "price": "13.95",
            "revenue": 118659
        },
        "2007-08": {
            "month": "2007-08",
            "price": "12.27",
            "revenue": 134124
        },
        "2007-09": {
            "month": "2007-09",
            "price": "10.74",
            "revenue": 116063
        },
        "2007-10": {
            "month": "2007-10",
            "price": "10.68",
            "revenue": 108090
        },
        "2007-11": {
            "month": "2007-11",
            "price": "9.20",
            "revenue": 101224
        },
        "2007-12": {
            "month": "2007-12",
            "price": "7.80",
            "revenue": 112418
        },
        "2008-01": {
            "month": "2008-01",
            "price": "7.19",
            "revenue": 125283
        },
        "2008-02": {
            "month": "2008-02",
            "price": "7.13",
            "revenue": 90714
        },
        "2008-03": {
            "month": "2008-03",
            "price": "8.03",
            "revenue": 97694
        },
        "2008-04": {
            "month": "2008-04",
            "price": "9.03",
            "revenue": 74424
        },
        "2008-05": {
            "month": "2008-05",
            "price": "8.79",
            "revenue": 90579
        },
        "2008-06": {
            "month": "2008-06",
            "price": "8.27",
            "revenue": 91739
        },
        "2008-07": {
            "month": "2008-07",
            "price": "7.50",
            "revenue": 86440
        },
        "2008-08": {
            "month": "2008-08",
            "price": "6.61",
            "revenue": 100605
        },
        "2008-09": {
            "month": "2008-09",
            "price": "5.40",
            "revenue": 93534
        },
        "2008-10": {
            "month": "2008-10",
            "price": "5.56",
            "revenue": 81830
        },
        "2008-11": {
            "month": "2008-11",
            "price": "5.52",
            "revenue": 52847
        },
        "2008-12": {
            "month": "2008-12",
            "price": "4.89",
            "revenue": 71724
        },
        "2009-01": {
            "month": "2009-01",
            "price": "4.73",
            "revenue": 65885
        },
        "2009-02": {
            "month": "2009-02",
            "price": "4.78",
            "revenue": 62962
        },
        "2009-03": {
            "month": "2009-03",
            "price": "5.32",
            "revenue": 66062
        },
        "2009-04": {
            "month": "2009-04",
            "price": "6.54",
            "revenue": 58240
        },
        "2009-05": {
            "month": "2009-05",
            "price": "6.57",
            "revenue": 40547
        },
        "2009-06": {
            "month": "2009-06",
            "price": "6.87",
            "revenue": 41297
        },
        "2009-07": {
            "month": "2009-07",
            "price": "7.28",
            "revenue": 68913
        },
        "2009-08": {
            "month": "2009-08",
            "price": "8.00",
            "revenue": 77747
        },
        "2009-09": {
            "month": "2009-09",
            "price": "9.07",
            "revenue": 74321
        },
        "2009-10": {
            "month": "2009-10",
            "price": "11.25",
            "revenue": 63049
        },
        "2009-11": {
            "month": "2009-11",
            "price": "11.32",
            "revenue": 66692
        },
        "2009-12": {
            "month": "2009-12",
            "price": "11.60",
            "revenue": 86525
        },
        "2010-01": {
            "month": "2010-01",
            "price": "12.47",
            "revenue": 68394
        },
        "2010-02": {
            "month": "2010-02",
            "price": "11.92",
            "revenue": 53126
        },
        "2010-03": {
            "month": "2010-03",
            "price": "12.94",
            "revenue": 74190
        },
        "2010-04": {
            "month": "2010-04",
            "price": "13.00",
            "revenue": 74542
        },
        "2010-05": {
            "month": "2010-05",
            "price": "11.55",
            "revenue": 60268
        },
        "2010-06": {
            "month": "2010-06",
            "price": "11.85",
            "revenue": 61118
        },
        "2010-07": {
            "month": "2010-07",
            "price": "12.02",
            "revenue": 78145
        },
        "2010-08": {
            "month": "2010-08",
            "price": "12.08",
            "revenue": 68481
        },
        "2010-09": {
            "month": "2010-09",
            "price": "12.25",
            "revenue": 80849
        },
        "2010-10": {
            "month": "2010-10",
            "price": "11.39",
            "revenue": 58195
        },
        "2010-11": {
            "month": "2010-11",
            "price": "10.27",
            "revenue": 57198
        },
        "2010-12": {
            "month": "2010-12",
            "price": "10.50",
            "revenue": 56427
        },
        "2011-01": {
            "month": "2011-01",
            "price": "10.56",
            "revenue": 55917
        },
        "2011-02": {
            "month": "2011-02",
            "price": "10.07",
            "revenue": 43927
        },
        "2011-03": {
            "month": "2011-03",
            "price": "10.00",
            "revenue": 71964
        },
        "2011-04": {
            "month": "2011-04",
            "price": "10.35",
            "revenue": 66852
        },
        "2011-05": {
            "month": "2011-05",
            "price": "10.33",
            "revenue": 46806
        },
        "2011-06": {
            "month": "2011-06",
            "price": "10.31",
            "revenue": 51274
        },
        "2011-07": {
            "month": "2011-07",
            "price": "10.58",
            "revenue": 53655
        },
        "2011-08": {
            "month": "2011-08",
            "price": "12.26",
            "revenue": 59692
        },
        "2011-09": {
            "month": "2011-09",
            "price": "12.24",
            "revenue": 74406
        },
        "2011-10": {
            "month": "2011-10",
            "price": "12.44",
            "revenue": 72205
        },
        "2011-11": {
            "month": "2011-11",
            "price": "12.99",
            "revenue": 71836
        },
        "2011-12": {
            "month": "2011-12",
            "price": "14.57",
            "revenue": 47885
        },
        "2012-01": {
            "month": "2012-01",
            "price": "15.95",
            "revenue": 44249
        },
        "2012-02": {
            "month": "2012-02",
            "price": "18.39",
            "revenue": 60610
        },
        "2012-03": {
            "month": "2012-03",
            "price": "20.54",
            "revenue": 57525
        },
        "2012-04": {
            "month": "2012-04",
            "price": "19.36",
            "revenue": 9461
        },
        "2012-05": {
            "month": "2012-05",
            "price": "19.24",
            "revenue": 1161
        },
        "2012-06": {
            "month": "2012-06",
            "price": "17.98",
            "revenue": 323
        },
        "2012-07": {
            "month": "2012-07",
            "price": "16.54",
            "revenue": 189
        },
        "2012-08": {
            "month": "2012-08",
            "price": "16.27",
            "revenue": 0
        },
        "2012-09": {
            "month": "2012-09",
            "price": "17.72",
            "revenue": 0
        },
        "2012-10": {
            "month": "2012-10",
            "price": "17.58",
            "revenue": 0
        },
        "2012-11": {
            "month": "2012-11",
            "price": "16.72",
            "revenue": 4
        },
        "2012-12": {
            "month": "2012-12",
            "price": "17.35",
            "revenue": 3
        },
        "2013-01": {
            "month": "2013-01",
            "price": "17.02",
            "revenue": 19
        },
        "2013-02": {
            "month": "2013-02",
            "price": "16.53",
            "revenue": 19
        },
        "2013-03": {
            "month": "2013-03",
            "price": "16.36",
            "revenue": 19
        },
        "2013-04": {
            "month": "2013-04",
            "price": "16.44",
            "revenue": 19
        },
        "2013-05": {
            "month": "2013-05",
            "price": "20.56",
            "revenue": 19
        },
        "2013-06": {
            "month": "2013-06",
            "price": "19.14",
            "revenue": 46202
        },
        "2013-07": {
            "month": "2013-07",
            "price": "18.20",
            "revenue": 0
        },
        "2013-08": {
            "month": "2013-08",
            "price": "18.44",
            "revenue": 2
        },
        "2013-09": {
            "month": "2013-09",
            "price": "18.62",
            "revenue": 4
        },
        "2013-10": {
            "month": "2013-10",
            "price": "18.19",
            "revenue": 4
        },
        "2013-11": {
            "month": "2013-11",
            "price": "17.99",
            "revenue": 4
        },
        "2013-12": {
            "month": "2013-12",
            "price": "17.54",
            "revenue": 48603
        },
        "2014-01": {
            "month": "2014-01",
            "price": "17.41",
            "revenue": 4
        },
        "2014-02": {
            "month": "2014-02",
            "price": "17.15",
            "revenue": 4
        },
        "2014-03": {
            "month": "2014-03",
            "price": "17.39",
            "revenue": 4
        },
        "2014-04": {
            "month": "2014-04",
            "price": "17.50",
            "revenue": 4
        },
        "2014-05": {
            "month": "2014-05",
            "price": "17.39",
            "revenue": 4
        },
        "2014-06": {
            "month": "2014-06",
            "price": "17.18",
            "revenue": 4
        },
        "2014-07": {
            "month": "2014-07",
            "price": "16.64",
            "revenue": 18
        },
        "2014-08": {
            "month": "2014-08",
            "price": "16.01",
            "revenue": 16
        },
        "2014-09": {
            "month": "2014-09",
            "price": "15.99",
            "revenue": 14
        },
        "2014-10": {
            "month": "2014-10",
            "price": "15.69",
            "revenue": 14
        },
        "2014-11": {
            "month": "2014-11",
            "price": "15.57",
            "revenue": 14
        },
        "2014-12": {
            "month": "2014-12",
            "price": "16.51",
            "revenue": 14
        },
        "2015-01": {
            "month": "2015-01",
            "price": "16.96",
            "revenue": 14
        },
        "2015-02": {
            "month": "2015-02",
            "price": "16.49",
            "revenue": 14
        },
        "2015-03": {
            "month": "2015-03",
            "price": "15.80",
            "revenue": 14
        },
        "2015-04": {
            "month": "2015-04",
            "price": "15.46",
            "revenue": 14
        },
        "2015-05": {
            "month": "2015-05",
            "price": "14.72",
            "revenue": 80125
        },
        "2015-06": {
            "month": "2015-06",
            "price": "14.23",
            "revenue": 14
        },
        "2015-07": {
            "month": "2015-07",
            "price": "13.58",
            "revenue": 14
        },
        "2015-08": {
            "month": "2015-08",
            "price": "13.15",
            "revenue": 14
        },
        "2015-09": {
            "month": "2015-09",
            "price": "13.71",
            "revenue": 14
        },
        "2015-10": {
            "month": "2015-10",
            "price": "13.71",
            "revenue": 14
        },
        "2015-11": {
            "month": "2015-11",
            "price": "13.13",
            "revenue": 14
        },
        "2015-12": {
            "month": "2015-12",
            "price": "13.62",
            "revenue": 351993
        },
        "2016-01": {
            "month": "2016-01",
            "price": "11.19",
            "revenue": 139481
        },
        "2016-02": {
            "month": "2016-02",
            "price": "10.12",
            "revenue": 16095
        },
        "2016-03": {
            "month": "2016-03",
            "price": "10.87",
            "revenue": 7455
        },
        "2016-04": {
            "month": "2016-04",
            "price": "10.56",
            "revenue": 14
        },
        "2016-05": {
            "month": "2016-05",
            "price": "10.24",
            "revenue": 7155
        },
        "2016-06": {
            "month": "2016-06",
            "price": "10.05",
            "revenue": 14
        },
        "2016-07": {
            "month": "2016-07",
            "price": "11.14",
            "revenue": 6628
        },
        "2016-08": {
            "month": "2016-08",
            "price": "11.37",
            "revenue": 14
        },
        "2016-09": {
            "month": "2016-09",
            "price": "11.08",
            "revenue": 14
        },
        "2016-10": {
            "month": "2016-10",
            "price": "10.60",
            "revenue": 14
        },
        "2016-11": {
            "month": "2016-11",
            "price": "10.13",
            "revenue": 14
        },
        "2016-12": {
            "month": "2016-12",
            "price": "10.08",
            "revenue": 47672
        },
        "2017-01": {
            "month": "2017-01",
            "price": "10.18",
            "revenue": 39512
        },
        "2017-02": {
            "month": "2017-02",
            "price": "10.93",
            "revenue": 32257
        },
        "2017-03": {
            "month": "2017-03",
            "price": "12.13",
            "revenue": 11343
        },
        "2017-04": {
            "month": "2017-04",
            "price": "12.08",
            "revenue": 35971
        },
        "2017-05": {
            "month": "2017-05",
            "price": "11.94",
            "revenue": 59873
        },
        "2017-06": {
            "month": "2017-06",
            "price": "11.81",
            "revenue": 93638
        },
        "2017-07": {
            "month": "2017-07",
            "price": "11.82",
            "revenue": 56438
        },
        "2017-08": {
            "month": "2017-08",
            "price": "11.67",
            "revenue": 48543
        },
        "2017-09": {
            "month": "2017-09",
            "price": "11.40",
            "revenue": 58076
        },
        "2017-10": {
            "month": "2017-10",
            "price": "11.18",
            "revenue": 36505
        },
        "2017-11": {
            "month": "2017-11",
            "price": "10.38",
            "revenue": 41886
        },
        "2017-12": {
            "month": "2017-12",
            "price": "10.21",
            "revenue": 39752
        },
        "2018-01": {
            "month": "2018-01",
            "price": "11.03",
            "revenue": 45343
        },
        "2018-02": {
            "month": "2018-02",
            "price": "11.19",
            "revenue": 14933
        },
        "2018-03": {
            "month": "2018-03",
            "price": "11.20",
            "revenue": 49524
        },
        "2018-04": {
            "month": "2018-04",
            "price": "11.71",
            "revenue": 16476
        },
        "2018-05": {
            "month": "2018-05",
            "price": "12.26",
            "revenue": 75076
        },
        "2018-06": {
            "month": "2018-06",
            "price": "12.20",
            "revenue": 19410
        },
        "2018-07": {
            "month": "2018-07",
            "price": "11.73",
            "revenue": 11190
        },
        "2018-08": {
            "month": "2018-08",
            "price": "12.01",
            "revenue": 3305
        },
        "2018-09": {
            "month": "2018-09",
            "price": "11.72",
            "revenue": 15686
        },
        "2018-10": {
            "month": "2018-10",
            "price": "11.15",
            "revenue": 18209
        },
        "2018-11": {
            "month": "2018-11",
            "price": "10.78",
            "revenue": 3819
        },
        "2018-12": {
            "month": "2018-12",
            "price": "11.03",
            "revenue": 12181
        },
        "2019-01": {
            "month": "2019-01",
            "price": "11.40",
            "revenue": 58973
        },
        "2019-02": {
            "month": "2019-02",
            "price": "11.54",
            "revenue": 37769
        },
        "2019-03": {
            "month": "2019-03",
            "price": "11.52",
            "revenue": 3252
        },
        "2019-04": {
            "month": "2019-04",
            "price": "11.52",
            "revenue": 438
        },
        "2019-05": {
            "month": "2019-05",
            "price": "11.39",
            "revenue": 0
        },
        "2019-06": {
            "month": "2019-06",
            "price": "12.80",
            "revenue": 31779
        },
        "2019-07": {
            "month": "2019-07",
            "price": "16.07",
            "revenue": 0
        },
        "2019-08": {
            "month": "2019-08",
            "price": "18.23",
            "revenue": 31432
        },
        "2019-09": {
            "month": "2019-09",
            "price": "19.77",
            "revenue": 2957
        },
        "2019-10": {
            "month": "2019-10",
            "price": "20.44",
            "revenue": 0
        },
        "2019-11": {
            "month": "2019-11",
            "price": "20.94",
            "revenue": 2959
        },
        "2019-12": {
            "month": "2019-12",
            "price": "21.58",
            "revenue": 0
        },
        "2020-01": {
            "month": "2020-01",
            "price": "22.68",
            "revenue": 31137
        },
        "2020-02": {
            "month": "2020-02",
            "price": "21.76",
            "revenue": 0
        },
        "2020-03": {
            "month": "2020-03",
            "price": "16.25",
            "revenue": 0
        },
        "2020-04": {
            "month": "2020-04",
            "price": "18.70",
            "revenue": 19
        },
        "2020-05": {
            "month": "2020-05",
            "price": "21.40",
            "revenue": 19
        },
        "2020-06": {
            "month": "2020-06",
            "price": "22.34",
            "revenue": 19
        },
        "2020-07": {
            "month": "2020-07",
            "price": "24.33",
            "revenue": 19
        },
        "2020-08": {
            "month": "2020-08",
            "price": "24.20",
            "revenue": 19
        },
        "2020-09": {
            "month": "2020-09",
            "price": "24.71",
            "revenue": 19
        },
        "2020-10": {
            "month": "2020-10",
            "price": "23.92",
            "revenue": 217399
        },
        "2020-11": {
            "month": "2020-11",
            "price": "23.45",
            "revenue": 392502
        },
        "2020-12": {
            "month": "2020-12",
            "price": "22.08",
            "revenue": 583120
        },
        "2021-01": {
            "month": "2021-01",
            "price": "21.73",
            "revenue": 468688
        },
        "2021-02": {
            "month": "2021-02",
            "price": "23.10",
            "revenue": 392412
        },
        "2021-03": {
            "month": "2021-03",
            "price": "24.42",
            "revenue": 174242
        },
        "2021-04": {
            "month": "2021-04",
            "price": "26.32",
            "revenue": 37947
        },
        "2021-05": {
            "month": "2021-05",
            "price": "26.76",
            "revenue": 29865
        },
        "2021-06": {
            "month": "2021-06",
            "price": "26.48",
            "revenue": 21469
        },
        "2021-07": {
            "month": "2021-07",
            "price": "26.31",
            "revenue": 5104
        },
        "2021-08": {
            "month": "2021-08",
            "price": "26.58",
            "revenue": 154
        },
        "2021-09": {
            "month": "2021-09",
            "price": "27.45",
            "revenue": 4145
        },
        "2021-10": {
            "month": "2021-10",
            "price": "28.83",
            "revenue": 154
        },
        "2021-11": {
            "month": "2021-11",
            "price": "28.48",
            "revenue": 154
        },
        "2021-12": {
            "month": "2021-12",
            "price": "29.12",
            "revenue": 893288
        },
        "2022-01": {
            "month": "2022-01",
            "price": "28.81",
            "revenue": 304528
        },
        "2022-02": {
            "month": "2022-02",
            "price": "28.86",
            "revenue": 20934
        },
        "2022-03": {
            "month": "2022-03",
            "price": "29.74",
            "revenue": 5690
        },
        "2022-04": {
            "month": "2022-04",
            "price": "29.73",
            "revenue": 154
        },
        "2022-05": {
            "month": "2022-05",
            "price": "28.83",
            "revenue": 154
        },
        "2022-06": {
            "month": "2022-06",
            "price": "29.38",
            "revenue": 154
        },
        "2022-07": {
            "month": "2022-07",
            "price": "28.66",
            "revenue": 154
        },
        "2022-08": {
            "month": "2022-08",
            "price": "29.16",
            "revenue": 1419039
        },
        "2022-09": {
            "month": "2022-09",
            "price": "26.39",
            "revenue": 141038
        },
        "2022-10": {
            "month": "2022-10",
            "price": "24.58",
            "revenue": 51470
        },
        "2022-11": {
            "month": "2022-11",
            "price": "24.23",
            "revenue": 120
        },
        "2022-12": {
            "month": "2022-12",
            "price": "24.24",
            "revenue": 69
        },
        "2023-01": {
            "month": "2023-01",
            "price": "23.95",
            "revenue": 0
        },
        "2023-02": {
            "month": "2023-02",
            "price": "24.14",
            "revenue": 12800
        },
        "2023-03": {
            "month": "2023-03",
            "price": "24.60",
            "revenue": 33
        },
        "2023-04": {
            "month": "2023-04",
            "price": "22.41",
            "revenue": 33
        }
    }
}
