{
    "summary": {
        "stock_name": "互億",
        "stock_id": "6172",
        "category": "電腦及週邊設備",
        "main_business": "電腦週邊設備<br>資料儲存及處理設備<br>有線無線通訊機械器材",
        "website_url": "http://www.billionton.com.tw",
        "ceo": "廖年豐",
        "pe_ratio": 23,
        "report_year_from": 2001,
        "report_year_to": 2021,
        "age": 23,
        "eps_negative_percentage": 38,
        "eps_growth_avg": {
            "last_all": -1.4,
            "last_2y": 8.89,
            "last_4y": -18.33,
            "last_8y": 5.14,
            "last_12y": 5.14,
            "last_16y": -10.64,
            "last_20y": null,
            "at_2006_last_3y": -25.53,
            "at_2007_last_3y": -52.04,
            "at_2008_last_3y": -65.88,
            "at_2009_last_3y": -100,
            "at_2010_last_3y": null,
            "at_2011_last_3y": null,
            "at_2012_last_3y": null,
            "at_2013_last_3y": null,
            "at_2014_last_3y": 100,
            "at_2015_last_3y": 14.29,
            "at_2016_last_3y": 36.45,
            "at_2017_last_3y": 2.34,
            "at_2018_last_3y": -30.22,
            "at_2019_last_3y": -4.19,
            "at_2020_last_3y": -22.78,
            "at_2021_last_3y": 8.89,
            "at_2022_last_3y": 8.89,
            "at_2023_last_3y": 8.89,
            "at_2024_last_3y": 8.89,
            "at_2006_last_all": -10.57,
            "at_2007_last_all": -10.57,
            "at_2008_last_all": -10.57,
            "at_2009_last_all": -10.57,
            "at_2010_last_all": -10.57,
            "at_2011_last_all": -10.57,
            "at_2012_last_all": -10.57,
            "at_2013_last_all": -10.57,
            "at_2014_last_all": 7.86,
            "at_2015_last_all": -3.47,
            "at_2016_last_all": 7.06,
            "at_2017_last_all": -4.84,
            "at_2018_last_all": -4.84,
            "at_2019_last_all": -3.68,
            "at_2020_last_all": -1.08,
            "at_2021_last_all": -1.4,
            "at_2022_last_all": -1.4,
            "at_2023_last_all": -1.4,
            "at_2024_last_all": -1.4
        },
        "latest_eps": 0.89,
        "latest_price": 20.1,
        "latest_roe": 8.35,
        "latest_gross_margin": 7.66,
        "latest_equity": 330248,
        "latest_revenue": 152230,
        "latest_gross_profit": 11662,
        "latest_net_income": 6443,
        "latest_debt_ratio": 62.73,
        "latest_current_ratio": 124.11,
        "latest_account_receivable_turnover_ratio": 1.13,
        "latest_inventory_turnover_ratio": 949.78,
        "latest_reinvestment_rate": 179.86,
        "latest_research_to_sale_ratio": 0.14
    },
    "eps_dividends": {
        "2001": {
            "cash": 0,
            "stock": 0.4,
            "eps": 1.34
        },
        "2002": {
            "cash": 0,
            "stock": 1,
            "eps": 2
        },
        "2003": {
            "cash": 0,
            "stock": 1.3,
            "eps": 3.08
        },
        "2004": {
            "cash": 1.2,
            "stock": 0.05,
            "eps": 2.33
        },
        "2005": {
            "cash": 0.5,
            "stock": 1,
            "eps": 1.59
        },
        "2006": {
            "cash": 0.6,
            "stock": 0.2,
            "eps": -2.31
        },
        "2007": {
            "cash": 0,
            "stock": 0,
            "eps": -1.7
        },
        "2008": {
            "cash": 0,
            "stock": 0,
            "eps": -2.5
        },
        "2009": {
            "cash": 0,
            "stock": 0,
            "eps": -2.84
        },
        "2010": {
            "cash": 0,
            "stock": 0,
            "eps": -1.6
        },
        "2011": {
            "cash": 0,
            "stock": 0,
            "eps": -3.65
        },
        "2012": {
            "cash": 0,
            "stock": 0,
            "eps": -2.33
        },
        "2013": {
            "cash": 0,
            "stock": 0,
            "eps": 0.2
        },
        "2014": {
            "cash": 0,
            "stock": 0,
            "eps": 0.91
        },
        "2015": {
            "cash": 0,
            "stock": 0,
            "eps": 0.26
        },
        "2016": {
            "cash": 0,
            "stock": 0,
            "eps": 0.47
        },
        "2017": {
            "cash": 0,
            "stock": 0,
            "eps": -0.19
        },
        "2018": {
            "cash": 0,
            "stock": 0,
            "eps": 0.3
        },
        "2019": {
            "cash": 0,
            "stock": 0,
            "eps": 0.32
        },
        "2020": {
            "cash": 0.2,
            "stock": 0,
            "eps": 0.4
        },
        "2021": {
            "cash": 0.2,
            "stock": 0,
            "eps": 0.38
        }
    },
    "dividends": {
        "2001-06-22": {
            "cash": 0,
            "stock": 0.4
        },
        "2002-06-28": {
            "cash": 0,
            "stock": 1
        },
        "2003-02-14": {
            "cash": 0,
            "stock": 1.3
        },
        "2004-02-19": {
            "cash": 1.2,
            "stock": 0.05
        },
        "2005-03-28": {
            "cash": 0.5,
            "stock": 1
        },
        "2006-06-15": {
            "cash": 0.6,
            "stock": 0.2
        },
        "2020-09-25": {
            "cash": 0.2,
            "stock": 0
        },
        "2021-10-20": {
            "cash": 0.2,
            "stock": 0
        }
    },
    "prices": {
        "200101": "無",
        "200102": "無",
        "200103": "無",
        "200104": "無",
        "200105": "無",
        "200106": "無",
        "200107": "無",
        "200108": "無",
        "200109": "無",
        "200110": "無",
        "200111": "無",
        "200112": "無",
        "200201": "無",
        "200202": "無",
        "200203": "無",
        "200204": "30.53",
        "200205": "27.48",
        "200206": "25.28",
        "200207": "22.91",
        "200208": "21.63",
        "200209": "20.13",
        "200210": "18.15",
        "200211": "19.25",
        "200212": "21.75",
        "200301": "25.14",
        "200302": "22.88",
        "200303": "21.02",
        "200304": "23.29",
        "200305": "27.31",
        "200306": "30.54",
        "200307": "28.21",
        "200308": "31.47",
        "200309": "29.59",
        "200310": "27.59",
        "200311": "26.56",
        "200312": "27.98",
        "200401": "28.65",
        "200402": "29.48",
        "200403": "32.16",
        "200404": "33.34",
        "200405": "27.43",
        "200406": "25.30",
        "200407": "19.84",
        "200408": "18.15",
        "200409": "18.78",
        "200410": "18.06",
        "200411": "18.30",
        "200412": "18.19",
        "200501": "17.34",
        "200502": "19.57",
        "200503": "23.02",
        "200504": "23.44",
        "200505": "20.13",
        "200506": "20.83",
        "200507": "20.66",
        "200508": "18.27",
        "200509": "16.36",
        "200510": "14.56",
        "200511": "13.99",
        "200512": "16.16",
        "200601": "16.36",
        "200602": "15.08",
        "200603": "15.17",
        "200604": "14.28",
        "200605": "12.86",
        "200606": "10.68",
        "200607": "10.20",
        "200608": "9.68",
        "200609": "9.33",
        "200610": "9.38",
        "200611": "9.95",
        "200612": "11.11",
        "200701": "11.57",
        "200702": "10.61",
        "200703": "9.85",
        "200704": "11.38",
        "200705": "10.83",
        "200706": "14.02",
        "200707": "13.88",
        "200708": "11.87",
        "200709": "10.87",
        "200710": "11.69",
        "200711": "9.19",
        "200712": "7.82",
        "200801": "6.71",
        "200802": "6.12",
        "200803": "6.67",
        "200804": "7.21",
        "200805": "7.05",
        "200806": "5.85",
        "200807": "4.51",
        "200808": "4.21",
        "200809": "3.11",
        "200810": "3.44",
        "200811": "2.88",
        "200812": "2.83",
        "200901": "2.89",
        "200902": "2.81",
        "200903": "3.51",
        "200904": "4.51",
        "200905": "4.80",
        "200906": "4.12",
        "200907": "3.99",
        "200908": "4.21",
        "200909": "4.73",
        "200910": "4.96",
        "200911": "4.64",
        "200912": "4.94",
        "201001": "6.77",
        "201002": "5.81",
        "201003": "6.27",
        "201004": "7.60",
        "201005": "15.00",
        "201006": "15.55",
        "201007": "14.50",
        "201008": "12.96",
        "201009": "10.44",
        "201010": "9.16",
        "201011": "7.48",
        "201012": "8.74",
        "201101": "8.39",
        "201102": "10.51",
        "201103": "11.22",
        "201104": "11.98",
        "201105": "5.90",
        "201106": "4.23",
        "201107": "3.51",
        "201108": "3.08",
        "201109": "2.89",
        "201110": "3.01",
        "201111": "4.21",
        "201112": "4.32",
        "201201": "4.19",
        "201202": "4.52",
        "201203": "6.19",
        "201204": "4.87",
        "201205": "3.86",
        "201206": "4.53",
        "201207": "3.93",
        "201208": "3.75",
        "201209": "3.70",
        "201210": "3.11",
        "201211": "3.06",
        "201212": "5.03",
        "201301": "5.83",
        "201302": "5.81",
        "201303": "5.41",
        "201304": "5.53",
        "201305": "5.59",
        "201306": "5.99",
        "201307": "7.04",
        "201308": "6.70",
        "201309": "8.17",
        "201310": "7.36",
        "201311": "7.41",
        "201312": "6.39",
        "201401": "7.05",
        "201402": "7.10",
        "201403": "7.87",
        "201404": "8.07",
        "201405": "7.73",
        "201406": "6.64",
        "201407": "6.19",
        "201408": "6.66",
        "201409": "6.00",
        "201410": "5.69",
        "201411": "6.35",
        "201412": "6.27",
        "201501": "6.40",
        "201502": "6.38",
        "201503": "6.40",
        "201504": "7.00",
        "201505": "6.80",
        "201506": "6.01",
        "201507": "5.43",
        "201508": "5.17",
        "201509": "5.08",
        "201510": "5.08",
        "201511": "5.13",
        "201512": "6.69",
        "201601": "6.91",
        "201602": "7.22",
        "201603": "7.47",
        "201604": "8.04",
        "201605": "7.91",
        "201606": "7.61",
        "201607": "7.77",
        "201608": "8.77",
        "201609": "9.22",
        "201610": "10.04",
        "201611": "10.80",
        "201612": "10.89",
        "201701": "10.81",
        "201702": "11.57",
        "201703": "12.77",
        "201704": "13.58",
        "201705": "11.50",
        "201706": "11.89",
        "201707": "11.09",
        "201708": "12.37",
        "201709": "10.30",
        "201710": "10.36",
        "201711": "10.27",
        "201712": "10.20",
        "201801": "10.70",
        "201802": "10.98",
        "201803": "12.83",
        "201804": "13.21",
        "201805": "11.98",
        "201806": "11.26",
        "201807": "11.12",
        "201808": "11.21",
        "201809": "11.79",
        "201810": "12.52",
        "201811": "15.29",
        "201812": "15.05",
        "201901": "12.26",
        "201902": "14.84",
        "201903": "16.22",
        "201904": "18.62",
        "201905": "16.31",
        "201906": "15.72",
        "201907": "15.18",
        "201908": "17.81",
        "201909": "18.55",
        "201910": "19.62",
        "201911": "20.94",
        "201912": "19.16",
        "202001": "19.07",
        "202002": "19.77",
        "202003": "19.91",
        "202004": "22.68",
        "202005": "23.16",
        "202006": "22.62",
        "202007": "22.42",
        "202008": "24.60",
        "202009": "25.40",
        "202010": "27.57",
        "202011": "28.34",
        "202012": "29.71",
        "202101": "30.09",
        "202102": "31.82",
        "202103": "31.20",
        "202104": "34.03",
        "202105": "36.48",
        "202106": "38.38",
        "202107": "40.91",
        "202108": "42.94",
        "202109": "42.54",
        "202110": "39.36",
        "202111": "22.96",
        "202112": "無",
        "202201": "無",
        "202202": "無",
        "202203": "無",
        "202204": "無",
        "202205": "無",
        "202206": "無",
        "202207": "無",
        "202208": "無",
        "202209": "無",
        "202210": "無",
        "202211": "無",
        "202212": "無",
        "202301": "無",
        "202302": "無",
        "202303": "無",
        "202304": "無",
        "202305": "無",
        "202306": "無",
        "202307": "無",
        "202308": "無",
        "202309": "無",
        "202310": "無",
        "202311": "無",
        "202312": "無",
        "202401": "無",
        "202402": "無",
        "202403": "無",
        "202404": "無"
    },
    "quarters": {
        "20011": {
            "year_quarter": 20011,
            "year": 2001,
            "quarter": 1,
            "eps": 0.06,
            "eps_growth_year": null,
            "eps_4q": null,
            "eps_4q_growth_year": null,
            "roe": 0.45,
            "roe_4q": 0.45,
            "gross_profit": 40258,
            "gross_margin": 21.58,
            "gross_margin_4q_avg": 21.58,
            "net_income": 1783,
            "net_income_4q": null,
            "revenue": 186519,
            "revenue_4q": null,
            "common_shares": 300000,
            "book_valuer_per_share": 13.13,
            "book_valuer_per_share_4q_avg": 13.13,
            "equity": 393838,
            "current_ratio": 167.83,
            "debt_ratio": 49.77,
            "inventory_turnover_ratio": 0.69,
            "account_receivable_turnover_ratio": null,
            "reinvestment_rate": null,
            "research_to_sale_ratio": null,
            "price_fair": 0,
            "eps_avg_yearly": 0,
            "eps_latest_yearly": 0,
            "eps_growth_yearly": 0
        },
        "20012": {
            "year_quarter": 20012,
            "year": 2001,
            "quarter": 2,
            "eps": 0.39,
            "eps_growth_year": null,
            "eps_4q": null,
            "eps_4q_growth_year": null,
            "roe": 3.06,
            "roe_4q": 3.5100000000000002,
            "gross_profit": 40649,
            "gross_margin": 22.77,
            "gross_margin_4q_avg": 22.18,
            "net_income": 12205,
            "net_income_4q": null,
            "revenue": 178538,
            "revenue_4q": null,
            "common_shares": 300000,
            "book_valuer_per_share": 13.5,
            "book_valuer_per_share_4q_avg": 13.32,
            "equity": 404875,
            "current_ratio": 181.62,
            "debt_ratio": 46,
            "inventory_turnover_ratio": 0.79,
            "account_receivable_turnover_ratio": null,
            "reinvestment_rate": null,
            "research_to_sale_ratio": null,
            "price_fair": 0,
            "eps_avg_yearly": 0,
            "eps_latest_yearly": 0,
            "eps_growth_yearly": 0
        },
        "20013": {
            "year_quarter": 20013,
            "year": 2001,
            "quarter": 3,
            "eps": 0.13,
            "eps_growth_year": null,
            "eps_4q": null,
            "eps_4q_growth_year": null,
            "roe": 0.98,
            "roe_4q": 4.49,
            "gross_profit": 36323,
            "gross_margin": 14,
            "gross_margin_4q_avg": 19.45,
            "net_income": 4065,
            "net_income_4q": null,
            "revenue": 259516,
            "revenue_4q": null,
            "common_shares": 314250,
            "book_valuer_per_share": 13.59,
            "book_valuer_per_share_4q_avg": 13.41,
            "equity": 427040,
            "current_ratio": 180.46,
            "debt_ratio": 43.63,
            "inventory_turnover_ratio": 1.5,
            "account_receivable_turnover_ratio": null,
            "reinvestment_rate": null,
            "research_to_sale_ratio": null,
            "price_fair": 0,
            "eps_avg_yearly": 0,
            "eps_latest_yearly": 0,
            "eps_growth_yearly": 0
        },
        "20014": {
            "year_quarter": 20014,
            "year": 2001,
            "quarter": 4,
            "eps": 0.76,
            "eps_growth_year": null,
            "eps_4q": 1.32,
            "eps_4q_growth_year": null,
            "roe": 5.38,
            "roe_4q": 9.87,
            "gross_profit": 55601,
            "gross_margin": 17.07,
            "gross_margin_4q_avg": 18.86,
            "net_income": 24358,
            "net_income_4q": null,
            "revenue": 325646,
            "revenue_4q": null,
            "common_shares": 344250,
            "book_valuer_per_share": 13.89,
            "book_valuer_per_share_4q_avg": 13.53,
            "equity": 478298,
            "current_ratio": 161.44,
            "debt_ratio": 40.7,
            "inventory_turnover_ratio": 1.82,
            "account_receivable_turnover_ratio": null,
            "reinvestment_rate": null,
            "research_to_sale_ratio": null,
            "price_fair": 0,
            "eps_avg_yearly": 0,
            "eps_latest_yearly": 0,
            "eps_growth_yearly": 0
        },
        "20021": {
            "year_quarter": 20021,
            "year": 2002,
            "quarter": 1,
            "eps": 0.59,
            "eps_growth_year": 883.33,
            "eps_4q": 1.76,
            "eps_4q_growth_year": null,
            "roe": 4.19,
            "roe_4q": 13.610000000000001,
            "gross_profit": 52596,
            "gross_margin": 17.59,
            "gross_margin_4q_avg": 17.86,
            "net_income": 20454,
            "net_income_4q": null,
            "revenue": 299010,
            "revenue_4q": null,
            "common_shares": 344250,
            "book_valuer_per_share": 14.49,
            "book_valuer_per_share_4q_avg": 13.87,
            "equity": 498752,
            "current_ratio": 168.86,
            "debt_ratio": 38.32,
            "inventory_turnover_ratio": 1.52,
            "account_receivable_turnover_ratio": null,
            "reinvestment_rate": null,
            "research_to_sale_ratio": null,
            "price_fair": 7.08,
            "eps_avg_yearly": 2.36,
            "eps_latest_yearly": 2.36,
            "eps_growth_yearly": -89.47
        },
        "20022": {
            "year_quarter": 20022,
            "year": 2002,
            "quarter": 2,
            "eps": 0.14,
            "eps_growth_year": -64.1,
            "eps_4q": 1.55,
            "eps_4q_growth_year": null,
            "roe": 0.97,
            "roe_4q": 11.52,
            "gross_profit": 46494,
            "gross_margin": 14.43,
            "gross_margin_4q_avg": 15.77,
            "net_income": 4868,
            "net_income_4q": null,
            "revenue": 322291,
            "revenue_4q": null,
            "common_shares": 344250,
            "book_valuer_per_share": 14.56,
            "book_valuer_per_share_4q_avg": 14.13,
            "equity": 501226,
            "current_ratio": 168.4,
            "debt_ratio": 38.69,
            "inventory_turnover_ratio": 1.68,
            "account_receivable_turnover_ratio": null,
            "reinvestment_rate": null,
            "research_to_sale_ratio": null,
            "price_fair": 4.38,
            "eps_avg_yearly": 1.46,
            "eps_latest_yearly": 0.56,
            "eps_growth_yearly": -197.28
        },
        "20023": {
            "year_quarter": 20023,
            "year": 2002,
            "quarter": 3,
            "eps": 0.23,
            "eps_growth_year": 76.92,
            "eps_4q": 1.51,
            "eps_4q_growth_year": null,
            "roe": 1.76,
            "roe_4q": 12.3,
            "gross_profit": 43490,
            "gross_margin": 15.53,
            "gross_margin_4q_avg": 16.16,
            "net_income": 8914,
            "net_income_4q": null,
            "revenue": 280081,
            "revenue_4q": null,
            "common_shares": 385130,
            "book_valuer_per_share": 13.25,
            "book_valuer_per_share_4q_avg": 14.05,
            "equity": 510139,
            "current_ratio": 334.65,
            "debt_ratio": 49.43,
            "inventory_turnover_ratio": 1.47,
            "account_receivable_turnover_ratio": null,
            "reinvestment_rate": null,
            "research_to_sale_ratio": null,
            "price_fair": 3.84,
            "eps_avg_yearly": 1.28,
            "eps_latest_yearly": 0.92,
            "eps_growth_yearly": -45.81
        },
        "20024": {
            "year_quarter": 20024,
            "year": 2002,
            "quarter": 4,
            "eps": 1.04,
            "eps_growth_year": 36.84,
            "eps_4q": 1.93,
            "eps_4q_growth_year": 45.66,
            "roe": 7.48,
            "roe_4q": 14.400000000000002,
            "gross_profit": 104510,
            "gross_margin": 17.5,
            "gross_margin_4q_avg": 16.26,
            "net_income": 40120,
            "net_income_4q": null,
            "revenue": 597250,
            "revenue_4q": null,
            "common_shares": 391284,
            "book_valuer_per_share": 14.39,
            "book_valuer_per_share_4q_avg": 14.17,
            "equity": 563039,
            "current_ratio": 259.33,
            "debt_ratio": 52.36,
            "inventory_turnover_ratio": 2.53,
            "account_receivable_turnover_ratio": null,
            "reinvestment_rate": null,
            "research_to_sale_ratio": null,
            "price_fair": 70,
            "eps_avg_yearly": 2,
            "eps_latest_yearly": 4.16,
            "eps_growth_yearly": 317.82
        },
        "20031": {
            "year_quarter": 20031,
            "year": 2003,
            "quarter": 1,
            "eps": 0.7,
            "eps_growth_year": 18.64,
            "eps_4q": 2.05,
            "eps_4q_growth_year": 16.56,
            "roe": 4.6,
            "roe_4q": 14.81,
            "gross_profit": 78005,
            "gross_margin": 16.19,
            "gross_margin_4q_avg": 15.91,
            "net_income": 27872,
            "net_income_4q": null,
            "revenue": 481945,
            "revenue_4q": null,
            "common_shares": 420104,
            "book_valuer_per_share": 15.43,
            "book_valuer_per_share_4q_avg": 14.41,
            "equity": 648232,
            "current_ratio": 239.73,
            "debt_ratio": 48.45,
            "inventory_turnover_ratio": 1.65,
            "account_receivable_turnover_ratio": null,
            "reinvestment_rate": null,
            "research_to_sale_ratio": null,
            "price_fair": 75.6,
            "eps_avg_yearly": 2.16,
            "eps_latest_yearly": 2.8,
            "eps_growth_yearly": 228.1
        },
        "20032": {
            "year_quarter": 20032,
            "year": 2003,
            "quarter": 2,
            "eps": 0.81,
            "eps_growth_year": 478.57,
            "eps_4q": 2.4,
            "eps_4q_growth_year": 55.55,
            "roe": 5.51,
            "roe_4q": 19.35,
            "gross_profit": 111459,
            "gross_margin": 16.21,
            "gross_margin_4q_avg": 16.36,
            "net_income": 39072,
            "net_income_4q": null,
            "revenue": 687475,
            "revenue_4q": null,
            "common_shares": 463437,
            "book_valuer_per_share": 16.62,
            "book_valuer_per_share_4q_avg": 14.92,
            "equity": 770436,
            "current_ratio": 226.56,
            "debt_ratio": 41.99,
            "inventory_turnover_ratio": 2.35,
            "account_receivable_turnover_ratio": null,
            "reinvestment_rate": null,
            "research_to_sale_ratio": null,
            "price_fair": 81.9,
            "eps_avg_yearly": 2.34,
            "eps_latest_yearly": 3.24,
            "eps_growth_yearly": 200.56
        },
        "20033": {
            "year_quarter": 20033,
            "year": 2003,
            "quarter": 3,
            "eps": 0.49,
            "eps_growth_year": 113.04,
            "eps_4q": 2.63,
            "eps_4q_growth_year": 74.18,
            "roe": 3.05,
            "roe_4q": 20.64,
            "gross_profit": 91838,
            "gross_margin": 14.71,
            "gross_margin_4q_avg": 16.15,
            "net_income": 24477,
            "net_income_4q": null,
            "revenue": 624207,
            "revenue_4q": null,
            "common_shares": 557784,
            "book_valuer_per_share": 14.96,
            "book_valuer_per_share_4q_avg": 15.35,
            "equity": 834533,
            "current_ratio": 166.71,
            "debt_ratio": 40.98,
            "inventory_turnover_ratio": 2.03,
            "account_receivable_turnover_ratio": null,
            "reinvestment_rate": null,
            "research_to_sale_ratio": null,
            "price_fair": 80,
            "eps_avg_yearly": 2.29,
            "eps_latest_yearly": 1.96,
            "eps_growth_yearly": 149.33
        },
        "20034": {
            "year_quarter": 20034,
            "year": 2003,
            "quarter": 4,
            "eps": 1.08,
            "eps_growth_year": 3.85,
            "eps_4q": 2.84,
            "eps_4q_growth_year": 47.31,
            "roe": 6.42,
            "roe_4q": 19.58,
            "gross_profit": 136398,
            "gross_margin": 17.3,
            "gross_margin_4q_avg": 16.1,
            "net_income": 56118,
            "net_income_4q": null,
            "revenue": 788359,
            "revenue_4q": null,
            "common_shares": 570980,
            "book_valuer_per_share": 16.01,
            "book_valuer_per_share_4q_avg": 15.76,
            "equity": 914203,
            "current_ratio": 157.99,
            "debt_ratio": 45.37,
            "inventory_turnover_ratio": 2,
            "account_receivable_turnover_ratio": null,
            "reinvestment_rate": null,
            "research_to_sale_ratio": null,
            "price_fair": 88.9,
            "eps_avg_yearly": 2.54,
            "eps_latest_yearly": 4.32,
            "eps_growth_yearly": 190.87
        },
        "20041": {
            "year_quarter": 20041,
            "year": 2004,
            "quarter": 1,
            "eps": 0.81,
            "eps_growth_year": 15.71,
            "eps_4q": 2.8,
            "eps_4q_growth_year": 36.25,
            "roe": 4.95,
            "roe_4q": 19.93,
            "gross_profit": 122295,
            "gross_margin": 17.37,
            "gross_margin_4q_avg": 16.4,
            "net_income": 48750,
            "net_income_4q": null,
            "revenue": 704099,
            "revenue_4q": null,
            "common_shares": 622341,
            "book_valuer_per_share": 16.94,
            "book_valuer_per_share_4q_avg": 16.13,
            "equity": 1054343,
            "current_ratio": 255.57,
            "debt_ratio": 49.37,
            "inventory_turnover_ratio": 1.51,
            "account_receivable_turnover_ratio": null,
            "reinvestment_rate": null,
            "research_to_sale_ratio": null,
            "price_fair": 91.62,
            "eps_avg_yearly": 2.62,
            "eps_latest_yearly": 3.24,
            "eps_growth_yearly": 158.55
        },
        "20042": {
            "year_quarter": 20042,
            "year": 2004,
            "quarter": 2,
            "eps": 0.41,
            "eps_growth_year": -49.38,
            "eps_4q": 2.41,
            "eps_4q_growth_year": 0.39,
            "roe": 2.6,
            "roe_4q": 17.02,
            "gross_profit": 91067,
            "gross_margin": 10.83,
            "gross_margin_4q_avg": 15.05,
            "net_income": 26466,
            "net_income_4q": null,
            "revenue": 841137,
            "revenue_4q": null,
            "common_shares": 622341,
            "book_valuer_per_share": 15.83,
            "book_valuer_per_share_4q_avg": 15.94,
            "equity": 985154,
            "current_ratio": 237.22,
            "debt_ratio": 51.21,
            "inventory_turnover_ratio": 1.65,
            "account_receivable_turnover_ratio": null,
            "reinvestment_rate": null,
            "research_to_sale_ratio": null,
            "price_fair": 88.2,
            "eps_avg_yearly": 2.52,
            "eps_latest_yearly": 1.64,
            "eps_growth_yearly": 122.94
        },
        "20043": {
            "year_quarter": 20043,
            "year": 2004,
            "quarter": 3,
            "eps": 0.29,
            "eps_growth_year": -40.82,
            "eps_4q": 2.32,
            "eps_4q_growth_year": -11.76,
            "roe": 1.88,
            "roe_4q": 15.85,
            "gross_profit": 85719,
            "gross_margin": 8.62,
            "gross_margin_4q_avg": 13.53,
            "net_income": 18728,
            "net_income_4q": null,
            "revenue": 993941,
            "revenue_4q": null,
            "common_shares": 659292,
            "book_valuer_per_share": 15.21,
            "book_valuer_per_share_4q_avg": 16,
            "equity": 1003060,
            "current_ratio": 197.5,
            "debt_ratio": 56.44,
            "inventory_turnover_ratio": 1.74,
            "account_receivable_turnover_ratio": null,
            "reinvestment_rate": null,
            "research_to_sale_ratio": null,
            "price_fair": 83.87,
            "eps_avg_yearly": 2.4,
            "eps_latest_yearly": 1.16,
            "eps_growth_yearly": 101.12
        },
        "20044": {
            "year_quarter": 20044,
            "year": 2004,
            "quarter": 4,
            "eps": 0.82,
            "eps_growth_year": -24.07,
            "eps_4q": 2.26,
            "eps_4q_growth_year": -20.48,
            "roe": 5.28,
            "roe_4q": 14.71,
            "gross_profit": 155502,
            "gross_margin": 13.62,
            "gross_margin_4q_avg": 12.61,
            "net_income": 53577,
            "net_income_4q": null,
            "revenue": 1141296,
            "revenue_4q": null,
            "common_shares": 659292,
            "book_valuer_per_share": 15.54,
            "book_valuer_per_share_4q_avg": 15.88,
            "equity": 1024663,
            "current_ratio": 232.81,
            "debt_ratio": 51.07,
            "inventory_turnover_ratio": 1.96,
            "account_receivable_turnover_ratio": null,
            "reinvestment_rate": 33.99,
            "research_to_sale_ratio": null,
            "price_fair": 86.45,
            "eps_avg_yearly": 2.47,
            "eps_latest_yearly": 3.28,
            "eps_growth_yearly": 153.62
        },
        "20051": {
            "year_quarter": 20051,
            "year": 2005,
            "quarter": 1,
            "eps": 0.34,
            "eps_growth_year": -58.02,
            "eps_4q": 1.89,
            "eps_4q_growth_year": -32.38,
            "roe": 2.07,
            "roe_4q": 11.83,
            "gross_profit": 93554,
            "gross_margin": 9.45,
            "gross_margin_4q_avg": 10.63,
            "net_income": 21636,
            "net_income_4q": null,
            "revenue": 989564,
            "revenue_4q": null,
            "common_shares": 660000,
            "book_valuer_per_share": 16.12,
            "book_valuer_per_share_4q_avg": 15.68,
            "equity": 1063795,
            "current_ratio": 146.19,
            "debt_ratio": 52.1,
            "inventory_turnover_ratio": 1.71,
            "account_receivable_turnover_ratio": null,
            "reinvestment_rate": 30.04,
            "research_to_sale_ratio": null,
            "price_fair": 83.46,
            "eps_avg_yearly": 2.38,
            "eps_latest_yearly": 1.36,
            "eps_growth_yearly": 123.79
        },
        "20052": {
            "year_quarter": 20052,
            "year": 2005,
            "quarter": 2,
            "eps": 0.33,
            "eps_growth_year": -19.51,
            "eps_4q": 1.76,
            "eps_4q_growth_year": -27.09,
            "roe": 2.05,
            "roe_4q": 11.279999999999998,
            "gross_profit": 108410,
            "gross_margin": 10.25,
            "gross_margin_4q_avg": 10.49,
            "net_income": 21682,
            "net_income_4q": null,
            "revenue": 1057668,
            "revenue_4q": null,
            "common_shares": 670563,
            "book_valuer_per_share": 15.61,
            "book_valuer_per_share_4q_avg": 15.62,
            "equity": 1046981,
            "current_ratio": 128.4,
            "debt_ratio": 52.68,
            "inventory_turnover_ratio": 1.42,
            "account_receivable_turnover_ratio": null,
            "reinvestment_rate": 27.97,
            "research_to_sale_ratio": null,
            "price_fair": 80.8,
            "eps_avg_yearly": 2.31,
            "eps_latest_yearly": 1.32,
            "eps_growth_yearly": 114.11
        },
        "20053": {
            "year_quarter": 20053,
            "year": 2005,
            "quarter": 3,
            "eps": 0.22,
            "eps_growth_year": -24.14,
            "eps_4q": 1.55,
            "eps_4q_growth_year": -33.4,
            "roe": 1.52,
            "roe_4q": 10.92,
            "gross_profit": 64396,
            "gross_margin": 6.25,
            "gross_margin_4q_avg": 9.89,
            "net_income": 16058,
            "net_income_4q": null,
            "revenue": 1030966,
            "revenue_4q": null,
            "common_shares": 753300,
            "book_valuer_per_share": 14.24,
            "book_valuer_per_share_4q_avg": 15.38,
            "equity": 1072627,
            "current_ratio": 124.07,
            "debt_ratio": 55.04,
            "inventory_turnover_ratio": 1.53,
            "account_receivable_turnover_ratio": null,
            "reinvestment_rate": 25.05,
            "research_to_sale_ratio": null,
            "price_fair": 77.47,
            "eps_avg_yearly": 2.21,
            "eps_latest_yearly": 0.88,
            "eps_growth_yearly": 97.61
        },
        "20054": {
            "year_quarter": 20054,
            "year": 2005,
            "quarter": 4,
            "eps": 0.7,
            "eps_growth_year": -14.63,
            "eps_4q": 1.51,
            "eps_4q_growth_year": -33.09,
            "roe": 4.58,
            "roe_4q": 10.219999999999999,
            "gross_profit": 146012,
            "gross_margin": 12.31,
            "gross_margin_4q_avg": 9.57,
            "net_income": 51273,
            "net_income_4q": null,
            "revenue": 1186325,
            "revenue_4q": null,
            "common_shares": 753300,
            "book_valuer_per_share": 14.97,
            "book_valuer_per_share_4q_avg": 15.24,
            "equity": 1167183,
            "current_ratio": 143.19,
            "debt_ratio": 53.18,
            "inventory_turnover_ratio": 1.82,
            "account_receivable_turnover_ratio": null,
            "reinvestment_rate": 63.88,
            "research_to_sale_ratio": null,
            "price_fair": 78.75,
            "eps_avg_yearly": 2.25,
            "eps_latest_yearly": 2.8,
            "eps_growth_yearly": 146.06
        },
        "20061": {
            "year_quarter": 20061,
            "year": 2006,
            "quarter": 1,
            "eps": -0.54,
            "eps_growth_year": -258.82,
            "eps_4q": 0.66,
            "eps_4q_growth_year": -65.13,
            "roe": -3.55,
            "roe_4q": 4.6,
            "gross_profit": 48162,
            "gross_margin": 7.83,
            "gross_margin_4q_avg": 9.16,
            "net_income": -40061,
            "net_income_4q": null,
            "revenue": 615353,
            "revenue_4q": null,
            "common_shares": 753300,
            "book_valuer_per_share": 14.43,
            "book_valuer_per_share_4q_avg": 14.81,
            "equity": 1086793,
            "current_ratio": 219.11,
            "debt_ratio": 47.69,
            "inventory_turnover_ratio": 0.96,
            "account_receivable_turnover_ratio": null,
            "reinvestment_rate": 23.76,
            "research_to_sale_ratio": null,
            "price_fair": 78.49,
            "eps_avg_yearly": 2.24,
            "eps_latest_yearly": 2.8,
            "eps_growth_yearly": 161.76
        },
        "20062": {
            "year_quarter": 20062,
            "year": 2006,
            "quarter": 2,
            "eps": -0.17,
            "eps_growth_year": -151.52,
            "eps_4q": 0.2,
            "eps_4q_growth_year": -88.78,
            "roe": -1.17,
            "roe_4q": 1.3800000000000003,
            "gross_profit": 70531,
            "gross_margin": 12.12,
            "gross_margin_4q_avg": 9.63,
            "net_income": -12390,
            "net_income_4q": null,
            "revenue": 581942,
            "revenue_4q": null,
            "common_shares": 753300,
            "book_valuer_per_share": 13.64,
            "book_valuer_per_share_4q_avg": 14.32,
            "equity": 1027623,
            "current_ratio": 206.1,
            "debt_ratio": 48.22,
            "inventory_turnover_ratio": 1.03,
            "account_receivable_turnover_ratio": null,
            "reinvestment_rate": 22.85,
            "research_to_sale_ratio": null,
            "price_fair": 82.7,
            "eps_avg_yearly": 2.36,
            "eps_latest_yearly": 2.8,
            "eps_growth_yearly": 195.1
        },
        "20063": {
            "year_quarter": 20063,
            "year": 2006,
            "quarter": 3,
            "eps": -0.38,
            "eps_growth_year": -272.73,
            "eps_4q": -0.39,
            "eps_4q_growth_year": -125.05,
            "roe": -2.74,
            "roe_4q": -2.88,
            "gross_profit": 35985,
            "gross_margin": 9.54,
            "gross_margin_4q_avg": 10.45,
            "net_income": -28023,
            "net_income_4q": null,
            "revenue": 377369,
            "revenue_4q": null,
            "common_shares": 753300,
            "book_valuer_per_share": 13.47,
            "book_valuer_per_share_4q_avg": 14.13,
            "equity": 1014669,
            "current_ratio": 219.67,
            "debt_ratio": 45.56,
            "inventory_turnover_ratio": 0.81,
            "account_receivable_turnover_ratio": null,
            "reinvestment_rate": 16.23,
            "research_to_sale_ratio": null,
            "price_fair": 86.58,
            "eps_avg_yearly": 2.47,
            "eps_latest_yearly": 2.8,
            "eps_growth_yearly": 190.33
        },
        "20064": {
            "year_quarter": 20064,
            "year": 2006,
            "quarter": 4,
            "eps": -1.22,
            "eps_growth_year": -274.29,
            "eps_4q": -2.28,
            "eps_4q_growth_year": -250.9,
            "roe": -9.4,
            "roe_4q": -16.86,
            "gross_profit": 31296,
            "gross_margin": 5.72,
            "gross_margin_4q_avg": 8.8,
            "net_income": -92943,
            "net_income_4q": null,
            "revenue": 547271,
            "revenue_4q": null,
            "common_shares": 779053,
            "book_valuer_per_share": 11.82,
            "book_valuer_per_share_4q_avg": 13.34,
            "equity": 962164,
            "current_ratio": 137.43,
            "debt_ratio": 58.51,
            "inventory_turnover_ratio": 1.32,
            "account_receivable_turnover_ratio": null,
            "reinvestment_rate": 224.08,
            "research_to_sale_ratio": null,
            "price_fair": 81.67,
            "eps_avg_yearly": 2.33,
            "eps_latest_yearly": 2.8,
            "eps_growth_yearly": 88.8
        },
        "20071": {
            "year_quarter": 20071,
            "year": 2007,
            "quarter": 1,
            "eps": -0.26,
            "eps_growth_year": null,
            "eps_4q": -2.01,
            "eps_4q_growth_year": -404.48,
            "roe": -2.12,
            "roe_4q": -15.43,
            "gross_profit": 47148,
            "gross_margin": 12.1,
            "gross_margin_4q_avg": 9.87,
            "net_income": -19823,
            "net_income_4q": null,
            "revenue": 389662,
            "revenue_4q": null,
            "common_shares": 779053,
            "book_valuer_per_share": 11.61,
            "book_valuer_per_share_4q_avg": 12.64,
            "equity": 904408,
            "current_ratio": 160.78,
            "debt_ratio": 44.73,
            "inventory_turnover_ratio": 0.94,
            "account_receivable_turnover_ratio": null,
            "reinvestment_rate": 4.59,
            "research_to_sale_ratio": null,
            "price_fair": 80.18,
            "eps_avg_yearly": 2.29,
            "eps_latest_yearly": 2.8,
            "eps_growth_yearly": 108.76
        },
        "20072": {
            "year_quarter": 20072,
            "year": 2007,
            "quarter": 2,
            "eps": -0.29,
            "eps_growth_year": null,
            "eps_4q": -2.09,
            "eps_4q_growth_year": -1156.59,
            "roe": -2.45,
            "roe_4q": -16.71,
            "gross_profit": 39611,
            "gross_margin": 10.33,
            "gross_margin_4q_avg": 9.42,
            "net_income": -21806,
            "net_income_4q": null,
            "revenue": 383319,
            "revenue_4q": null,
            "common_shares": 779053,
            "book_valuer_per_share": 11.29,
            "book_valuer_per_share_4q_avg": 12.05,
            "equity": 879214,
            "current_ratio": 163.65,
            "debt_ratio": 44.63,
            "inventory_turnover_ratio": 1.09,
            "account_receivable_turnover_ratio": null,
            "reinvestment_rate": -24.78,
            "research_to_sale_ratio": null,
            "price_fair": 76.86,
            "eps_avg_yearly": 2.2,
            "eps_latest_yearly": 2.8,
            "eps_growth_yearly": 113.35
        },
        "20073": {
            "year_quarter": 20073,
            "year": 2007,
            "quarter": 3,
            "eps": -0.63,
            "eps_growth_year": null,
            "eps_4q": -2.34,
            "eps_4q_growth_year": null,
            "roe": -5.63,
            "roe_4q": -19.6,
            "gross_profit": 37726,
            "gross_margin": 13.24,
            "gross_margin_4q_avg": 10.35,
            "net_income": -47900,
            "net_income_4q": null,
            "revenue": 285026,
            "revenue_4q": null,
            "common_shares": 779053,
            "book_valuer_per_share": 10.57,
            "book_valuer_per_share_4q_avg": 11.32,
            "equity": 823172,
            "current_ratio": 161.66,
            "debt_ratio": 45.88,
            "inventory_turnover_ratio": 0.87,
            "account_receivable_turnover_ratio": null,
            "reinvestment_rate": -152.11,
            "research_to_sale_ratio": null,
            "price_fair": 77.78,
            "eps_avg_yearly": 2.22,
            "eps_latest_yearly": 2.8,
            "eps_growth_yearly": 143.51
        },
        "20074": {
            "year_quarter": 20074,
            "year": 2007,
            "quarter": 4,
            "eps": -0.52,
            "eps_growth_year": null,
            "eps_4q": -1.28,
            "eps_4q_growth_year": null,
            "roe": -4.65,
            "roe_4q": -14.850000000000001,
            "gross_profit": 37773,
            "gross_margin": 11.18,
            "gross_margin_4q_avg": 11.71,
            "net_income": -39652,
            "net_income_4q": null,
            "revenue": 337823,
            "revenue_4q": null,
            "common_shares": 893343,
            "book_valuer_per_share": 9.83,
            "book_valuer_per_share_4q_avg": 10.83,
            "equity": 883232,
            "current_ratio": 125.55,
            "debt_ratio": 57.01,
            "inventory_turnover_ratio": 0.97,
            "account_receivable_turnover_ratio": null,
            "reinvestment_rate": null,
            "research_to_sale_ratio": null,
            "price_fair": 68.6,
            "eps_avg_yearly": 1.96,
            "eps_latest_yearly": 2.8,
            "eps_growth_yearly": 101.24
        },
        "20081": {
            "year_quarter": 20081,
            "year": 2008,
            "quarter": 1,
            "eps": -0.48,
            "eps_growth_year": null,
            "eps_4q": -1.74,
            "eps_4q_growth_year": null,
            "roe": -4.86,
            "roe_4q": -17.59,
            "gross_profit": 33968,
            "gross_margin": 10.73,
            "gross_margin_4q_avg": 11.37,
            "net_income": -41746,
            "net_income_4q": null,
            "revenue": 316716,
            "revenue_4q": null,
            "common_shares": 875863,
            "book_valuer_per_share": 9.54,
            "book_valuer_per_share_4q_avg": 10.31,
            "equity": 836278,
            "current_ratio": 125.39,
            "debt_ratio": 53.08,
            "inventory_turnover_ratio": 0.94,
            "account_receivable_turnover_ratio": null,
            "reinvestment_rate": null,
            "research_to_sale_ratio": null,
            "price_fair": 62.2,
            "eps_avg_yearly": 1.78,
            "eps_latest_yearly": 2.8,
            "eps_growth_yearly": 129.99
        },
        "20082": {
            "year_quarter": 20082,
            "year": 2008,
            "quarter": 2,
            "eps": -0.57,
            "eps_growth_year": null,
            "eps_4q": -2.04,
            "eps_4q_growth_year": null,
            "roe": -6.19,
            "roe_4q": -21.330000000000002,
            "gross_profit": 4323,
            "gross_margin": 1.33,
            "gross_margin_4q_avg": 9.12,
            "net_income": -50262,
            "net_income_4q": null,
            "revenue": 324032,
            "revenue_4q": null,
            "common_shares": 875863,
            "book_valuer_per_share": 8.98,
            "book_valuer_per_share_4q_avg": 9.73,
            "equity": 786937,
            "current_ratio": 124.75,
            "debt_ratio": 51.99,
            "inventory_turnover_ratio": 1.38,
            "account_receivable_turnover_ratio": null,
            "reinvestment_rate": null,
            "research_to_sale_ratio": null,
            "price_fair": 63,
            "eps_avg_yearly": 1.8,
            "eps_latest_yearly": 2.8,
            "eps_growth_yearly": 184.57
        },
        "20083": {
            "year_quarter": 20083,
            "year": 2008,
            "quarter": 3,
            "eps": -0.77,
            "eps_growth_year": null,
            "eps_4q": -2.26,
            "eps_4q_growth_year": null,
            "roe": -8.93,
            "roe_4q": -24.630000000000003,
            "gross_profit": 15924,
            "gross_margin": 6.27,
            "gross_margin_4q_avg": 7.38,
            "net_income": -67924,
            "net_income_4q": null,
            "revenue": 254013,
            "revenue_4q": null,
            "common_shares": 875863,
            "book_valuer_per_share": 8.39,
            "book_valuer_per_share_4q_avg": 9.19,
            "equity": 734798,
            "current_ratio": 88,
            "debt_ratio": 52.76,
            "inventory_turnover_ratio": 1.24,
            "account_receivable_turnover_ratio": null,
            "reinvestment_rate": null,
            "research_to_sale_ratio": null,
            "price_fair": 67.48,
            "eps_avg_yearly": 1.93,
            "eps_latest_yearly": 2.8,
            "eps_growth_yearly": 244.9
        },
        "20084": {
            "year_quarter": 20084,
            "year": 2008,
            "quarter": 4,
            "eps": -0.68,
            "eps_growth_year": null,
            "eps_4q": -2.46,
            "eps_4q_growth_year": null,
            "roe": -8.57,
            "roe_4q": -28.55,
            "gross_profit": -43198,
            "gross_margin": -14.91,
            "gross_margin_4q_avg": 0.86,
            "net_income": -60541,
            "net_income_4q": null,
            "revenue": 289720,
            "revenue_4q": null,
            "common_shares": 875863,
            "book_valuer_per_share": 7.74,
            "book_valuer_per_share_4q_avg": 8.66,
            "equity": 677838,
            "current_ratio": 77.48,
            "debt_ratio": 53.44,
            "inventory_turnover_ratio": 1.97,
            "account_receivable_turnover_ratio": null,
            "reinvestment_rate": null,
            "research_to_sale_ratio": null,
            "price_fair": 55.65,
            "eps_avg_yearly": 1.59,
            "eps_latest_yearly": 2.8,
            "eps_growth_yearly": 123.37
        },
        "20091": {
            "year_quarter": 20091,
            "year": 2009,
            "quarter": 1,
            "eps": -0.88,
            "eps_growth_year": null,
            "eps_4q": -2.87,
            "eps_4q_growth_year": null,
            "roe": -11.83,
            "roe_4q": -35.519999999999996,
            "gross_profit": -32824,
            "gross_margin": -19.95,
            "gross_margin_4q_avg": -6.82,
            "net_income": -75957,
            "net_income_4q": null,
            "revenue": 164540,
            "revenue_4q": null,
            "common_shares": 875863,
            "book_valuer_per_share": 6.93,
            "book_valuer_per_share_4q_avg": 8.01,
            "equity": 606777,
            "current_ratio": 79.08,
            "debt_ratio": 55.49,
            "inventory_turnover_ratio": 1.6,
            "account_receivable_turnover_ratio": null,
            "reinvestment_rate": null,
            "research_to_sale_ratio": null,
            "price_fair": 58.33,
            "eps_avg_yearly": 1.67,
            "eps_latest_yearly": 2.8,
            "eps_growth_yearly": 242.54
        },
        "20092": {
            "year_quarter": 20092,
            "year": 2009,
            "quarter": 2,
            "eps": -0.83,
            "eps_growth_year": null,
            "eps_4q": -3.12,
            "eps_4q_growth_year": null,
            "roe": -12.55,
            "roe_4q": -41.88,
            "gross_profit": -10091,
            "gross_margin": -6.69,
            "gross_margin_4q_avg": -8.82,
            "net_income": -71476,
            "net_income_4q": null,
            "revenue": 150774,
            "revenue_4q": null,
            "common_shares": 875863,
            "book_valuer_per_share": 6.08,
            "book_valuer_per_share_4q_avg": 7.29,
            "equity": 532455,
            "current_ratio": 72.3,
            "debt_ratio": 59.28,
            "inventory_turnover_ratio": 1.62,
            "account_receivable_turnover_ratio": 2.93,
            "reinvestment_rate": null,
            "research_to_sale_ratio": null,
            "price_fair": 64.4,
            "eps_avg_yearly": 1.84,
            "eps_latest_yearly": 2.8,
            "eps_growth_yearly": 369.7
        },
        "20093": {
            "year_quarter": 20093,
            "year": 2009,
            "quarter": 3,
            "eps": -0.97,
            "eps_growth_year": null,
            "eps_4q": -3.31,
            "eps_4q_growth_year": null,
            "roe": -17.08,
            "roe_4q": -50.03,
            "gross_profit": -28885,
            "gross_margin": -21.82,
            "gross_margin_4q_avg": -15.84,
            "net_income": -83644,
            "net_income_4q": null,
            "revenue": 132394,
            "revenue_4q": null,
            "common_shares": 875863,
            "book_valuer_per_share": 5.1,
            "book_valuer_per_share_4q_avg": 6.46,
            "equity": 446910,
            "current_ratio": 65.75,
            "debt_ratio": 63.48,
            "inventory_turnover_ratio": 1.59,
            "account_receivable_turnover_ratio": 1.28,
            "reinvestment_rate": null,
            "research_to_sale_ratio": null,
            "price_fair": 98,
            "eps_avg_yearly": 2.8,
            "eps_latest_yearly": 2.8,
            "eps_growth_yearly": 872.73
        },
        "20094": {
            "year_quarter": 20094,
            "year": 2009,
            "quarter": 4,
            "eps": -0.16,
            "eps_growth_year": null,
            "eps_4q": -2.83,
            "eps_4q_growth_year": null,
            "roe": -3.21,
            "roe_4q": -44.67,
            "gross_profit": 19569,
            "gross_margin": 11.85,
            "gross_margin_4q_avg": -9.15,
            "net_income": -14273,
            "net_income_4q": null,
            "revenue": 165086,
            "revenue_4q": null,
            "common_shares": 875863,
            "book_valuer_per_share": 5.06,
            "book_valuer_per_share_4q_avg": 5.79,
            "equity": 443075,
            "current_ratio": 97.97,
            "debt_ratio": 65.56,
            "inventory_turnover_ratio": 1.46,
            "account_receivable_turnover_ratio": 1.75,
            "reinvestment_rate": null,
            "research_to_sale_ratio": null,
            "price_fair": 0,
            "eps_avg_yearly": 0,
            "eps_latest_yearly": 0,
            "eps_growth_yearly": 0
        },
        "20101": {
            "year_quarter": 20101,
            "year": 2010,
            "quarter": 1,
            "eps": null,
            "eps_growth_year": null,
            "eps_4q": null,
            "eps_4q_growth_year": null,
            "roe": null,
            "roe_4q": -32.84,
            "gross_profit": 44788,
            "gross_margin": null,
            "gross_margin_4q_avg": -4.17,
            "net_income": 81343,
            "net_income_4q": null,
            "revenue": 206734,
            "revenue_4q": null,
            "common_shares": 875863,
            "book_valuer_per_share": 5.98,
            "book_valuer_per_share_4q_avg": 5.56,
            "equity": 523423,
            "current_ratio": 111.39,
            "debt_ratio": 52.33,
            "inventory_turnover_ratio": null,
            "account_receivable_turnover_ratio": null,
            "reinvestment_rate": null,
            "research_to_sale_ratio": null,
            "price_fair": 0,
            "eps_avg_yearly": 0,
            "eps_latest_yearly": 0,
            "eps_growth_yearly": 0
        },
        "20102": {
            "year_quarter": 20102,
            "year": 2010,
            "quarter": 2,
            "eps": -0.43,
            "eps_growth_year": null,
            "eps_4q": -1.56,
            "eps_4q_growth_year": null,
            "roe": -7.43,
            "roe_4q": -27.72,
            "gross_profit": -6760,
            "gross_margin": -4.92,
            "gross_margin_4q_avg": -3.72,
            "net_income": -37568,
            "net_income_4q": null,
            "revenue": 137461,
            "revenue_4q": null,
            "common_shares": 875863,
            "book_valuer_per_share": 5.63,
            "book_valuer_per_share_4q_avg": 5.44,
            "equity": 487949,
            "current_ratio": 103.11,
            "debt_ratio": 49.99,
            "inventory_turnover_ratio": 1.67,
            "account_receivable_turnover_ratio": 5.81,
            "reinvestment_rate": null,
            "research_to_sale_ratio": null,
            "price_fair": 0,
            "eps_avg_yearly": 0,
            "eps_latest_yearly": 0,
            "eps_growth_yearly": 0
        },
        "20103": {
            "year_quarter": 20103,
            "year": 2010,
            "quarter": 3,
            "eps": -0.41,
            "eps_growth_year": null,
            "eps_4q": -1.01,
            "eps_4q_growth_year": null,
            "roe": -7.65,
            "roe_4q": -18.29,
            "gross_profit": -7301,
            "gross_margin": -7.5,
            "gross_margin_4q_avg": -0.14,
            "net_income": -35891,
            "net_income_4q": null,
            "revenue": 97309,
            "revenue_4q": null,
            "common_shares": 866333,
            "book_valuer_per_share": 5.2,
            "book_valuer_per_share_4q_avg": 5.47,
            "equity": 450297,
            "current_ratio": 93.56,
            "debt_ratio": 51.37,
            "inventory_turnover_ratio": 1.74,
            "account_receivable_turnover_ratio": 1.59,
            "reinvestment_rate": null,
            "research_to_sale_ratio": 8.44,
            "price_fair": 0,
            "eps_avg_yearly": 0,
            "eps_latest_yearly": 0,
            "eps_growth_yearly": 0
        },
        "20104": {
            "year_quarter": 20104,
            "year": 2010,
            "quarter": 4,
            "eps": -0.76,
            "eps_growth_year": null,
            "eps_4q": -1.61,
            "eps_4q_growth_year": null,
            "roe": -15.99,
            "roe_4q": -31.07,
            "gross_profit": 7109,
            "gross_margin": 10.64,
            "gross_margin_4q_avg": -0.45,
            "net_income": -66199,
            "net_income_4q": null,
            "revenue": 66817,
            "revenue_4q": null,
            "common_shares": 866333,
            "book_valuer_per_share": 4.36,
            "book_valuer_per_share_4q_avg": 5.29,
            "equity": 377514,
            "current_ratio": 74.3,
            "debt_ratio": 60.2,
            "inventory_turnover_ratio": 0.6,
            "account_receivable_turnover_ratio": 1.46,
            "reinvestment_rate": null,
            "research_to_sale_ratio": 7.88,
            "price_fair": 0,
            "eps_avg_yearly": 0,
            "eps_latest_yearly": 0,
            "eps_growth_yearly": 0
        },
        "20111": {
            "year_quarter": 20111,
            "year": 2011,
            "quarter": 1,
            "eps": 0.01,
            "eps_growth_year": null,
            "eps_4q": -1.61,
            "eps_4q_growth_year": null,
            "roe": 0.13,
            "roe_4q": -30.939999999999998,
            "gross_profit": 16783,
            "gross_margin": 2.94,
            "gross_margin_4q_avg": 0.29,
            "net_income": 508,
            "net_income_4q": null,
            "revenue": 570795,
            "revenue_4q": null,
            "common_shares": 866333,
            "book_valuer_per_share": 4.39,
            "book_valuer_per_share_4q_avg": 4.9,
            "equity": 380714,
            "current_ratio": 81.24,
            "debt_ratio": 67.12,
            "inventory_turnover_ratio": 5.41,
            "account_receivable_turnover_ratio": 2.89,
            "reinvestment_rate": null,
            "research_to_sale_ratio": 0.76,
            "price_fair": 0,
            "eps_avg_yearly": 0,
            "eps_latest_yearly": 0,
            "eps_growth_yearly": 0
        },
        "20112": {
            "year_quarter": 20112,
            "year": 2011,
            "quarter": 2,
            "eps": -0.26,
            "eps_growth_year": null,
            "eps_4q": -1.44,
            "eps_4q_growth_year": null,
            "roe": -6.37,
            "roe_4q": -29.880000000000003,
            "gross_profit": -12967,
            "gross_margin": 3.31,
            "gross_margin_4q_avg": 2.35,
            "net_income": -22908,
            "net_income_4q": null,
            "revenue": -392281,
            "revenue_4q": null,
            "common_shares": 866333,
            "book_valuer_per_share": 3.91,
            "book_valuer_per_share_4q_avg": 4.47,
            "equity": 338933,
            "current_ratio": 76.03,
            "debt_ratio": 66.99,
            "inventory_turnover_ratio": -8.22,
            "account_receivable_turnover_ratio": -1.25,
            "reinvestment_rate": null,
            "research_to_sale_ratio": -1.68,
            "price_fair": 0,
            "eps_avg_yearly": 0,
            "eps_latest_yearly": 0,
            "eps_growth_yearly": 0
        },
        "20113": {
            "year_quarter": 20113,
            "year": 2011,
            "quarter": 3,
            "eps": -0.3,
            "eps_growth_year": null,
            "eps_4q": -2.2,
            "eps_4q_growth_year": null,
            "roe": -4.14,
            "roe_4q": -26.369999999999997,
            "gross_profit": -11578,
            "gross_margin": -29.32,
            "gross_margin_4q_avg": -3.11,
            "net_income": -13915,
            "net_income_4q": null,
            "revenue": 39487,
            "revenue_4q": null,
            "common_shares": 466333,
            "book_valuer_per_share": 7.15,
            "book_valuer_per_share_4q_avg": 4.95,
            "equity": 333496,
            "current_ratio": 61.86,
            "debt_ratio": 60.91,
            "inventory_turnover_ratio": 1.67,
            "account_receivable_turnover_ratio": 0.25,
            "reinvestment_rate": null,
            "research_to_sale_ratio": 12.31,
            "price_fair": 0,
            "eps_avg_yearly": 0,
            "eps_latest_yearly": 0,
            "eps_growth_yearly": 0
        },
        "20114": {
            "year_quarter": 20114,
            "year": 2011,
            "quarter": 4,
            "eps": -3.1,
            "eps_growth_year": null,
            "eps_4q": -3.88,
            "eps_4q_growth_year": null,
            "roe": -55.69,
            "roe_4q": -66.07000000000001,
            "gross_profit": 17167,
            "gross_margin": 32.22,
            "gross_margin_4q_avg": 2.29,
            "net_income": -144705,
            "net_income_4q": null,
            "revenue": 53283,
            "revenue_4q": null,
            "common_shares": 466333,
            "book_valuer_per_share": 3.99,
            "book_valuer_per_share_4q_avg": 4.86,
            "equity": 186177,
            "current_ratio": 62.54,
            "debt_ratio": 68.76,
            "inventory_turnover_ratio": 1.82,
            "account_receivable_turnover_ratio": 1.01,
            "reinvestment_rate": null,
            "research_to_sale_ratio": 7.91,
            "price_fair": 0,
            "eps_avg_yearly": 0,
            "eps_latest_yearly": 0,
            "eps_growth_yearly": 0
        },
        "20121": {
            "year_quarter": 20121,
            "year": 2012,
            "quarter": 1,
            "eps": -0.47,
            "eps_growth_year": -4800,
            "eps_4q": -4.4,
            "eps_4q_growth_year": null,
            "roe": -13.48,
            "roe_4q": -79.68,
            "gross_profit": 9561,
            "gross_margin": 18.89,
            "gross_margin_4q_avg": 6.28,
            "net_income": -23464,
            "net_income_4q": null,
            "revenue": 50611,
            "revenue_4q": null,
            "common_shares": 466333,
            "book_valuer_per_share": 3.48,
            "book_valuer_per_share_4q_avg": 4.63,
            "equity": 162076,
            "current_ratio": 57.05,
            "debt_ratio": 71.61,
            "inventory_turnover_ratio": 6.09,
            "account_receivable_turnover_ratio": 1.51,
            "reinvestment_rate": null,
            "research_to_sale_ratio": 5.15,
            "price_fair": 0,
            "eps_avg_yearly": 0,
            "eps_latest_yearly": 0,
            "eps_growth_yearly": 0
        },
        "20122": {
            "year_quarter": 20122,
            "year": 2012,
            "quarter": 2,
            "eps": -1.56,
            "eps_growth_year": null,
            "eps_4q": -5.46,
            "eps_4q_growth_year": null,
            "roe": -69.21,
            "roe_4q": -142.51999999999998,
            "gross_profit": -28695,
            "gross_margin": -90.98,
            "gross_margin_4q_avg": -17.3,
            "net_income": -72608,
            "net_income_4q": null,
            "revenue": 31539,
            "revenue_4q": null,
            "common_shares": 466333,
            "book_valuer_per_share": 1.02,
            "book_valuer_per_share_4q_avg": 3.91,
            "equity": 47746,
            "current_ratio": 52.09,
            "debt_ratio": 89.03,
            "inventory_turnover_ratio": 10.93,
            "account_receivable_turnover_ratio": 0.85,
            "reinvestment_rate": null,
            "research_to_sale_ratio": 7.92,
            "price_fair": 0,
            "eps_avg_yearly": 0,
            "eps_latest_yearly": 0,
            "eps_growth_yearly": 0
        },
        "20123": {
            "year_quarter": 20123,
            "year": 2012,
            "quarter": 3,
            "eps": 0.03,
            "eps_growth_year": null,
            "eps_4q": -5.13,
            "eps_4q_growth_year": null,
            "roe": 3.08,
            "roe_4q": -135.3,
            "gross_profit": 13248,
            "gross_margin": 16.06,
            "gross_margin_4q_avg": -5.95,
            "net_income": 1495,
            "net_income_4q": null,
            "revenue": 82504,
            "revenue_4q": null,
            "common_shares": 466333,
            "book_valuer_per_share": 1.06,
            "book_valuer_per_share_4q_avg": 2.39,
            "equity": 49241,
            "current_ratio": 41.68,
            "debt_ratio": 87.28,
            "inventory_turnover_ratio": 10.46,
            "account_receivable_turnover_ratio": 2.03,
            "reinvestment_rate": null,
            "research_to_sale_ratio": 2.92,
            "price_fair": 0,
            "eps_avg_yearly": 0,
            "eps_latest_yearly": 0,
            "eps_growth_yearly": 0
        },
        "20124": {
            "year_quarter": 20124,
            "year": 2012,
            "quarter": 4,
            "eps": -0.33,
            "eps_growth_year": null,
            "eps_4q": -2.36,
            "eps_4q_growth_year": null,
            "roe": -37.63,
            "roe_4q": -117.24,
            "gross_profit": 8089,
            "gross_margin": 21.56,
            "gross_margin_4q_avg": -8.62,
            "net_income": -15594,
            "net_income_4q": null,
            "revenue": 37519,
            "revenue_4q": null,
            "common_shares": 466333,
            "book_valuer_per_share": 0.72,
            "book_valuer_per_share_4q_avg": 1.57,
            "equity": 33647,
            "current_ratio": 36.23,
            "debt_ratio": 90.57,
            "inventory_turnover_ratio": 10.58,
            "account_receivable_turnover_ratio": 0.94,
            "reinvestment_rate": null,
            "research_to_sale_ratio": 6.8,
            "price_fair": 0,
            "eps_avg_yearly": 0,
            "eps_latest_yearly": 0,
            "eps_growth_yearly": 0
        },
        "20131": {
            "year_quarter": 20131,
            "year": 2013,
            "quarter": 1,
            "eps": 0.12,
            "eps_growth_year": null,
            "eps_4q": -1.73,
            "eps_4q_growth_year": null,
            "roe": 13.6,
            "roe_4q": -90.16,
            "gross_profit": 16325,
            "gross_margin": 21.14,
            "gross_margin_4q_avg": -8.06,
            "net_income": 5811,
            "net_income_4q": null,
            "revenue": 77211,
            "revenue_4q": null,
            "common_shares": 466333,
            "book_valuer_per_share": 1.11,
            "book_valuer_per_share_4q_avg": 0.98,
            "equity": 51786,
            "current_ratio": 34.05,
            "debt_ratio": 84.21,
            "inventory_turnover_ratio": 29.15,
            "account_receivable_turnover_ratio": 1.77,
            "reinvestment_rate": null,
            "research_to_sale_ratio": 3.75,
            "price_fair": 0,
            "eps_avg_yearly": 0,
            "eps_latest_yearly": 0,
            "eps_growth_yearly": 0
        },
        "20132": {
            "year_quarter": 20132,
            "year": 2013,
            "quarter": 2,
            "eps": 0.06,
            "eps_growth_year": null,
            "eps_4q": -0.12,
            "eps_4q_growth_year": null,
            "roe": 5.24,
            "roe_4q": -15.710000000000003,
            "gross_profit": 11381,
            "gross_margin": 16.97,
            "gross_margin_4q_avg": 18.93,
            "net_income": 2787,
            "net_income_4q": null,
            "revenue": 67064,
            "revenue_4q": null,
            "common_shares": 466333,
            "book_valuer_per_share": 1.17,
            "book_valuer_per_share_4q_avg": 1.02,
            "equity": 54573,
            "current_ratio": 55.06,
            "debt_ratio": 81.77,
            "inventory_turnover_ratio": 53.93,
            "account_receivable_turnover_ratio": 1.87,
            "reinvestment_rate": null,
            "research_to_sale_ratio": 2.86,
            "price_fair": 0.72,
            "eps_avg_yearly": 0.24,
            "eps_latest_yearly": 0.24,
            "eps_growth_yearly": -200
        },
        "20133": {
            "year_quarter": 20133,
            "year": 2013,
            "quarter": 3,
            "eps": 0.02,
            "eps_growth_year": -37.62,
            "eps_4q": -0.13,
            "eps_4q_growth_year": null,
            "roe": 1.42,
            "roe_4q": -17.370000000000005,
            "gross_profit": 9118,
            "gross_margin": 13.8,
            "gross_margin_4q_avg": 18.37,
            "net_income": 779,
            "net_income_4q": null,
            "revenue": 66071,
            "revenue_4q": null,
            "common_shares": 466333,
            "book_valuer_per_share": 1.19,
            "book_valuer_per_share_4q_avg": 1.05,
            "equity": 55352,
            "current_ratio": 48.23,
            "debt_ratio": 80.78,
            "inventory_turnover_ratio": 51.17,
            "account_receivable_turnover_ratio": 2.59,
            "reinvestment_rate": null,
            "research_to_sale_ratio": 3.03,
            "price_fair": 0.48,
            "eps_avg_yearly": 0.16,
            "eps_latest_yearly": 0.08,
            "eps_growth_yearly": -233.33
        },
        "20134": {
            "year_quarter": 20134,
            "year": 2013,
            "quarter": 4,
            "eps": -0,
            "eps_growth_year": null,
            "eps_4q": 0.2,
            "eps_4q_growth_year": null,
            "roe": -0.24,
            "roe_4q": 20.02,
            "gross_profit": 5010,
            "gross_margin": 8.05,
            "gross_margin_4q_avg": 14.99,
            "net_income": -134,
            "net_income_4q": null,
            "revenue": 62265,
            "revenue_4q": null,
            "common_shares": 466333,
            "book_valuer_per_share": 1.18,
            "book_valuer_per_share_4q_avg": 1.16,
            "equity": 55218,
            "current_ratio": 49.27,
            "debt_ratio": 81.18,
            "inventory_turnover_ratio": 56.35,
            "account_receivable_turnover_ratio": 2.83,
            "reinvestment_rate": null,
            "research_to_sale_ratio": 3.1,
            "price_fair": 0.48,
            "eps_avg_yearly": 0.16,
            "eps_latest_yearly": 0.08,
            "eps_growth_yearly": -233.33
        },
        "20141": {
            "year_quarter": 20141,
            "year": 2014,
            "quarter": 1,
            "eps": 0.02,
            "eps_growth_year": -83.33,
            "eps_4q": 0.08,
            "eps_4q_growth_year": null,
            "roe": 0.34,
            "roe_4q": 6.76,
            "gross_profit": 3583,
            "gross_margin": 7.77,
            "gross_margin_4q_avg": 11.65,
            "net_income": 506,
            "net_income_4q": null,
            "revenue": 46101,
            "revenue_4q": null,
            "common_shares": 466333,
            "book_valuer_per_share": 5.19,
            "book_valuer_per_share_4q_avg": 2.18,
            "equity": 242237,
            "current_ratio": 86.95,
            "debt_ratio": 51.35,
            "inventory_turnover_ratio": 40.13,
            "account_receivable_turnover_ratio": 2.16,
            "reinvestment_rate": null,
            "research_to_sale_ratio": 3.26,
            "price_fair": 0.48,
            "eps_avg_yearly": 0.16,
            "eps_latest_yearly": 0.08,
            "eps_growth_yearly": -233.33
        },
        "20142": {
            "year_quarter": 20142,
            "year": 2014,
            "quarter": 2,
            "eps": 0.03,
            "eps_growth_year": -50,
            "eps_4q": 0.02,
            "eps_4q_growth_year": null,
            "roe": 0,
            "roe_4q": 1.52,
            "gross_profit": 5545,
            "gross_margin": 7.46,
            "gross_margin_4q_avg": 9.27,
            "net_income": 7,
            "net_income_4q": null,
            "revenue": 74306,
            "revenue_4q": null,
            "common_shares": 466333,
            "book_valuer_per_share": 5.19,
            "book_valuer_per_share_4q_avg": 3.19,
            "equity": 242244,
            "current_ratio": 199.05,
            "debt_ratio": 57.62,
            "inventory_turnover_ratio": 63.08,
            "account_receivable_turnover_ratio": 1.9,
            "reinvestment_rate": null,
            "research_to_sale_ratio": 1.7,
            "price_fair": 0.44,
            "eps_avg_yearly": 0.15,
            "eps_latest_yearly": 0.12,
            "eps_growth_yearly": -88.89
        },
        "20143": {
            "year_quarter": 20143,
            "year": 2014,
            "quarter": 3,
            "eps": 0.02,
            "eps_growth_year": 0,
            "eps_4q": 0.02,
            "eps_4q_growth_year": null,
            "roe": 0.21,
            "roe_4q": 0.31000000000000005,
            "gross_profit": 3448,
            "gross_margin": 4.59,
            "gross_margin_4q_avg": 6.97,
            "net_income": 508,
            "net_income_4q": null,
            "revenue": 75117,
            "revenue_4q": null,
            "common_shares": 466333,
            "book_valuer_per_share": 5.21,
            "book_valuer_per_share_4q_avg": 4.19,
            "equity": 242752,
            "current_ratio": 216.5,
            "debt_ratio": 57.14,
            "inventory_turnover_ratio": 88.53,
            "account_receivable_turnover_ratio": 1.58,
            "reinvestment_rate": null,
            "research_to_sale_ratio": 1.96,
            "price_fair": 0.39,
            "eps_avg_yearly": 0.13,
            "eps_latest_yearly": 0.08,
            "eps_growth_yearly": -100
        },
        "20144": {
            "year_quarter": 20144,
            "year": 2014,
            "quarter": 4,
            "eps": 0.84,
            "eps_growth_year": null,
            "eps_4q": 0.87,
            "eps_4q_growth_year": 336.55,
            "roe": 14.99,
            "roe_4q": 15.540000000000001,
            "gross_profit": 4059,
            "gross_margin": 3.76,
            "gross_margin_4q_avg": 5.9,
            "net_income": 39329,
            "net_income_4q": null,
            "revenue": 107866,
            "revenue_4q": null,
            "common_shares": 466333,
            "book_valuer_per_share": 6.05,
            "book_valuer_per_share_4q_avg": 5.41,
            "equity": 282081,
            "current_ratio": 182.7,
            "debt_ratio": 55.5,
            "inventory_turnover_ratio": 175.94,
            "account_receivable_turnover_ratio": 2.01,
            "reinvestment_rate": null,
            "research_to_sale_ratio": 1.62,
            "price_fair": 27.16,
            "eps_avg_yearly": 0.78,
            "eps_latest_yearly": 3.36,
            "eps_growth_yearly": 3200
        },
        "20151": {
            "year_quarter": 20151,
            "year": 2015,
            "quarter": 1,
            "eps": -0.02,
            "eps_growth_year": -200,
            "eps_4q": 0.82,
            "eps_4q_growth_year": 870.65,
            "roe": -0.58,
            "roe_4q": 14.620000000000001,
            "gross_profit": 3570,
            "gross_margin": 4.86,
            "gross_margin_4q_avg": 5.17,
            "net_income": -1620,
            "net_income_4q": null,
            "revenue": 73434,
            "revenue_4q": null,
            "common_shares": 466333,
            "book_valuer_per_share": 6.01,
            "book_valuer_per_share_4q_avg": 5.62,
            "equity": 280461,
            "current_ratio": 165.06,
            "debt_ratio": 56.35,
            "inventory_turnover_ratio": 81.47,
            "account_receivable_turnover_ratio": 1.25,
            "reinvestment_rate": null,
            "research_to_sale_ratio": 1.83,
            "price_fair": 27.16,
            "eps_avg_yearly": 0.78,
            "eps_latest_yearly": 3.36,
            "eps_growth_yearly": 3200
        },
        "20152": {
            "year_quarter": 20152,
            "year": 2015,
            "quarter": 2,
            "eps": -0.06,
            "eps_growth_year": -300,
            "eps_4q": 0.75,
            "eps_4q_growth_year": 2938.35,
            "roe": -1.09,
            "roe_4q": 13.530000000000001,
            "gross_profit": 3031,
            "gross_margin": 4.56,
            "gross_margin_4q_avg": 4.44,
            "net_income": -3033,
            "net_income_4q": null,
            "revenue": 66499,
            "revenue_4q": null,
            "common_shares": 466333,
            "book_valuer_per_share": 5.95,
            "book_valuer_per_share_4q_avg": 5.81,
            "equity": 277428,
            "current_ratio": 178.59,
            "debt_ratio": 55.8,
            "inventory_turnover_ratio": 56.09,
            "account_receivable_turnover_ratio": 1.48,
            "reinvestment_rate": null,
            "research_to_sale_ratio": 0.94,
            "price_fair": 27.16,
            "eps_avg_yearly": 0.78,
            "eps_latest_yearly": 3.36,
            "eps_growth_yearly": 3200
        },
        "20153": {
            "year_quarter": 20153,
            "year": 2015,
            "quarter": 3,
            "eps": 0.13,
            "eps_growth_year": 550,
            "eps_4q": 0.86,
            "eps_4q_growth_year": 4440.64,
            "roe": 2,
            "roe_4q": 15.32,
            "gross_profit": 2555,
            "gross_margin": 4.64,
            "gross_margin_4q_avg": 4.46,
            "net_income": 5600,
            "net_income_4q": null,
            "revenue": 55054,
            "revenue_4q": null,
            "common_shares": 466333,
            "book_valuer_per_share": 6.07,
            "book_valuer_per_share_4q_avg": 6.02,
            "equity": 283028,
            "current_ratio": 127.65,
            "debt_ratio": 54.47,
            "inventory_turnover_ratio": 43.93,
            "account_receivable_turnover_ratio": 1.68,
            "reinvestment_rate": null,
            "research_to_sale_ratio": 0.65,
            "price_fair": 27.16,
            "eps_avg_yearly": 0.78,
            "eps_latest_yearly": 3.36,
            "eps_growth_yearly": 3200
        },
        "20154": {
            "year_quarter": 20154,
            "year": 2015,
            "quarter": 4,
            "eps": 0.21,
            "eps_growth_year": -75.08,
            "eps_4q": 0.24,
            "eps_4q_growth_year": -72.06,
            "roe": 2.2,
            "roe_4q": 2.5300000000000002,
            "gross_profit": 2832,
            "gross_margin": 3.58,
            "gross_margin_4q_avg": 4.41,
            "net_income": 6306,
            "net_income_4q": null,
            "revenue": 79027,
            "revenue_4q": null,
            "common_shares": 300000,
            "book_valuer_per_share": 9.64,
            "book_valuer_per_share_4q_avg": 6.92,
            "equity": 289334,
            "current_ratio": 114.13,
            "debt_ratio": 53.87,
            "inventory_turnover_ratio": 129.25,
            "account_receivable_turnover_ratio": 2.04,
            "reinvestment_rate": null,
            "research_to_sale_ratio": 0.44,
            "price_fair": 27.53,
            "eps_avg_yearly": 0.79,
            "eps_latest_yearly": 0.84,
            "eps_growth_yearly": 2707.69
        },
        "20161": {
            "year_quarter": 20161,
            "year": 2016,
            "quarter": 1,
            "eps": 0.08,
            "eps_growth_year": null,
            "eps_4q": 0.21,
            "eps_4q_growth_year": -73.99,
            "roe": -0.86,
            "roe_4q": 2.25,
            "gross_profit": 4049,
            "gross_margin": 4.45,
            "gross_margin_4q_avg": 4.31,
            "net_income": -2477,
            "net_income_4q": null,
            "revenue": 91049,
            "revenue_4q": null,
            "common_shares": 300000,
            "book_valuer_per_share": 9.56,
            "book_valuer_per_share_4q_avg": 7.81,
            "equity": 286857,
            "current_ratio": 121.86,
            "debt_ratio": 55.63,
            "inventory_turnover_ratio": 257.78,
            "account_receivable_turnover_ratio": 1.3,
            "reinvestment_rate": null,
            "research_to_sale_ratio": 0.27,
            "price_fair": 25.2,
            "eps_avg_yearly": 0.72,
            "eps_latest_yearly": 0.32,
            "eps_growth_yearly": 2285.5
        },
        "20162": {
            "year_quarter": 20162,
            "year": 2016,
            "quarter": 2,
            "eps": 0,
            "eps_growth_year": null,
            "eps_4q": 0.32,
            "eps_4q_growth_year": -58.07,
            "roe": 0.02,
            "roe_4q": 3.3600000000000003,
            "gross_profit": 3945,
            "gross_margin": 4.43,
            "gross_margin_4q_avg": 4.28,
            "net_income": 62,
            "net_income_4q": null,
            "revenue": 88999,
            "revenue_4q": null,
            "common_shares": 300000,
            "book_valuer_per_share": 9.56,
            "book_valuer_per_share_4q_avg": 8.71,
            "equity": 286919,
            "current_ratio": 365.34,
            "debt_ratio": 52.5,
            "inventory_turnover_ratio": 126.76,
            "account_receivable_turnover_ratio": 1.24,
            "reinvestment_rate": -230.72,
            "research_to_sale_ratio": 0.23,
            "price_fair": 25.2,
            "eps_avg_yearly": 0.72,
            "eps_latest_yearly": 0.32,
            "eps_growth_yearly": 2285.5
        },
        "20163": {
            "year_quarter": 20163,
            "year": 2016,
            "quarter": 3,
            "eps": -0.07,
            "eps_growth_year": -153.85,
            "eps_4q": 0.06,
            "eps_4q_growth_year": -93.49,
            "roe": -0.77,
            "roe_4q": 0.5900000000000003,
            "gross_profit": 2969,
            "gross_margin": 3.28,
            "gross_margin_4q_avg": 3.94,
            "net_income": -2204,
            "net_income_4q": null,
            "revenue": 90410,
            "revenue_4q": null,
            "common_shares": 300000,
            "book_valuer_per_share": 9.49,
            "book_valuer_per_share_4q_avg": 9.56,
            "equity": 284715,
            "current_ratio": 260.9,
            "debt_ratio": 53.88,
            "inventory_turnover_ratio": 136.95,
            "account_receivable_turnover_ratio": 1.41,
            "reinvestment_rate": -253.42,
            "research_to_sale_ratio": 0.27,
            "price_fair": 25.2,
            "eps_avg_yearly": 0.72,
            "eps_latest_yearly": 0.32,
            "eps_growth_yearly": 2285.5
        },
        "20164": {
            "year_quarter": 20164,
            "year": 2016,
            "quarter": 4,
            "eps": 0.46,
            "eps_growth_year": 119.05,
            "eps_4q": 0.31,
            "eps_4q_growth_year": 26.76,
            "roe": 4.74,
            "roe_4q": 3.1300000000000003,
            "gross_profit": 541,
            "gross_margin": 0.78,
            "gross_margin_4q_avg": 3.24,
            "net_income": 13813,
            "net_income_4q": null,
            "revenue": 69661,
            "revenue_4q": null,
            "common_shares": 300000,
            "book_valuer_per_share": 9.95,
            "book_valuer_per_share_4q_avg": 9.64,
            "equity": 298528,
            "current_ratio": 370.6,
            "debt_ratio": 51.77,
            "inventory_turnover_ratio": 226.62,
            "account_receivable_turnover_ratio": 1.23,
            "reinvestment_rate": -135.91,
            "research_to_sale_ratio": 0.36,
            "price_fair": 25.2,
            "eps_avg_yearly": 0.72,
            "eps_latest_yearly": 0.32,
            "eps_growth_yearly": 2285.5
        },
        "20171": {
            "year_quarter": 20171,
            "year": 2017,
            "quarter": 1,
            "eps": -0.2,
            "eps_growth_year": -350,
            "eps_4q": 0.19,
            "eps_4q_growth_year": -12.01,
            "roe": -2.04,
            "roe_4q": 1.9500000000000002,
            "gross_profit": 885,
            "gross_margin": 1.63,
            "gross_margin_4q_avg": 2.53,
            "net_income": -6043,
            "net_income_4q": null,
            "revenue": 54363,
            "revenue_4q": null,
            "common_shares": 300000,
            "book_valuer_per_share": 9.75,
            "book_valuer_per_share_4q_avg": 9.69,
            "equity": 292485,
            "current_ratio": 426.17,
            "debt_ratio": 52.36,
            "inventory_turnover_ratio": null,
            "account_receivable_turnover_ratio": 1.3,
            "reinvestment_rate": -338.19,
            "research_to_sale_ratio": 0.45,
            "price_fair": 25.2,
            "eps_avg_yearly": 0.72,
            "eps_latest_yearly": 0.32,
            "eps_growth_yearly": 2285.5
        },
        "20172": {
            "year_quarter": 20172,
            "year": 2017,
            "quarter": 2,
            "eps": 0,
            "eps_growth_year": null,
            "eps_4q": 0.19,
            "eps_4q_growth_year": -40.69,
            "roe": 0.02,
            "roe_4q": 1.9500000000000002,
            "gross_profit": 608,
            "gross_margin": 1.01,
            "gross_margin_4q_avg": 1.68,
            "net_income": 63,
            "net_income_4q": null,
            "revenue": 60124,
            "revenue_4q": null,
            "common_shares": 300000,
            "book_valuer_per_share": 9.75,
            "book_valuer_per_share_4q_avg": 9.74,
            "equity": 292548,
            "current_ratio": 395.81,
            "debt_ratio": 52.23,
            "inventory_turnover_ratio": null,
            "account_receivable_turnover_ratio": 1.52,
            "reinvestment_rate": -352.48,
            "research_to_sale_ratio": 0.41,
            "price_fair": 28,
            "eps_avg_yearly": 0.8,
            "eps_latest_yearly": 0.32,
            "eps_growth_yearly": 2699.76
        },
        "20173": {
            "year_quarter": 20173,
            "year": 2017,
            "quarter": 3,
            "eps": -0.06,
            "eps_growth_year": null,
            "eps_4q": 0.2,
            "eps_4q_growth_year": 254.72,
            "roe": -0.63,
            "roe_4q": 2.0900000000000003,
            "gross_profit": 894,
            "gross_margin": 1.1,
            "gross_margin_4q_avg": 1.13,
            "net_income": -1849,
            "net_income_4q": null,
            "revenue": 81091,
            "revenue_4q": null,
            "common_shares": 300000,
            "book_valuer_per_share": 9.93,
            "book_valuer_per_share_4q_avg": 9.85,
            "equity": 298012,
            "current_ratio": 291.98,
            "debt_ratio": 52.72,
            "inventory_turnover_ratio": null,
            "account_receivable_turnover_ratio": 1.69,
            "reinvestment_rate": -421.29,
            "research_to_sale_ratio": 0.33,
            "price_fair": 33.04,
            "eps_avg_yearly": 0.94,
            "eps_latest_yearly": 0.32,
            "eps_growth_yearly": 3293.04
        },
        "20174": {
            "year_quarter": 20174,
            "year": 2017,
            "quarter": 4,
            "eps": 0.07,
            "eps_growth_year": -85.22,
            "eps_4q": -0.19,
            "eps_4q_growth_year": -162.94,
            "roe": 0.68,
            "roe_4q": -1.97,
            "gross_profit": 1387,
            "gross_margin": 1.59,
            "gross_margin_4q_avg": 1.33,
            "net_income": 2042,
            "net_income_4q": null,
            "revenue": 87490,
            "revenue_4q": null,
            "common_shares": 300000,
            "book_valuer_per_share": 10,
            "book_valuer_per_share_4q_avg": 9.86,
            "equity": 300055,
            "current_ratio": 285.43,
            "debt_ratio": 52.75,
            "inventory_turnover_ratio": 808.48,
            "account_receivable_turnover_ratio": 1.55,
            "reinvestment_rate": -59.51,
            "research_to_sale_ratio": 0.19,
            "price_fair": 33.04,
            "eps_avg_yearly": 0.94,
            "eps_latest_yearly": 0.32,
            "eps_growth_yearly": 3293.04
        },
        "20181": {
            "year_quarter": 20181,
            "year": 2018,
            "quarter": 1,
            "eps": -0.07,
            "eps_growth_year": null,
            "eps_4q": -0.06,
            "eps_4q_growth_year": -133.23,
            "roe": -0.71,
            "roe_4q": -0.6399999999999999,
            "gross_profit": 1129,
            "gross_margin": 1.34,
            "gross_margin_4q_avg": 1.26,
            "net_income": -2126,
            "net_income_4q": null,
            "revenue": 84410,
            "revenue_4q": null,
            "common_shares": 300000,
            "book_valuer_per_share": 9.93,
            "book_valuer_per_share_4q_avg": 9.9,
            "equity": 297929,
            "current_ratio": 283.98,
            "debt_ratio": 53.35,
            "inventory_turnover_ratio": 471.85,
            "account_receivable_turnover_ratio": 1.46,
            "reinvestment_rate": -61.77,
            "research_to_sale_ratio": 0.21,
            "price_fair": 33.04,
            "eps_avg_yearly": 0.94,
            "eps_latest_yearly": 0.32,
            "eps_growth_yearly": 3293.04
        },
        "20182": {
            "year_quarter": 20182,
            "year": 2018,
            "quarter": 2,
            "eps": 0.21,
            "eps_growth_year": null,
            "eps_4q": 0.15,
            "eps_4q_growth_year": -22.7,
            "roe": 2.09,
            "roe_4q": 1.4300000000000002,
            "gross_profit": 1460,
            "gross_margin": 1.55,
            "gross_margin_4q_avg": 1.4,
            "net_income": 6284,
            "net_income_4q": null,
            "revenue": 94391,
            "revenue_4q": null,
            "common_shares": 300000,
            "book_valuer_per_share": 10.14,
            "book_valuer_per_share_4q_avg": 10,
            "equity": 304213,
            "current_ratio": 297.1,
            "debt_ratio": 52.9,
            "inventory_turnover_ratio": 390.47,
            "account_receivable_turnover_ratio": 1.48,
            "reinvestment_rate": -54.17,
            "research_to_sale_ratio": 0.19,
            "price_fair": 40.25,
            "eps_avg_yearly": 1.15,
            "eps_latest_yearly": 0.32,
            "eps_growth_yearly": 4066.3
        },
        "20183": {
            "year_quarter": 20183,
            "year": 2018,
            "quarter": 3,
            "eps": 0.05,
            "eps_growth_year": null,
            "eps_4q": 0.26,
            "eps_4q_growth_year": 29.46,
            "roe": 0.51,
            "roe_4q": 2.57,
            "gross_profit": 900,
            "gross_margin": 1.04,
            "gross_margin_4q_avg": 1.38,
            "net_income": 1547,
            "net_income_4q": null,
            "revenue": 86936,
            "revenue_4q": null,
            "common_shares": 300000,
            "book_valuer_per_share": 10.19,
            "book_valuer_per_share_4q_avg": 10.07,
            "equity": 305760,
            "current_ratio": 328.98,
            "debt_ratio": 53.52,
            "inventory_turnover_ratio": 237.34,
            "account_receivable_turnover_ratio": 1.36,
            "reinvestment_rate": -54.84,
            "research_to_sale_ratio": 0.2,
            "price_fair": 41.3,
            "eps_avg_yearly": 1.18,
            "eps_latest_yearly": 0.2,
            "eps_growth_yearly": 4023.44
        },
        "20184": {
            "year_quarter": 20184,
            "year": 2018,
            "quarter": 4,
            "eps": 0.11,
            "eps_growth_year": 68.85,
            "eps_4q": 0.31,
            "eps_4q_growth_year": null,
            "roe": 1.12,
            "roe_4q": 3.01,
            "gross_profit": 1837,
            "gross_margin": 1.78,
            "gross_margin_4q_avg": 1.43,
            "net_income": 3448,
            "net_income_4q": null,
            "revenue": 103386,
            "revenue_4q": null,
            "common_shares": 300000,
            "book_valuer_per_share": 10.31,
            "book_valuer_per_share_4q_avg": 10.14,
            "equity": 309208,
            "current_ratio": 305.07,
            "debt_ratio": 53.56,
            "inventory_turnover_ratio": 254.19,
            "account_receivable_turnover_ratio": 1.6,
            "reinvestment_rate": -151.78,
            "research_to_sale_ratio": 0.2,
            "price_fair": 15.75,
            "eps_avg_yearly": 0.45,
            "eps_latest_yearly": 0.44,
            "eps_growth_yearly": 43.44
        },
        "20191": {
            "year_quarter": 20191,
            "year": 2019,
            "quarter": 1,
            "eps": 0.11,
            "eps_growth_year": null,
            "eps_4q": 0.48,
            "eps_4q_growth_year": null,
            "roe": 1.05,
            "roe_4q": 4.77,
            "gross_profit": 2832,
            "gross_margin": 1.92,
            "gross_margin_4q_avg": 1.57,
            "net_income": 3259,
            "net_income_4q": null,
            "revenue": 147276,
            "revenue_4q": null,
            "common_shares": 300000,
            "book_valuer_per_share": 10.42,
            "book_valuer_per_share_4q_avg": 10.27,
            "equity": 312467,
            "current_ratio": 168.82,
            "debt_ratio": 57.36,
            "inventory_turnover_ratio": 391.98,
            "account_receivable_turnover_ratio": 1.66,
            "reinvestment_rate": -119.51,
            "research_to_sale_ratio": 0.15,
            "price_fair": 15.68,
            "eps_avg_yearly": 0.45,
            "eps_latest_yearly": 0.44,
            "eps_growth_yearly": 34.75
        },
        "20192": {
            "year_quarter": 20192,
            "year": 2019,
            "quarter": 2,
            "eps": 0.11,
            "eps_growth_year": -47.62,
            "eps_4q": 0.38,
            "eps_4q_growth_year": 163.32,
            "roe": 1.02,
            "roe_4q": 3.7,
            "gross_profit": 2282,
            "gross_margin": 1.47,
            "gross_margin_4q_avg": 1.55,
            "net_income": 3203,
            "net_income_4q": null,
            "revenue": 155484,
            "revenue_4q": null,
            "common_shares": 300000,
            "book_valuer_per_share": 10.52,
            "book_valuer_per_share_4q_avg": 10.36,
            "equity": 315670,
            "current_ratio": 202.16,
            "debt_ratio": 56.01,
            "inventory_turnover_ratio": 435.85,
            "account_receivable_turnover_ratio": 1.46,
            "reinvestment_rate": -93.9,
            "research_to_sale_ratio": 0.14,
            "price_fair": 15.63,
            "eps_avg_yearly": 0.45,
            "eps_latest_yearly": 0.44,
            "eps_growth_yearly": 28.96
        },
        "20193": {
            "year_quarter": 20193,
            "year": 2019,
            "quarter": 3,
            "eps": 0.08,
            "eps_growth_year": 60,
            "eps_4q": 0.41,
            "eps_4q_growth_year": 58.46,
            "roe": 0.75,
            "roe_4q": 3.9400000000000004,
            "gross_profit": 1649,
            "gross_margin": 1.25,
            "gross_margin_4q_avg": 1.61,
            "net_income": 2366,
            "net_income_4q": null,
            "revenue": 132215,
            "revenue_4q": null,
            "common_shares": 300000,
            "book_valuer_per_share": 10.6,
            "book_valuer_per_share_4q_avg": 10.46,
            "equity": 318035,
            "current_ratio": 235.09,
            "debt_ratio": 54.64,
            "inventory_turnover_ratio": 123.99,
            "account_receivable_turnover_ratio": 1.42,
            "reinvestment_rate": -101.99,
            "research_to_sale_ratio": 0.17,
            "price_fair": 8.25,
            "eps_avg_yearly": 0.43,
            "eps_latest_yearly": 0.32,
            "eps_growth_yearly": 9.24
        },
        "20194": {
            "year_quarter": 20194,
            "year": 2019,
            "quarter": 4,
            "eps": 0.02,
            "eps_growth_year": -80.08,
            "eps_4q": 0.32,
            "eps_4q_growth_year": 3.96,
            "roe": 0.22,
            "roe_4q": 3.04,
            "gross_profit": 1591,
            "gross_margin": 1.52,
            "gross_margin_4q_avg": 1.54,
            "net_income": 687,
            "net_income_4q": null,
            "revenue": 104645,
            "revenue_4q": null,
            "common_shares": 300000,
            "book_valuer_per_share": 10.62,
            "book_valuer_per_share_4q_avg": 10.54,
            "equity": 318722,
            "current_ratio": 303.12,
            "debt_ratio": 52.81,
            "inventory_turnover_ratio": 116.45,
            "account_receivable_turnover_ratio": 1.43,
            "reinvestment_rate": -126.28,
            "research_to_sale_ratio": 0.32,
            "price_fair": 0.96,
            "eps_avg_yearly": 0.32,
            "eps_latest_yearly": 0.08,
            "eps_growth_yearly": -68.78
        },
        "20201": {
            "year_quarter": 20201,
            "year": 2020,
            "quarter": 1,
            "eps": -0.01,
            "eps_growth_year": -109.09,
            "eps_4q": 0.2,
            "eps_4q_growth_year": -59.23,
            "roe": -0.1,
            "roe_4q": 1.8900000000000001,
            "gross_profit": -615,
            "gross_margin": -0.75,
            "gross_margin_4q_avg": 0.87,
            "net_income": -329,
            "net_income_4q": null,
            "revenue": 82171,
            "revenue_4q": null,
            "common_shares": 300000,
            "book_valuer_per_share": 10.61,
            "book_valuer_per_share_4q_avg": 10.59,
            "equity": 318393,
            "current_ratio": 169.89,
            "debt_ratio": 54.46,
            "inventory_turnover_ratio": 589.22,
            "account_receivable_turnover_ratio": 1.41,
            "reinvestment_rate": 254.84,
            "research_to_sale_ratio": 0.25,
            "price_fair": 0.96,
            "eps_avg_yearly": 0.32,
            "eps_latest_yearly": 0.08,
            "eps_growth_yearly": -38.98
        },
        "20202": {
            "year_quarter": 20202,
            "year": 2020,
            "quarter": 2,
            "eps": -0.1,
            "eps_growth_year": -190.91,
            "eps_4q": -0,
            "eps_4q_growth_year": -101.12,
            "roe": -0.91,
            "roe_4q": -0.040000000000000036,
            "gross_profit": -2698,
            "gross_margin": -2.08,
            "gross_margin_4q_avg": -0.02,
            "net_income": -2852,
            "net_income_4q": null,
            "revenue": 129426,
            "revenue_4q": null,
            "common_shares": 300000,
            "book_valuer_per_share": 10.32,
            "book_valuer_per_share_4q_avg": 10.54,
            "equity": 309541,
            "current_ratio": 115.3,
            "debt_ratio": 59.12,
            "inventory_turnover_ratio": 597.85,
            "account_receivable_turnover_ratio": 1.87,
            "reinvestment_rate": 293.73,
            "research_to_sale_ratio": 0.18,
            "price_fair": 0.96,
            "eps_avg_yearly": 0.32,
            "eps_latest_yearly": 0.08,
            "eps_growth_yearly": -38.98
        },
        "20203": {
            "year_quarter": 20203,
            "year": 2020,
            "quarter": 3,
            "eps": 0.01,
            "eps_growth_year": -87.5,
            "eps_4q": -0.07,
            "eps_4q_growth_year": -117.99,
            "roe": 0.09,
            "roe_4q": -0.7000000000000001,
            "gross_profit": 2750,
            "gross_margin": 1.74,
            "gross_margin_4q_avg": 0.11,
            "net_income": 285,
            "net_income_4q": null,
            "revenue": 158264,
            "revenue_4q": null,
            "common_shares": 300000,
            "book_valuer_per_share": 10.33,
            "book_valuer_per_share_4q_avg": 10.47,
            "equity": 309826,
            "current_ratio": 116.95,
            "debt_ratio": 61.74,
            "inventory_turnover_ratio": 859.19,
            "account_receivable_turnover_ratio": 1.49,
            "reinvestment_rate": 258.4,
            "research_to_sale_ratio": 0.14,
            "price_fair": 0.96,
            "eps_avg_yearly": 0.32,
            "eps_latest_yearly": 0.08,
            "eps_growth_yearly": -38.98
        },
        "20204": {
            "year_quarter": 20204,
            "year": 2020,
            "quarter": 4,
            "eps": 0.5,
            "eps_growth_year": 2082.1,
            "eps_4q": 0.4,
            "eps_4q_growth_year": 27.12,
            "roe": 4.72,
            "roe_4q": 3.7999999999999994,
            "gross_profit": 10203,
            "gross_margin": 6.87,
            "gross_margin_4q_avg": 1.45,
            "net_income": 14991,
            "net_income_4q": null,
            "revenue": 148616,
            "revenue_4q": null,
            "common_shares": 300000,
            "book_valuer_per_share": 10.83,
            "book_valuer_per_share_4q_avg": 10.52,
            "equity": 324817,
            "current_ratio": 136.46,
            "debt_ratio": 60.39,
            "inventory_turnover_ratio": 862.39,
            "account_receivable_turnover_ratio": 1.37,
            "reinvestment_rate": 244.96,
            "research_to_sale_ratio": 0.21,
            "price_fair": 19.6,
            "eps_avg_yearly": 0.56,
            "eps_latest_yearly": 2,
            "eps_growth_yearly": 2766.59
        },
        "20211": {
            "year_quarter": 20211,
            "year": 2021,
            "quarter": 1,
            "eps": 0.17,
            "eps_growth_year": null,
            "eps_4q": 0.58,
            "eps_4q_growth_year": 193.77,
            "roe": 1.52,
            "roe_4q": 5.42,
            "gross_profit": 8950,
            "gross_margin": 7.5,
            "gross_margin_4q_avg": 3.51,
            "net_income": 4988,
            "net_income_4q": null,
            "revenue": 119387,
            "revenue_4q": null,
            "common_shares": 300000,
            "book_valuer_per_share": 10.99,
            "book_valuer_per_share_4q_avg": 10.62,
            "equity": 329805,
            "current_ratio": 140.86,
            "debt_ratio": 59.88,
            "inventory_turnover_ratio": 647.72,
            "account_receivable_turnover_ratio": 1.27,
            "reinvestment_rate": 167.47,
            "research_to_sale_ratio": 0.23,
            "price_fair": 20.13,
            "eps_avg_yearly": 0.58,
            "eps_latest_yearly": 0.68,
            "eps_growth_yearly": 2387.77
        },
        "20212": {
            "year_quarter": 20212,
            "year": 2021,
            "quarter": 2,
            "eps": 0.21,
            "eps_growth_year": null,
            "eps_4q": 0.89,
            "eps_4q_growth_year": null,
            "roe": 1.95,
            "roe_4q": 8.28,
            "gross_profit": 11662,
            "gross_margin": 7.66,
            "gross_margin_4q_avg": 5.94,
            "net_income": 6443,
            "net_income_4q": null,
            "revenue": 152230,
            "revenue_4q": null,
            "common_shares": 300000,
            "book_valuer_per_share": 11.01,
            "book_valuer_per_share_4q_avg": 10.79,
            "equity": 330248,
            "current_ratio": 124.11,
            "debt_ratio": 62.73,
            "inventory_turnover_ratio": 949.78,
            "account_receivable_turnover_ratio": 1.13,
            "reinvestment_rate": 179.86,
            "research_to_sale_ratio": 0.14,
            "price_fair": 21.16,
            "eps_avg_yearly": 0.6,
            "eps_latest_yearly": 0.84,
            "eps_growth_yearly": 2132.92
        }
    },
    "months": {
        "2002-04": {
            "month": "2002-04",
            "price": "30.53",
            "revenue": 105570
        },
        "2002-05": {
            "month": "2002-05",
            "price": "27.48",
            "revenue": 122149
        },
        "2002-06": {
            "month": "2002-06",
            "price": "25.28",
            "revenue": 94571
        },
        "2002-07": {
            "month": "2002-07",
            "price": "22.91",
            "revenue": 96844
        },
        "2002-08": {
            "month": "2002-08",
            "price": "21.63",
            "revenue": 80458
        },
        "2002-09": {
            "month": "2002-09",
            "price": "20.13",
            "revenue": 102778
        },
        "2002-10": {
            "month": "2002-10",
            "price": "18.15",
            "revenue": 162013
        },
        "2002-11": {
            "month": "2002-11",
            "price": "19.25",
            "revenue": 229758
        },
        "2002-12": {
            "month": "2002-12",
            "price": "21.75",
            "revenue": 205480
        },
        "2003-01": {
            "month": "2003-01",
            "price": "25.14",
            "revenue": 201475
        },
        "2003-02": {
            "month": "2003-02",
            "price": "22.88",
            "revenue": 105369
        },
        "2003-03": {
            "month": "2003-03",
            "price": "21.02",
            "revenue": 175100
        },
        "2003-04": {
            "month": "2003-04",
            "price": "23.29",
            "revenue": 271088
        },
        "2003-05": {
            "month": "2003-05",
            "price": "27.31",
            "revenue": 225055
        },
        "2003-06": {
            "month": "2003-06",
            "price": "30.54",
            "revenue": 191332
        },
        "2003-07": {
            "month": "2003-07",
            "price": "28.21",
            "revenue": 211381
        },
        "2003-08": {
            "month": "2003-08",
            "price": "31.47",
            "revenue": 181517
        },
        "2003-09": {
            "month": "2003-09",
            "price": "29.59",
            "revenue": 231309
        },
        "2003-10": {
            "month": "2003-10",
            "price": "27.59",
            "revenue": 276452
        },
        "2003-11": {
            "month": "2003-11",
            "price": "26.56",
            "revenue": 262588
        },
        "2003-12": {
            "month": "2003-12",
            "price": "27.98",
            "revenue": 249319
        },
        "2004-01": {
            "month": "2004-01",
            "price": "28.65",
            "revenue": 218804
        },
        "2004-02": {
            "month": "2004-02",
            "price": "29.48",
            "revenue": 208118
        },
        "2004-03": {
            "month": "2004-03",
            "price": "32.16",
            "revenue": 277176
        },
        "2004-04": {
            "month": "2004-04",
            "price": "33.34",
            "revenue": 269774
        },
        "2004-05": {
            "month": "2004-05",
            "price": "27.43",
            "revenue": 296052
        },
        "2004-06": {
            "month": "2004-06",
            "price": "25.30",
            "revenue": 275310
        },
        "2004-07": {
            "month": "2004-07",
            "price": "19.84",
            "revenue": 319510
        },
        "2004-08": {
            "month": "2004-08",
            "price": "18.15",
            "revenue": 316502
        },
        "2004-09": {
            "month": "2004-09",
            "price": "18.78",
            "revenue": 357929
        },
        "2004-10": {
            "month": "2004-10",
            "price": "18.06",
            "revenue": 398288
        },
        "2004-11": {
            "month": "2004-11",
            "price": "18.30",
            "revenue": 390411
        },
        "2004-12": {
            "month": "2004-12",
            "price": "18.19",
            "revenue": 352601
        },
        "2005-01": {
            "month": "2005-01",
            "price": "17.34",
            "revenue": 334071
        },
        "2005-02": {
            "month": "2005-02",
            "price": "19.57",
            "revenue": 251229
        },
        "2005-03": {
            "month": "2005-03",
            "price": "23.02",
            "revenue": 404264
        },
        "2005-04": {
            "month": "2005-04",
            "price": "23.44",
            "revenue": 415370
        },
        "2005-05": {
            "month": "2005-05",
            "price": "20.13",
            "revenue": 386347
        },
        "2005-06": {
            "month": "2005-06",
            "price": "20.83",
            "revenue": 255951
        },
        "2005-07": {
            "month": "2005-07",
            "price": "20.66",
            "revenue": 331944
        },
        "2005-08": {
            "month": "2005-08",
            "price": "18.27",
            "revenue": 323743
        },
        "2005-09": {
            "month": "2005-09",
            "price": "16.36",
            "revenue": 375280
        },
        "2005-10": {
            "month": "2005-10",
            "price": "14.56",
            "revenue": 391793
        },
        "2005-11": {
            "month": "2005-11",
            "price": "13.99",
            "revenue": 421727
        },
        "2005-12": {
            "month": "2005-12",
            "price": "16.16",
            "revenue": 372803
        },
        "2006-01": {
            "month": "2006-01",
            "price": "16.36",
            "revenue": 264484
        },
        "2006-02": {
            "month": "2006-02",
            "price": "15.08",
            "revenue": 159985
        },
        "2006-03": {
            "month": "2006-03",
            "price": "15.17",
            "revenue": 184621
        },
        "2006-04": {
            "month": "2006-04",
            "price": "14.28",
            "revenue": 247021
        },
        "2006-05": {
            "month": "2006-05",
            "price": "12.86",
            "revenue": 167953
        },
        "2006-06": {
            "month": "2006-06",
            "price": "10.68",
            "revenue": 173231
        },
        "2006-07": {
            "month": "2006-07",
            "price": "10.20",
            "revenue": 85002
        },
        "2006-08": {
            "month": "2006-08",
            "price": "9.68",
            "revenue": 158389
        },
        "2006-09": {
            "month": "2006-09",
            "price": "9.33",
            "revenue": 133977
        },
        "2006-10": {
            "month": "2006-10",
            "price": "9.38",
            "revenue": 146951
        },
        "2006-11": {
            "month": "2006-11",
            "price": "9.95",
            "revenue": 243827
        },
        "2006-12": {
            "month": "2006-12",
            "price": "11.11",
            "revenue": 166896
        },
        "2007-01": {
            "month": "2007-01",
            "price": "11.57",
            "revenue": 132766
        },
        "2007-02": {
            "month": "2007-02",
            "price": "10.61",
            "revenue": 114195
        },
        "2007-03": {
            "month": "2007-03",
            "price": "9.85",
            "revenue": 142701
        },
        "2007-04": {
            "month": "2007-04",
            "price": "11.38",
            "revenue": 152344
        },
        "2007-05": {
            "month": "2007-05",
            "price": "10.83",
            "revenue": 148430
        },
        "2007-06": {
            "month": "2007-06",
            "price": "14.02",
            "revenue": 82545
        },
        "2007-07": {
            "month": "2007-07",
            "price": "13.88",
            "revenue": 76446
        },
        "2007-08": {
            "month": "2007-08",
            "price": "11.87",
            "revenue": 102443
        },
        "2007-09": {
            "month": "2007-09",
            "price": "10.87",
            "revenue": 106633
        },
        "2007-10": {
            "month": "2007-10",
            "price": "11.69",
            "revenue": 94277
        },
        "2007-11": {
            "month": "2007-11",
            "price": "9.19",
            "revenue": 134238
        },
        "2007-12": {
            "month": "2007-12",
            "price": "7.82",
            "revenue": 114695
        },
        "2008-01": {
            "month": "2008-01",
            "price": "6.71",
            "revenue": 77432
        },
        "2008-02": {
            "month": "2008-02",
            "price": "6.12",
            "revenue": 59890
        },
        "2008-03": {
            "month": "2008-03",
            "price": "6.67",
            "revenue": 101553
        },
        "2008-04": {
            "month": "2008-04",
            "price": "7.21",
            "revenue": 84618
        },
        "2008-05": {
            "month": "2008-05",
            "price": "7.05",
            "revenue": 107349
        },
        "2008-06": {
            "month": "2008-06",
            "price": "5.85",
            "revenue": 72130
        },
        "2008-07": {
            "month": "2008-07",
            "price": "4.51",
            "revenue": 66470
        },
        "2008-08": {
            "month": "2008-08",
            "price": "4.21",
            "revenue": 29011
        },
        "2008-09": {
            "month": "2008-09",
            "price": "3.11",
            "revenue": 48321
        },
        "2008-10": {
            "month": "2008-10",
            "price": "3.44",
            "revenue": 71901
        },
        "2008-11": {
            "month": "2008-11",
            "price": "2.88",
            "revenue": 62307
        },
        "2008-12": {
            "month": "2008-12",
            "price": "2.83",
            "revenue": 33631
        },
        "2009-01": {
            "month": "2009-01",
            "price": "2.89",
            "revenue": 39257
        },
        "2009-02": {
            "month": "2009-02",
            "price": "2.81",
            "revenue": 44130
        },
        "2009-03": {
            "month": "2009-03",
            "price": "3.51",
            "revenue": 67183
        },
        "2009-04": {
            "month": "2009-04",
            "price": "4.51",
            "revenue": 63836
        },
        "2009-05": {
            "month": "2009-05",
            "price": "4.80",
            "revenue": 51507
        },
        "2009-06": {
            "month": "2009-06",
            "price": "4.12",
            "revenue": 53931
        },
        "2009-07": {
            "month": "2009-07",
            "price": "3.99",
            "revenue": 56441
        },
        "2009-08": {
            "month": "2009-08",
            "price": "4.21",
            "revenue": 43538
        },
        "2009-09": {
            "month": "2009-09",
            "price": "4.73",
            "revenue": 42799
        },
        "2009-10": {
            "month": "2009-10",
            "price": "4.96",
            "revenue": 71416
        },
        "2009-11": {
            "month": "2009-11",
            "price": "4.64",
            "revenue": 41430
        },
        "2009-12": {
            "month": "2009-12",
            "price": "4.94",
            "revenue": 27213
        },
        "2010-01": {
            "month": "2010-01",
            "price": "6.77",
            "revenue": 83318
        },
        "2010-02": {
            "month": "2010-02",
            "price": "5.81",
            "revenue": 77475
        },
        "2010-03": {
            "month": "2010-03",
            "price": "6.27",
            "revenue": 51218
        },
        "2010-04": {
            "month": "2010-04",
            "price": "7.60",
            "revenue": 40239
        },
        "2010-05": {
            "month": "2010-05",
            "price": "15.00",
            "revenue": 46657
        },
        "2010-06": {
            "month": "2010-06",
            "price": "15.55",
            "revenue": 33994
        },
        "2010-07": {
            "month": "2010-07",
            "price": "14.50",
            "revenue": 36029
        },
        "2010-08": {
            "month": "2010-08",
            "price": "12.96",
            "revenue": 27459
        },
        "2010-09": {
            "month": "2010-09",
            "price": "10.44",
            "revenue": 29163
        },
        "2010-10": {
            "month": "2010-10",
            "price": "9.16",
            "revenue": 28742
        },
        "2010-11": {
            "month": "2010-11",
            "price": "7.48",
            "revenue": 22209
        },
        "2010-12": {
            "month": "2010-12",
            "price": "8.74",
            "revenue": 14932
        },
        "2011-01": {
            "month": "2011-01",
            "price": "8.39",
            "revenue": 27371
        },
        "2011-02": {
            "month": "2011-02",
            "price": "10.51",
            "revenue": 20775
        },
        "2011-03": {
            "month": "2011-03",
            "price": "11.22",
            "revenue": 38671
        },
        "2011-04": {
            "month": "2011-04",
            "price": "11.98",
            "revenue": 36554
        },
        "2011-05": {
            "month": "2011-05",
            "price": "5.90",
            "revenue": 17121
        },
        "2011-06": {
            "month": "2011-06",
            "price": "4.23",
            "revenue": 29082
        },
        "2011-07": {
            "month": "2011-07",
            "price": "3.51",
            "revenue": 16297
        },
        "2011-08": {
            "month": "2011-08",
            "price": "3.08",
            "revenue": 5698
        },
        "2011-09": {
            "month": "2011-09",
            "price": "2.89",
            "revenue": 10730
        },
        "2011-10": {
            "month": "2011-10",
            "price": "3.01",
            "revenue": 14705
        },
        "2011-11": {
            "month": "2011-11",
            "price": "4.21",
            "revenue": 21592
        },
        "2011-12": {
            "month": "2011-12",
            "price": "4.32",
            "revenue": 28846
        },
        "2012-01": {
            "month": "2012-01",
            "price": "4.19",
            "revenue": 15180
        },
        "2012-02": {
            "month": "2012-02",
            "price": "4.52",
            "revenue": 17121
        },
        "2012-03": {
            "month": "2012-03",
            "price": "6.19",
            "revenue": 18252
        },
        "2012-04": {
            "month": "2012-04",
            "price": "4.87",
            "revenue": 18234
        },
        "2012-05": {
            "month": "2012-05",
            "price": "3.86",
            "revenue": 29442
        },
        "2012-06": {
            "month": "2012-06",
            "price": "4.53",
            "revenue": 17166
        },
        "2012-07": {
            "month": "2012-07",
            "price": "3.93",
            "revenue": 20925
        },
        "2012-08": {
            "month": "2012-08",
            "price": "3.75",
            "revenue": 20389
        },
        "2012-09": {
            "month": "2012-09",
            "price": "3.70",
            "revenue": 20170
        },
        "2012-10": {
            "month": "2012-10",
            "price": "3.11",
            "revenue": 15528
        },
        "2012-11": {
            "month": "2012-11",
            "price": "3.06",
            "revenue": 6996
        },
        "2012-12": {
            "month": "2012-12",
            "price": "5.03",
            "revenue": 14994
        },
        "2013-01": {
            "month": "2013-01",
            "price": "5.83",
            "revenue": 28136
        },
        "2013-02": {
            "month": "2013-02",
            "price": "5.81",
            "revenue": 17135
        },
        "2013-03": {
            "month": "2013-03",
            "price": "5.41",
            "revenue": 31938
        },
        "2013-04": {
            "month": "2013-04",
            "price": "5.53",
            "revenue": 22324
        },
        "2013-05": {
            "month": "2013-05",
            "price": "5.59",
            "revenue": 24362
        },
        "2013-06": {
            "month": "2013-06",
            "price": "5.99",
            "revenue": 20377
        },
        "2013-07": {
            "month": "2013-07",
            "price": "7.04",
            "revenue": 24646
        },
        "2013-08": {
            "month": "2013-08",
            "price": "6.70",
            "revenue": 21874
        },
        "2013-09": {
            "month": "2013-09",
            "price": "8.17",
            "revenue": 19549
        },
        "2013-10": {
            "month": "2013-10",
            "price": "7.36",
            "revenue": 20037
        },
        "2013-11": {
            "month": "2013-11",
            "price": "7.41",
            "revenue": 27777
        },
        "2013-12": {
            "month": "2013-12",
            "price": "6.39",
            "revenue": 14452
        },
        "2014-01": {
            "month": "2014-01",
            "price": "7.05",
            "revenue": 10949
        },
        "2014-02": {
            "month": "2014-02",
            "price": "7.10",
            "revenue": 16217
        },
        "2014-03": {
            "month": "2014-03",
            "price": "7.87",
            "revenue": 18934
        },
        "2014-04": {
            "month": "2014-04",
            "price": "8.07",
            "revenue": 30989
        },
        "2014-05": {
            "month": "2014-05",
            "price": "7.73",
            "revenue": 28054
        },
        "2014-06": {
            "month": "2014-06",
            "price": "6.64",
            "revenue": 15262
        },
        "2014-07": {
            "month": "2014-07",
            "price": "6.19",
            "revenue": 22940
        },
        "2014-08": {
            "month": "2014-08",
            "price": "6.66",
            "revenue": 27993
        },
        "2014-09": {
            "month": "2014-09",
            "price": "6.00",
            "revenue": 24194
        },
        "2014-10": {
            "month": "2014-10",
            "price": "5.69",
            "revenue": 38130
        },
        "2014-11": {
            "month": "2014-11",
            "price": "6.35",
            "revenue": 34133
        },
        "2014-12": {
            "month": "2014-12",
            "price": "6.27",
            "revenue": 35603
        },
        "2015-01": {
            "month": "2015-01",
            "price": "6.40",
            "revenue": 24721
        },
        "2015-02": {
            "month": "2015-02",
            "price": "6.38",
            "revenue": 22186
        },
        "2015-03": {
            "month": "2015-03",
            "price": "6.40",
            "revenue": 26526
        },
        "2015-04": {
            "month": "2015-04",
            "price": "7.00",
            "revenue": 25556
        },
        "2015-05": {
            "month": "2015-05",
            "price": "6.80",
            "revenue": 22968
        },
        "2015-06": {
            "month": "2015-06",
            "price": "6.01",
            "revenue": 17974
        },
        "2015-07": {
            "month": "2015-07",
            "price": "5.43",
            "revenue": 16829
        },
        "2015-08": {
            "month": "2015-08",
            "price": "5.17",
            "revenue": 18089
        },
        "2015-09": {
            "month": "2015-09",
            "price": "5.08",
            "revenue": 20136
        },
        "2015-10": {
            "month": "2015-10",
            "price": "5.08",
            "revenue": 22225
        },
        "2015-11": {
            "month": "2015-11",
            "price": "5.13",
            "revenue": 22070
        },
        "2015-12": {
            "month": "2015-12",
            "price": "6.69",
            "revenue": 34732
        },
        "2016-01": {
            "month": "2016-01",
            "price": "6.91",
            "revenue": 30492
        },
        "2016-02": {
            "month": "2016-02",
            "price": "7.22",
            "revenue": 26633
        },
        "2016-03": {
            "month": "2016-03",
            "price": "7.47",
            "revenue": 33921
        },
        "2016-04": {
            "month": "2016-04",
            "price": "8.04",
            "revenue": 29926
        },
        "2016-05": {
            "month": "2016-05",
            "price": "7.91",
            "revenue": 35571
        },
        "2016-06": {
            "month": "2016-06",
            "price": "7.61",
            "revenue": 23503
        },
        "2016-07": {
            "month": "2016-07",
            "price": "7.77",
            "revenue": 23414
        },
        "2016-08": {
            "month": "2016-08",
            "price": "8.77",
            "revenue": 32287
        },
        "2016-09": {
            "month": "2016-09",
            "price": "9.22",
            "revenue": 34707
        },
        "2016-10": {
            "month": "2016-10",
            "price": "10.04",
            "revenue": 30272
        },
        "2016-11": {
            "month": "2016-11",
            "price": "10.80",
            "revenue": 19785
        },
        "2016-12": {
            "month": "2016-12",
            "price": "10.89",
            "revenue": 19604
        },
        "2017-01": {
            "month": "2017-01",
            "price": "10.81",
            "revenue": 13493
        },
        "2017-02": {
            "month": "2017-02",
            "price": "11.57",
            "revenue": 18921
        },
        "2017-03": {
            "month": "2017-03",
            "price": "12.77",
            "revenue": 21948
        },
        "2017-04": {
            "month": "2017-04",
            "price": "13.58",
            "revenue": 20684
        },
        "2017-05": {
            "month": "2017-05",
            "price": "11.50",
            "revenue": 19093
        },
        "2017-06": {
            "month": "2017-06",
            "price": "11.89",
            "revenue": 20346
        },
        "2017-07": {
            "month": "2017-07",
            "price": "11.09",
            "revenue": 24779
        },
        "2017-08": {
            "month": "2017-08",
            "price": "12.37",
            "revenue": 27570
        },
        "2017-09": {
            "month": "2017-09",
            "price": "10.30",
            "revenue": 28741
        },
        "2017-10": {
            "month": "2017-10",
            "price": "10.36",
            "revenue": 28776
        },
        "2017-11": {
            "month": "2017-11",
            "price": "10.27",
            "revenue": 28770
        },
        "2017-12": {
            "month": "2017-12",
            "price": "10.20",
            "revenue": 29942
        },
        "2018-01": {
            "month": "2018-01",
            "price": "10.70",
            "revenue": 25834
        },
        "2018-02": {
            "month": "2018-02",
            "price": "10.98",
            "revenue": 27645
        },
        "2018-03": {
            "month": "2018-03",
            "price": "12.83",
            "revenue": 30930
        },
        "2018-04": {
            "month": "2018-04",
            "price": "13.21",
            "revenue": 27024
        },
        "2018-05": {
            "month": "2018-05",
            "price": "11.98",
            "revenue": 31890
        },
        "2018-06": {
            "month": "2018-06",
            "price": "11.26",
            "revenue": 35475
        },
        "2018-07": {
            "month": "2018-07",
            "price": "11.12",
            "revenue": 27730
        },
        "2018-08": {
            "month": "2018-08",
            "price": "11.21",
            "revenue": 27066
        },
        "2018-09": {
            "month": "2018-09",
            "price": "11.79",
            "revenue": 32139
        },
        "2018-10": {
            "month": "2018-10",
            "price": "12.52",
            "revenue": 33809
        },
        "2018-11": {
            "month": "2018-11",
            "price": "15.29",
            "revenue": 35686
        },
        "2018-12": {
            "month": "2018-12",
            "price": "15.05",
            "revenue": 33891
        },
        "2019-01": {
            "month": "2019-01",
            "price": "12.26",
            "revenue": 52070
        },
        "2019-02": {
            "month": "2019-02",
            "price": "14.84",
            "revenue": 32428
        },
        "2019-03": {
            "month": "2019-03",
            "price": "16.22",
            "revenue": 62777
        },
        "2019-04": {
            "month": "2019-04",
            "price": "18.62",
            "revenue": 48238
        },
        "2019-05": {
            "month": "2019-05",
            "price": "16.31",
            "revenue": 53957
        },
        "2019-06": {
            "month": "2019-06",
            "price": "15.72",
            "revenue": 53289
        },
        "2019-07": {
            "month": "2019-07",
            "price": "15.18",
            "revenue": 51308
        },
        "2019-08": {
            "month": "2019-08",
            "price": "17.81",
            "revenue": 43823
        },
        "2019-09": {
            "month": "2019-09",
            "price": "18.55",
            "revenue": 37082
        },
        "2019-10": {
            "month": "2019-10",
            "price": "19.62",
            "revenue": 37945
        },
        "2019-11": {
            "month": "2019-11",
            "price": "20.94",
            "revenue": 36701
        },
        "2019-12": {
            "month": "2019-12",
            "price": "19.16",
            "revenue": 29997
        },
        "2020-01": {
            "month": "2020-01",
            "price": "19.07",
            "revenue": 31229
        },
        "2020-02": {
            "month": "2020-02",
            "price": "19.77",
            "revenue": 15326
        },
        "2020-03": {
            "month": "2020-03",
            "price": "19.91",
            "revenue": 35577
        },
        "2020-04": {
            "month": "2020-04",
            "price": "22.68",
            "revenue": 42092
        },
        "2020-05": {
            "month": "2020-05",
            "price": "23.16",
            "revenue": 44367
        },
        "2020-06": {
            "month": "2020-06",
            "price": "22.62",
            "revenue": 42966
        },
        "2020-07": {
            "month": "2020-07",
            "price": "22.42",
            "revenue": 49991
        },
        "2020-08": {
            "month": "2020-08",
            "price": "24.60",
            "revenue": 51989
        },
        "2020-09": {
            "month": "2020-09",
            "price": "25.40",
            "revenue": 51936
        },
        "2020-10": {
            "month": "2020-10",
            "price": "27.57",
            "revenue": 54537
        },
        "2020-11": {
            "month": "2020-11",
            "price": "28.34",
            "revenue": 57944
        },
        "2020-12": {
            "month": "2020-12",
            "price": "29.71",
            "revenue": 36125
        },
        "2021-01": {
            "month": "2021-01",
            "price": "30.09",
            "revenue": 45120
        },
        "2021-02": {
            "month": "2021-02",
            "price": "31.82",
            "revenue": 24514
        },
        "2021-03": {
            "month": "2021-03",
            "price": "31.20",
            "revenue": 49477
        },
        "2021-04": {
            "month": "2021-04",
            "price": "34.03",
            "revenue": 44885
        },
        "2021-05": {
            "month": "2021-05",
            "price": "36.48",
            "revenue": 71920
        },
        "2021-06": {
            "month": "2021-06",
            "price": "38.38",
            "revenue": 35419
        },
        "2021-07": {
            "month": "2021-07",
            "price": "40.91",
            "revenue": 78167
        },
        "2021-08": {
            "month": "2021-08",
            "price": "42.94",
            "revenue": 91070
        },
        "2021-09": {
            "month": "2021-09",
            "price": "42.54",
            "revenue": 50478
        },
        "2021-10": {
            "month": "2021-10",
            "price": "39.36",
            "revenue": 4403
        },
        "2021-11": {
            "month": "2021-11",
            "price": "22.96",
            "revenue": 4352
        }
    }
}
