{
    "summary": {
        "stock_name": "信昌電",
        "stock_id": "6173",
        "category": "電子零組件",
        "main_business": "晶片電容、晶片電阻、介電瓷粉、電感",
        "website_url": "http://www.pdc.com.tw/",
        "ceo": "洪志謀",
        "pe_ratio": 17,
        "report_year_from": 2001,
        "report_year_to": 2023,
        "age": 22,
        "eps_negative_percentage": 9,
        "eps_growth_avg": {
            "last_all": 9.91,
            "last_2y": -2.8,
            "last_4y": 8.73,
            "last_8y": 30.27,
            "last_12y": 14.39,
            "last_16y": 19.58,
            "last_20y": 9.91,
            "at_2006_last_3y": -61.18,
            "at_2007_last_3y": -8.19,
            "at_2008_last_3y": -26.37,
            "at_2009_last_3y": 40.3,
            "at_2010_last_3y": 50.22,
            "at_2011_last_3y": 5.29,
            "at_2012_last_3y": 0.07,
            "at_2013_last_3y": -33.25,
            "at_2014_last_3y": -26.58,
            "at_2015_last_3y": -0.44,
            "at_2016_last_3y": 60.45,
            "at_2017_last_3y": 57.2,
            "at_2018_last_3y": 57.2,
            "at_2019_last_3y": 45.55,
            "at_2020_last_3y": 25.55,
            "at_2021_last_3y": 24.86,
            "at_2022_last_3y": -14.08,
            "at_2023_last_3y": -14.08,
            "at_2006_last_all": -26.34,
            "at_2007_last_all": -1.07,
            "at_2008_last_all": -14.08,
            "at_2009_last_all": 2.22,
            "at_2010_last_all": 11.94,
            "at_2011_last_all": 1.76,
            "at_2012_last_all": -8.42,
            "at_2013_last_all": -8.42,
            "at_2014_last_all": 1.44,
            "at_2015_last_all": 1.21,
            "at_2016_last_all": 7.47,
            "at_2017_last_all": 10.33,
            "at_2018_last_all": 16.31,
            "at_2019_last_all": 12.29,
            "at_2020_last_all": 11.73,
            "at_2021_last_all": 13.56,
            "at_2022_last_all": 9.91,
            "at_2023_last_all": 9.91
        },
        "latest_eps": 2.55,
        "latest_price": 42.6,
        "latest_roe": 6.62,
        "latest_gross_margin": 19.73,
        "latest_equity": 6683457,
        "latest_revenue": 879673,
        "latest_gross_profit": 173563,
        "latest_net_income": 149615,
        "latest_debt_ratio": 23.77,
        "latest_current_ratio": 252.01,
        "latest_account_receivable_turnover_ratio": 1.05,
        "latest_inventory_turnover_ratio": 1.05,
        "latest_reinvestment_rate": 36.16,
        "latest_research_to_sale_ratio": 2
    },
    "eps_dividends": {
        "2001": {
            "cash": 1,
            "stock": 1,
            "eps": 0.78
        },
        "2002": {
            "cash": 0.4,
            "stock": 0.4,
            "eps": 1.39
        },
        "2003": {
            "cash": 0.5,
            "stock": 0.5,
            "eps": 0.57
        },
        "2004": {
            "cash": 0.5,
            "stock": 0.5,
            "eps": 0.43
        },
        "2005": {
            "cash": 0.33,
            "stock": 0,
            "eps": -1.36
        },
        "2006": {
            "cash": 0,
            "stock": 0,
            "eps": 0.45
        },
        "2007": {
            "cash": 0,
            "stock": 0,
            "eps": 1.34
        },
        "2008": {
            "cash": 0.23,
            "stock": 0.23,
            "eps": 0.28
        },
        "2009": {
            "cash": 0,
            "stock": 0.2,
            "eps": 0.85
        },
        "2010": {
            "cash": 0.5,
            "stock": 0.2,
            "eps": 1.53
        },
        "2011": {
            "cash": 0.3,
            "stock": 1.1,
            "eps": 0.31
        },
        "2012": {
            "cash": 0,
            "stock": 0,
            "eps": -0.26
        },
        "2013": {
            "cash": 0,
            "stock": 0,
            "eps": 0.11
        },
        "2014": {
            "cash": 0,
            "stock": 0,
            "eps": 0.76
        },
        "2015": {
            "cash": 0.4,
            "stock": 0,
            "eps": 0.75
        },
        "2016": {
            "cash": 0.35,
            "stock": 0,
            "eps": 1.37
        },
        "2017": {
            "cash": 0.3,
            "stock": 0,
            "eps": 2.02
        },
        "2018": {
            "cash": 1.5,
            "stock": 0,
            "eps": 8.62
        },
        "2019": {
            "cash": 4.3,
            "stock": 0,
            "eps": 4.49
        },
        "2020": {
            "cash": 1.8,
            "stock": 0,
            "eps": 4.61
        },
        "2021": {
            "cash": 2,
            "stock": 0,
            "eps": 6.67
        },
        "2022": {
            "cash": 2,
            "stock": 0,
            "eps": 2.95
        },
        "2023": {
            "cash": 1.2,
            "stock": 0,
            "eps": 0.87
        }
    },
    "dividends": {
        "2001-06-05": {
            "cash": 1,
            "stock": 1
        },
        "2002-06-28": {
            "cash": 0.4,
            "stock": 0.4
        },
        "2003-06-27": {
            "cash": 0.5,
            "stock": 0.5
        },
        "2004-04-29": {
            "cash": 0.5,
            "stock": 0.5
        },
        "2005-04-29": {
            "cash": 0.33,
            "stock": 0
        },
        "2008-03-31": {
            "cash": 0.23,
            "stock": 0.23
        },
        "2009-03-30": {
            "cash": 0,
            "stock": 0.2
        },
        "2010-03-10": {
            "cash": 0.5,
            "stock": 0.2
        },
        "2011-03-18": {
            "cash": 0.3,
            "stock": 1.1
        },
        "2015-08-19": {
            "cash": 0.4,
            "stock": 0
        },
        "2016-08-10": {
            "cash": 0.35,
            "stock": 0
        },
        "2017-08-01": {
            "cash": 0.3,
            "stock": 0
        },
        "2018-08-01": {
            "cash": 1.5,
            "stock": 0
        },
        "2019-08-01": {
            "cash": 4.3,
            "stock": 0
        },
        "2020-08-05": {
            "cash": 1.8,
            "stock": 0
        },
        "2021-08-18": {
            "cash": 2,
            "stock": 0
        },
        "2022-08-05": {
            "cash": 2,
            "stock": 0
        },
        "2023-05-04": {
            "cash": 1.2,
            "stock": 0
        }
    },
    "prices": {
        "200101": "無",
        "200102": "無",
        "200103": "無",
        "200104": "無",
        "200105": "無",
        "200106": "無",
        "200107": "無",
        "200108": "無",
        "200109": "無",
        "200110": "無",
        "200111": "無",
        "200112": "無",
        "200201": "無",
        "200202": "無",
        "200203": "無",
        "200204": "25.31",
        "200205": "25.81",
        "200206": "24.16",
        "200207": "21.83",
        "200208": "19.28",
        "200209": "19.26",
        "200210": "18.30",
        "200211": "16.92",
        "200212": "15.37",
        "200301": "14.78",
        "200302": "14.41",
        "200303": "14.50",
        "200304": "14.29",
        "200305": "15.02",
        "200306": "16.28",
        "200307": "16.34",
        "200308": "14.00",
        "200309": "13.81",
        "200310": "13.10",
        "200311": "12.53",
        "200312": "13.21",
        "200401": "13.19",
        "200402": "14.38",
        "200403": "14.25",
        "200404": "14.55",
        "200405": "12.97",
        "200406": "11.56",
        "200407": "10.30",
        "200408": "9.83",
        "200409": "9.90",
        "200410": "9.28",
        "200411": "9.09",
        "200412": "8.84",
        "200501": "8.62",
        "200502": "8.72",
        "200503": "9.03",
        "200504": "8.59",
        "200505": "7.77",
        "200506": "8.35",
        "200507": "12.45",
        "200508": "13.47",
        "200509": "12.01",
        "200510": "11.08",
        "200511": "7.95",
        "200512": "9.83",
        "200601": "12.23",
        "200602": "11.20",
        "200603": "10.03",
        "200604": "12.16",
        "200605": "13.03",
        "200606": "10.97",
        "200607": "10.50",
        "200608": "10.12",
        "200609": "10.30",
        "200610": "11.66",
        "200611": "12.30",
        "200612": "13.18",
        "200701": "13.09",
        "200702": "13.07",
        "200703": "18.48",
        "200704": "22.66",
        "200705": "19.30",
        "200706": "21.74",
        "200707": "25.46",
        "200708": "24.13",
        "200709": "23.82",
        "200710": "22.00",
        "200711": "18.78",
        "200712": "18.31",
        "200801": "18.16",
        "200802": "16.75",
        "200803": "15.95",
        "200804": "17.37",
        "200805": "15.67",
        "200806": "12.86",
        "200807": "10.37",
        "200808": "11.49",
        "200809": "9.66",
        "200810": "6.99",
        "200811": "5.03",
        "200812": "4.66",
        "200901": "4.64",
        "200902": "5.02",
        "200903": "6.43",
        "200904": "8.29",
        "200905": "8.43",
        "200906": "8.43",
        "200907": "12.42",
        "200908": "17.92",
        "200909": "21.50",
        "200910": "18.62",
        "200911": "17.20",
        "200912": "22.92",
        "201001": "24.83",
        "201002": "23.63",
        "201003": "26.22",
        "201004": "27.87",
        "201005": "28.46",
        "201006": "30.45",
        "201007": "34.18",
        "201008": "39.44",
        "201009": "40.75",
        "201010": "38.74",
        "201011": "30.82",
        "201012": "31.87",
        "201101": "29.46",
        "201102": "28.97",
        "201103": "32.21",
        "201104": "34.40",
        "201105": "29.00",
        "201106": "25.15",
        "201107": "20.76",
        "201108": "16.42",
        "201109": "13.67",
        "201110": "13.10",
        "201111": "11.44",
        "201112": "9.35",
        "201201": "10.37",
        "201202": "13.78",
        "201203": "13.76",
        "201204": "11.28",
        "201205": "9.91",
        "201206": "9.41",
        "201207": "8.87",
        "201208": "8.62",
        "201209": "10.06",
        "201210": "10.20",
        "201211": "8.89",
        "201212": "10.18",
        "201301": "10.94",
        "201302": "11.05",
        "201303": "11.09",
        "201304": "10.26",
        "201305": "10.73",
        "201306": "10.28",
        "201307": "10.22",
        "201308": "10.03",
        "201309": "10.65",
        "201310": "10.29",
        "201311": "9.61",
        "201312": "9.82",
        "201401": "10.83",
        "201402": "11.44",
        "201403": "11.91",
        "201404": "11.77",
        "201405": "11.39",
        "201406": "12.70",
        "201407": "12.04",
        "201408": "11.93",
        "201409": "11.91",
        "201410": "10.74",
        "201411": "10.86",
        "201412": "11.57",
        "201501": "12.22",
        "201502": "12.52",
        "201503": "13.02",
        "201504": "12.78",
        "201505": "12.09",
        "201506": "10.93",
        "201507": "10.02",
        "201508": "8.72",
        "201509": "8.85",
        "201510": "9.51",
        "201511": "9.63",
        "201512": "10.18",
        "201601": "9.39",
        "201602": "10.61",
        "201603": "13.78",
        "201604": "12.65",
        "201605": "13.74",
        "201606": "14.15",
        "201607": "14.76",
        "201608": "17.29",
        "201609": "17.56",
        "201610": "17.30",
        "201611": "15.69",
        "201612": "15.90",
        "201701": "15.45",
        "201702": "18.05",
        "201703": "20.30",
        "201704": "23.63",
        "201705": "23.86",
        "201706": "24.65",
        "201707": "23.75",
        "201708": "26.95",
        "201709": "34.52",
        "201710": "37.42",
        "201711": "35.65",
        "201712": "37.98",
        "201801": "43.11",
        "201802": "42.92",
        "201803": "46.61",
        "201804": "54.32",
        "201805": "75.80",
        "201806": "103.99",
        "201807": "123.91",
        "201808": "99.33",
        "201809": "83.81",
        "201810": "57.44",
        "201811": "58.22",
        "201812": "65.53",
        "201901": "60.82",
        "201902": "74.38",
        "201903": "72.19",
        "201904": "74.24",
        "201905": "64.47",
        "201906": "64.72",
        "201907": "64.13",
        "201908": "54.55",
        "201909": "54.92",
        "201910": "60.60",
        "201911": "56.86",
        "201912": "61.98",
        "202001": "68.61",
        "202002": "64.96",
        "202003": "48.23",
        "202004": "53.64",
        "202005": "56.44",
        "202006": "56.07",
        "202007": "53.00",
        "202008": "54.21",
        "202009": "53.74",
        "202010": "54.09",
        "202011": "62.90",
        "202012": "66.58",
        "202101": "65.14",
        "202102": "64.64",
        "202103": "66.06",
        "202104": "71.23",
        "202105": "61.14",
        "202106": "63.23",
        "202107": "71.75",
        "202108": "62.52",
        "202109": "57.86",
        "202110": "52.64",
        "202111": "59.94",
        "202112": "60.53",
        "202201": "58.11",
        "202202": "57.12",
        "202203": "55.32",
        "202204": "51.79",
        "202205": "48.76",
        "202206": "45.45",
        "202207": "39.11",
        "202208": "39.74",
        "202209": "39.39",
        "202210": "33.12",
        "202211": "34.20",
        "202212": "35.27",
        "202301": "34.68",
        "202302": "40.03",
        "202303": "39.96",
        "202304": "39.96",
        "202305": "41.85"
    },
    "quarters": {
        "20011": {
            "year_quarter": 20011,
            "year": 2001,
            "quarter": 1,
            "eps": 0.45,
            "eps_growth_year": null,
            "eps_4q": null,
            "eps_4q_growth_year": null,
            "roe": 3.01,
            "roe_4q": 3.01,
            "gross_profit": 81524,
            "gross_margin": 25.74,
            "gross_margin_4q_avg": 25.74,
            "net_income": 36677,
            "revenue": 316666,
            "common_shares": 820000,
            "book_valuer_per_share": 15.08,
            "book_valuer_per_share_4q_avg": 15.08,
            "equity": 1236279,
            "current_ratio": 209.15,
            "debt_ratio": 36.92,
            "inventory_turnover_ratio": 0.52,
            "account_receivable_turnover_ratio": null,
            "reinvestment_rate": null,
            "research_to_sale_ratio": null,
            "price_fair": 0,
            "eps_avg_yearly": 0,
            "eps_latest_yearly": 0,
            "eps_growth_yearly": 0
        },
        "20012": {
            "year_quarter": 20012,
            "year": 2001,
            "quarter": 2,
            "eps": 0.16,
            "eps_growth_year": null,
            "eps_4q": null,
            "eps_4q_growth_year": null,
            "roe": 1.23,
            "roe_4q": 4.24,
            "gross_profit": 52684,
            "gross_margin": 18.87,
            "gross_margin_4q_avg": 22.31,
            "net_income": 14686,
            "revenue": 279186,
            "common_shares": 820000,
            "book_valuer_per_share": 14.12,
            "book_valuer_per_share_4q_avg": 14.6,
            "equity": 1157681,
            "current_ratio": 160.52,
            "debt_ratio": 40.18,
            "inventory_turnover_ratio": 0.58,
            "account_receivable_turnover_ratio": null,
            "reinvestment_rate": null,
            "research_to_sale_ratio": null,
            "price_fair": 0,
            "eps_avg_yearly": 0,
            "eps_latest_yearly": 0,
            "eps_growth_yearly": 0
        },
        "20013": {
            "year_quarter": 20013,
            "year": 2001,
            "quarter": 3,
            "eps": -0.05,
            "eps_growth_year": null,
            "eps_4q": null,
            "eps_4q_growth_year": null,
            "roe": -0.38,
            "roe_4q": 3.86,
            "gross_profit": 52854,
            "gross_margin": 19.28,
            "gross_margin_4q_avg": 21.3,
            "net_income": -4449,
            "revenue": 274140,
            "common_shares": 910928,
            "book_valuer_per_share": 12.66,
            "book_valuer_per_share_4q_avg": 13.95,
            "equity": 1153232,
            "current_ratio": 185.37,
            "debt_ratio": 38.47,
            "inventory_turnover_ratio": 0.65,
            "account_receivable_turnover_ratio": null,
            "reinvestment_rate": null,
            "research_to_sale_ratio": null,
            "price_fair": 0,
            "eps_avg_yearly": 0,
            "eps_latest_yearly": 0,
            "eps_growth_yearly": 0
        },
        "20014": {
            "year_quarter": 20014,
            "year": 2001,
            "quarter": 4,
            "eps": 0.22,
            "eps_growth_year": null,
            "eps_4q": 0.73,
            "eps_4q_growth_year": null,
            "roe": 1.73,
            "roe_4q": 5.59,
            "gross_profit": 74676,
            "gross_margin": 26.05,
            "gross_margin_4q_avg": 22.49,
            "net_income": 20090,
            "revenue": 286690,
            "common_shares": 910928,
            "book_valuer_per_share": 12.88,
            "book_valuer_per_share_4q_avg": 13.69,
            "equity": 1173322,
            "current_ratio": 213.18,
            "debt_ratio": 42.68,
            "inventory_turnover_ratio": 0.68,
            "account_receivable_turnover_ratio": null,
            "reinvestment_rate": null,
            "research_to_sale_ratio": null,
            "price_fair": 0,
            "eps_avg_yearly": 0,
            "eps_latest_yearly": 0,
            "eps_growth_yearly": 0
        },
        "20021": {
            "year_quarter": 20021,
            "year": 2002,
            "quarter": 1,
            "eps": 0.38,
            "eps_growth_year": -15.56,
            "eps_4q": 0.71,
            "eps_4q_growth_year": null,
            "roe": 2.94,
            "roe_4q": 5.52,
            "gross_profit": 74981,
            "gross_margin": 22.82,
            "gross_margin_4q_avg": 21.76,
            "net_income": 34971,
            "revenue": 328614,
            "common_shares": 910928,
            "book_valuer_per_share": 13.26,
            "book_valuer_per_share_4q_avg": 13.23,
            "equity": 1208293,
            "current_ratio": 129.95,
            "debt_ratio": 42.84,
            "inventory_turnover_ratio": 0.83,
            "account_receivable_turnover_ratio": null,
            "reinvestment_rate": null,
            "research_to_sale_ratio": null,
            "price_fair": 53.2,
            "eps_avg_yearly": 1.52,
            "eps_latest_yearly": 1.52,
            "eps_growth_yearly": 290.91
        },
        "20022": {
            "year_quarter": 20022,
            "year": 2002,
            "quarter": 2,
            "eps": 0.43,
            "eps_growth_year": 168.75,
            "eps_4q": 0.96,
            "eps_4q_growth_year": null,
            "roe": 3.39,
            "roe_4q": 7.680000000000001,
            "gross_profit": 94892,
            "gross_margin": 27.09,
            "gross_margin_4q_avg": 23.81,
            "net_income": 41025,
            "revenue": 350320,
            "common_shares": 910928,
            "book_valuer_per_share": 13.31,
            "book_valuer_per_share_4q_avg": 13.03,
            "equity": 1212881,
            "current_ratio": 130.31,
            "debt_ratio": 40.42,
            "inventory_turnover_ratio": 0.85,
            "account_receivable_turnover_ratio": null,
            "reinvestment_rate": null,
            "research_to_sale_ratio": null,
            "price_fair": 56.7,
            "eps_avg_yearly": 1.62,
            "eps_latest_yearly": 1.72,
            "eps_growth_yearly": 171.77
        },
        "20023": {
            "year_quarter": 20023,
            "year": 2002,
            "quarter": 3,
            "eps": 0.34,
            "eps_growth_year": null,
            "eps_4q": 1.35,
            "eps_4q_growth_year": null,
            "roe": 2.63,
            "roe_4q": 10.69,
            "gross_profit": 55522,
            "gross_margin": 15.67,
            "gross_margin_4q_avg": 22.91,
            "net_income": 32298,
            "revenue": 354420,
            "common_shares": 953395,
            "book_valuer_per_share": 13.06,
            "book_valuer_per_share_4q_avg": 13.13,
            "equity": 1245179,
            "current_ratio": 133.28,
            "debt_ratio": 36.68,
            "inventory_turnover_ratio": 0.94,
            "account_receivable_turnover_ratio": null,
            "reinvestment_rate": null,
            "research_to_sale_ratio": null,
            "price_fair": 53.67,
            "eps_avg_yearly": 1.53,
            "eps_latest_yearly": 1.36,
            "eps_growth_yearly": 86.61
        },
        "20024": {
            "year_quarter": 20024,
            "year": 2002,
            "quarter": 4,
            "eps": 0.24,
            "eps_growth_year": 9.09,
            "eps_4q": 1.4,
            "eps_4q_growth_year": 90.14,
            "roe": 1.79,
            "roe_4q": 10.75,
            "gross_profit": 77735,
            "gross_margin": 25.22,
            "gross_margin_4q_avg": 22.7,
            "net_income": 22500,
            "revenue": 308206,
            "common_shares": 953395,
            "book_valuer_per_share": 13.3,
            "book_valuer_per_share_4q_avg": 13.23,
            "equity": 1267678,
            "current_ratio": 140.8,
            "debt_ratio": 39.82,
            "inventory_turnover_ratio": 0.66,
            "account_receivable_turnover_ratio": null,
            "reinvestment_rate": null,
            "research_to_sale_ratio": null,
            "price_fair": 48.65,
            "eps_avg_yearly": 1.39,
            "eps_latest_yearly": 0.96,
            "eps_growth_yearly": 35.54
        },
        "20031": {
            "year_quarter": 20031,
            "year": 2003,
            "quarter": 1,
            "eps": 0.18,
            "eps_growth_year": -52.63,
            "eps_4q": 1.17,
            "eps_4q_growth_year": 65.22,
            "roe": 1.36,
            "roe_4q": 9.17,
            "gross_profit": 80899,
            "gross_margin": 25.22,
            "gross_margin_4q_avg": 23.3,
            "net_income": 17382,
            "revenue": 320767,
            "common_shares": 953395,
            "book_valuer_per_share": 13.48,
            "book_valuer_per_share_4q_avg": 13.29,
            "equity": 1285060,
            "current_ratio": 131.78,
            "debt_ratio": 36.17,
            "inventory_turnover_ratio": 0.72,
            "account_receivable_turnover_ratio": null,
            "reinvestment_rate": null,
            "research_to_sale_ratio": null,
            "price_fair": 23.15,
            "eps_avg_yearly": 1.26,
            "eps_latest_yearly": 0.72,
            "eps_growth_yearly": 8.43
        },
        "20032": {
            "year_quarter": 20032,
            "year": 2003,
            "quarter": 2,
            "eps": 0.14,
            "eps_growth_year": -67.44,
            "eps_4q": 0.88,
            "eps_4q_growth_year": -7.88,
            "roe": 1.07,
            "roe_4q": 6.8500000000000005,
            "gross_profit": 58838,
            "gross_margin": 22.36,
            "gross_margin_4q_avg": 22.12,
            "net_income": 13568,
            "revenue": 263166,
            "common_shares": 953395,
            "book_valuer_per_share": 13.04,
            "book_valuer_per_share_4q_avg": 13.22,
            "equity": 1243375,
            "current_ratio": 263.68,
            "debt_ratio": 41.01,
            "inventory_turnover_ratio": 0.65,
            "account_receivable_turnover_ratio": null,
            "reinvestment_rate": null,
            "research_to_sale_ratio": null,
            "price_fair": 3.42,
            "eps_avg_yearly": 1.14,
            "eps_latest_yearly": 0.56,
            "eps_growth_yearly": -7.79
        },
        "20033": {
            "year_quarter": 20033,
            "year": 2003,
            "quarter": 3,
            "eps": 0.09,
            "eps_growth_year": -73.53,
            "eps_4q": 0.62,
            "eps_4q_growth_year": -54.37,
            "roe": 0.73,
            "roe_4q": 4.95,
            "gross_profit": 62699,
            "gross_margin": 21.86,
            "gross_margin_4q_avg": 23.67,
            "net_income": 9133,
            "revenue": 286863,
            "common_shares": 1006482,
            "book_valuer_per_share": 12.44,
            "book_valuer_per_share_4q_avg": 13.07,
            "equity": 1252508,
            "current_ratio": 299.1,
            "debt_ratio": 39.05,
            "inventory_turnover_ratio": 0.67,
            "account_receivable_turnover_ratio": null,
            "reinvestment_rate": null,
            "research_to_sale_ratio": null,
            "price_fair": 3.09,
            "eps_avg_yearly": 1.03,
            "eps_latest_yearly": 0.36,
            "eps_growth_yearly": -27.08
        },
        "20034": {
            "year_quarter": 20034,
            "year": 2003,
            "quarter": 4,
            "eps": 0.16,
            "eps_growth_year": -33.33,
            "eps_4q": 0.55,
            "eps_4q_growth_year": -60.48,
            "roe": 1.28,
            "roe_4q": 4.44,
            "gross_profit": 65111,
            "gross_margin": 19.86,
            "gross_margin_4q_avg": 22.33,
            "net_income": 16389,
            "revenue": 327869,
            "common_shares": 1039196,
            "book_valuer_per_share": 12.65,
            "book_valuer_per_share_4q_avg": 12.9,
            "equity": 1315100,
            "current_ratio": 258.24,
            "debt_ratio": 39.17,
            "inventory_turnover_ratio": 0.77,
            "account_receivable_turnover_ratio": null,
            "reinvestment_rate": null,
            "research_to_sale_ratio": null,
            "price_fair": 24.69,
            "eps_avg_yearly": 0.98,
            "eps_latest_yearly": 0.64,
            "eps_growth_yearly": 15.19
        },
        "20041": {
            "year_quarter": 20041,
            "year": 2004,
            "quarter": 1,
            "eps": 0.14,
            "eps_growth_year": -22.22,
            "eps_4q": 0.51,
            "eps_4q_growth_year": -56.12,
            "roe": 1.11,
            "roe_4q": 4.19,
            "gross_profit": 78527,
            "gross_margin": 25.15,
            "gross_margin_4q_avg": 22.31,
            "net_income": 14616,
            "revenue": 312231,
            "common_shares": 1039268,
            "book_valuer_per_share": 12.8,
            "book_valuer_per_share_4q_avg": 12.73,
            "equity": 1329818,
            "current_ratio": 257.66,
            "debt_ratio": 39.91,
            "inventory_turnover_ratio": 0.66,
            "account_receivable_turnover_ratio": null,
            "reinvestment_rate": null,
            "research_to_sale_ratio": null,
            "price_fair": 16.75,
            "eps_avg_yearly": 0.93,
            "eps_latest_yearly": 0.56,
            "eps_growth_yearly": 7.95
        },
        "20042": {
            "year_quarter": 20042,
            "year": 2004,
            "quarter": 2,
            "eps": 0.24,
            "eps_growth_year": 71.43,
            "eps_4q": 0.63,
            "eps_4q_growth_year": -28.82,
            "roe": 1.88,
            "roe_4q": 5,
            "gross_profit": 87522,
            "gross_margin": 26.92,
            "gross_margin_4q_avg": 23.45,
            "net_income": 24713,
            "revenue": 325140,
            "common_shares": 1039482,
            "book_valuer_per_share": 12.47,
            "book_valuer_per_share_4q_avg": 12.59,
            "equity": 1295788,
            "current_ratio": 248.47,
            "debt_ratio": 40.75,
            "inventory_turnover_ratio": 0.7,
            "account_receivable_turnover_ratio": null,
            "reinvestment_rate": null,
            "research_to_sale_ratio": null,
            "price_fair": 32.76,
            "eps_avg_yearly": 0.94,
            "eps_latest_yearly": 0.96,
            "eps_growth_yearly": 35.73
        },
        "20043": {
            "year_quarter": 20043,
            "year": 2004,
            "quarter": 3,
            "eps": 0.11,
            "eps_growth_year": 22.22,
            "eps_4q": 0.63,
            "eps_4q_growth_year": 1.67,
            "roe": 0.91,
            "roe_4q": 5.180000000000001,
            "gross_profit": 66920,
            "gross_margin": 23.83,
            "gross_margin_4q_avg": 23.94,
            "net_income": 11854,
            "revenue": 280791,
            "common_shares": 1039482,
            "book_valuer_per_share": 12.58,
            "book_valuer_per_share_4q_avg": 12.63,
            "equity": 1307642,
            "current_ratio": 223.21,
            "debt_ratio": 40.04,
            "inventory_turnover_ratio": 0.67,
            "account_receivable_turnover_ratio": null,
            "reinvestment_rate": null,
            "research_to_sale_ratio": null,
            "price_fair": 20.3,
            "eps_avg_yearly": 0.89,
            "eps_latest_yearly": 0.44,
            "eps_growth_yearly": 12.78
        },
        "20044": {
            "year_quarter": 20044,
            "year": 2004,
            "quarter": 4,
            "eps": -0.06,
            "eps_growth_year": -137.5,
            "eps_4q": 0.43,
            "eps_4q_growth_year": -22,
            "roe": -0.47,
            "roe_4q": 3.4299999999999997,
            "gross_profit": 48535,
            "gross_margin": 19.67,
            "gross_margin_4q_avg": 23.89,
            "net_income": -6149,
            "revenue": 246767,
            "common_shares": 1039482,
            "book_valuer_per_share": 12.41,
            "book_valuer_per_share_4q_avg": 12.57,
            "equity": 1289901,
            "current_ratio": 274.78,
            "debt_ratio": 36.24,
            "inventory_turnover_ratio": 0.61,
            "account_receivable_turnover_ratio": null,
            "reinvestment_rate": -7.56,
            "research_to_sale_ratio": null,
            "price_fair": 20.3,
            "eps_avg_yearly": 0.89,
            "eps_latest_yearly": 0.44,
            "eps_growth_yearly": 12.78
        },
        "20051": {
            "year_quarter": 20051,
            "year": 2005,
            "quarter": 1,
            "eps": -0.46,
            "eps_growth_year": -428.57,
            "eps_4q": -0.17,
            "eps_4q_growth_year": -132.22,
            "roe": -3.76,
            "roe_4q": -1.4399999999999995,
            "gross_profit": 43349,
            "gross_margin": 19.32,
            "gross_margin_4q_avg": 22.44,
            "net_income": -47550,
            "revenue": 224384,
            "common_shares": 1039482,
            "book_valuer_per_share": 11.92,
            "book_valuer_per_share_4q_avg": 12.35,
            "equity": 1238667,
            "current_ratio": 288.82,
            "debt_ratio": 37.74,
            "inventory_turnover_ratio": 0.57,
            "account_receivable_turnover_ratio": null,
            "reinvestment_rate": -54.33,
            "research_to_sale_ratio": null,
            "price_fair": 20.3,
            "eps_avg_yearly": 0.89,
            "eps_latest_yearly": 0.44,
            "eps_growth_yearly": 12.78
        },
        "20052": {
            "year_quarter": 20052,
            "year": 2005,
            "quarter": 2,
            "eps": -0.11,
            "eps_growth_year": -145.83,
            "eps_4q": -0.51,
            "eps_4q_growth_year": -180.79,
            "roe": -0.91,
            "roe_4q": -4.2299999999999995,
            "gross_profit": 51173,
            "gross_margin": 19.39,
            "gross_margin_4q_avg": 20.55,
            "net_income": -11047,
            "revenue": 263949,
            "common_shares": 1039482,
            "book_valuer_per_share": 11.47,
            "book_valuer_per_share_4q_avg": 12.1,
            "equity": 1192259,
            "current_ratio": 220.71,
            "debt_ratio": 42.44,
            "inventory_turnover_ratio": 0.75,
            "account_receivable_turnover_ratio": null,
            "reinvestment_rate": -65.24,
            "research_to_sale_ratio": null,
            "price_fair": 20.3,
            "eps_avg_yearly": 0.89,
            "eps_latest_yearly": 0.44,
            "eps_growth_yearly": 12.78
        },
        "20053": {
            "year_quarter": 20053,
            "year": 2005,
            "quarter": 3,
            "eps": -0.29,
            "eps_growth_year": -363.64,
            "eps_4q": -0.83,
            "eps_4q_growth_year": -232.68,
            "roe": -2.72,
            "roe_4q": -7.86,
            "gross_profit": 63105,
            "gross_margin": 22.84,
            "gross_margin_4q_avg": 20.31,
            "net_income": -34763,
            "revenue": 276322,
            "common_shares": 1196088,
            "book_valuer_per_share": 11.4,
            "book_valuer_per_share_4q_avg": 11.8,
            "equity": 1362945,
            "current_ratio": 196.88,
            "debt_ratio": 32.15,
            "inventory_turnover_ratio": 0.83,
            "account_receivable_turnover_ratio": null,
            "reinvestment_rate": -88.79,
            "research_to_sale_ratio": null,
            "price_fair": 20.3,
            "eps_avg_yearly": 0.89,
            "eps_latest_yearly": 0.44,
            "eps_growth_yearly": 12.78
        },
        "20054": {
            "year_quarter": 20054,
            "year": 2005,
            "quarter": 4,
            "eps": -0.5,
            "eps_growth_year": null,
            "eps_4q": -1.37,
            "eps_4q_growth_year": -418.6,
            "roe": -4.03,
            "roe_4q": -11.42,
            "gross_profit": 62570,
            "gross_margin": 23.28,
            "gross_margin_4q_avg": 21.21,
            "net_income": -53912,
            "revenue": 268804,
            "common_shares": 1206802,
            "book_valuer_per_share": 10.86,
            "book_valuer_per_share_4q_avg": 11.41,
            "equity": 1310136,
            "current_ratio": 145.8,
            "debt_ratio": 29.96,
            "inventory_turnover_ratio": 0.75,
            "account_receivable_turnover_ratio": null,
            "reinvestment_rate": 57.69,
            "research_to_sale_ratio": null,
            "price_fair": 20.3,
            "eps_avg_yearly": 0.89,
            "eps_latest_yearly": 0.44,
            "eps_growth_yearly": 12.78
        },
        "20061": {
            "year_quarter": 20061,
            "year": 2006,
            "quarter": 1,
            "eps": -0.17,
            "eps_growth_year": null,
            "eps_4q": -1.02,
            "eps_4q_growth_year": null,
            "roe": -1.51,
            "roe_4q": -9.17,
            "gross_profit": 45560,
            "gross_margin": 18.87,
            "gross_margin_4q_avg": 21.1,
            "net_income": -19970,
            "revenue": 241471,
            "common_shares": 1232159,
            "book_valuer_per_share": 10.87,
            "book_valuer_per_share_4q_avg": 11.15,
            "equity": 1338750,
            "current_ratio": 150.71,
            "debt_ratio": 27.26,
            "inventory_turnover_ratio": 0.77,
            "account_receivable_turnover_ratio": null,
            "reinvestment_rate": -485.75,
            "research_to_sale_ratio": null,
            "price_fair": 2.48,
            "eps_avg_yearly": 0.83,
            "eps_latest_yearly": 0.44,
            "eps_growth_yearly": -15.03
        },
        "20062": {
            "year_quarter": 20062,
            "year": 2006,
            "quarter": 2,
            "eps": -0.03,
            "eps_growth_year": null,
            "eps_4q": -0.91,
            "eps_4q_growth_year": null,
            "roe": -0.26,
            "roe_4q": -8.520000000000001,
            "gross_profit": 57532,
            "gross_margin": 21.32,
            "gross_margin_4q_avg": 21.58,
            "net_income": -3547,
            "revenue": 269906,
            "common_shares": 1232159,
            "book_valuer_per_share": 10.88,
            "book_valuer_per_share_4q_avg": 11,
            "equity": 1339988,
            "current_ratio": 161.75,
            "debt_ratio": 25.19,
            "inventory_turnover_ratio": 1.06,
            "account_receivable_turnover_ratio": null,
            "reinvestment_rate": null,
            "research_to_sale_ratio": null,
            "price_fair": 2.19,
            "eps_avg_yearly": 0.73,
            "eps_latest_yearly": 0.44,
            "eps_growth_yearly": -22.55
        },
        "20063": {
            "year_quarter": 20063,
            "year": 2006,
            "quarter": 3,
            "eps": 0.35,
            "eps_growth_year": null,
            "eps_4q": -0.29,
            "eps_4q_growth_year": null,
            "roe": 3.1,
            "roe_4q": -2.7,
            "gross_profit": 68942,
            "gross_margin": 19.21,
            "gross_margin_4q_avg": 20.67,
            "net_income": 42286,
            "revenue": 358844,
            "common_shares": 1232159,
            "book_valuer_per_share": 11.27,
            "book_valuer_per_share_4q_avg": 10.97,
            "equity": 1389081,
            "current_ratio": 169.2,
            "debt_ratio": 26.56,
            "inventory_turnover_ratio": 1.38,
            "account_receivable_turnover_ratio": null,
            "reinvestment_rate": null,
            "research_to_sale_ratio": null,
            "price_fair": 1.95,
            "eps_avg_yearly": 0.65,
            "eps_latest_yearly": 0.44,
            "eps_growth_yearly": -14.9
        },
        "20064": {
            "year_quarter": 20064,
            "year": 2006,
            "quarter": 4,
            "eps": 0.3,
            "eps_growth_year": null,
            "eps_4q": 0.46,
            "eps_4q_growth_year": null,
            "roe": 2.56,
            "roe_4q": 3.8900000000000006,
            "gross_profit": 69446,
            "gross_margin": 24.75,
            "gross_margin_4q_avg": 21.04,
            "net_income": 36175,
            "revenue": 280571,
            "common_shares": 1232427,
            "book_valuer_per_share": 11.7,
            "book_valuer_per_share_4q_avg": 11.18,
            "equity": 1441502,
            "current_ratio": 202.33,
            "debt_ratio": 25.23,
            "inventory_turnover_ratio": 0.79,
            "account_receivable_turnover_ratio": null,
            "reinvestment_rate": 67.81,
            "research_to_sale_ratio": null,
            "price_fair": 2.04,
            "eps_avg_yearly": 0.68,
            "eps_latest_yearly": 1.2,
            "eps_growth_yearly": -7.34
        },
        "20071": {
            "year_quarter": 20071,
            "year": 2007,
            "quarter": 1,
            "eps": 0.22,
            "eps_growth_year": null,
            "eps_4q": 0.83,
            "eps_4q_growth_year": null,
            "roe": 1.83,
            "roe_4q": 7.23,
            "gross_profit": 69679,
            "gross_margin": 24.63,
            "gross_margin_4q_avg": 22.48,
            "net_income": 27084,
            "revenue": 282948,
            "common_shares": 1257694,
            "book_valuer_per_share": 12.02,
            "book_valuer_per_share_4q_avg": 11.47,
            "equity": 1511442,
            "current_ratio": 155.37,
            "debt_ratio": 24.79,
            "inventory_turnover_ratio": 0.81,
            "account_receivable_turnover_ratio": null,
            "reinvestment_rate": -1245.19,
            "research_to_sale_ratio": null,
            "price_fair": 2.1,
            "eps_avg_yearly": 0.7,
            "eps_latest_yearly": 0.88,
            "eps_growth_yearly": -8.17
        },
        "20072": {
            "year_quarter": 20072,
            "year": 2007,
            "quarter": 2,
            "eps": 0.41,
            "eps_growth_year": null,
            "eps_4q": 1.25,
            "eps_4q_growth_year": null,
            "roe": 3.32,
            "roe_4q": 10.81,
            "gross_profit": 75476,
            "gross_margin": 22.41,
            "gross_margin_4q_avg": 22.75,
            "net_income": 51218,
            "revenue": 336868,
            "common_shares": 1260909,
            "book_valuer_per_share": 12.52,
            "book_valuer_per_share_4q_avg": 11.88,
            "equity": 1578088,
            "current_ratio": 129.28,
            "debt_ratio": 27.99,
            "inventory_turnover_ratio": 1.14,
            "account_receivable_turnover_ratio": null,
            "reinvestment_rate": -411.21,
            "research_to_sale_ratio": null,
            "price_fair": 29.23,
            "eps_avg_yearly": 0.84,
            "eps_latest_yearly": 1.64,
            "eps_growth_yearly": 46.12
        },
        "20073": {
            "year_quarter": 20073,
            "year": 2007,
            "quarter": 3,
            "eps": 0.48,
            "eps_growth_year": 37.14,
            "eps_4q": 1.38,
            "eps_4q_growth_year": null,
            "roe": 3.76,
            "roe_4q": 11.47,
            "gross_profit": 100358,
            "gross_margin": 24.34,
            "gross_margin_4q_avg": 24.03,
            "net_income": 60747,
            "revenue": 412245,
            "common_shares": 1277605,
            "book_valuer_per_share": 12.92,
            "book_valuer_per_share_4q_avg": 12.29,
            "equity": 1651090,
            "current_ratio": 140.35,
            "debt_ratio": 26.85,
            "inventory_turnover_ratio": 1.27,
            "account_receivable_turnover_ratio": null,
            "reinvestment_rate": -223.14,
            "research_to_sale_ratio": null,
            "price_fair": 36.05,
            "eps_avg_yearly": 1.03,
            "eps_latest_yearly": 1.92,
            "eps_growth_yearly": 72.51
        },
        "20074": {
            "year_quarter": 20074,
            "year": 2007,
            "quarter": 4,
            "eps": 0.23,
            "eps_growth_year": -23.33,
            "eps_4q": 1.31,
            "eps_4q_growth_year": 188.44,
            "roe": 1.49,
            "roe_4q": 10.4,
            "gross_profit": 75041,
            "gross_margin": 20.41,
            "gross_margin_4q_avg": 22.95,
            "net_income": 29495,
            "revenue": 367641,
            "common_shares": 1277605,
            "book_valuer_per_share": 13.03,
            "book_valuer_per_share_4q_avg": 12.62,
            "equity": 2301607,
            "current_ratio": 194.7,
            "debt_ratio": 32.24,
            "inventory_turnover_ratio": 0.67,
            "account_receivable_turnover_ratio": null,
            "reinvestment_rate": 264.17,
            "research_to_sale_ratio": null,
            "price_fair": 18.72,
            "eps_avg_yearly": 1.07,
            "eps_latest_yearly": 0.92,
            "eps_growth_yearly": 7.58
        },
        "20081": {
            "year_quarter": 20081,
            "year": 2008,
            "quarter": 1,
            "eps": 0.01,
            "eps_growth_year": -95.45,
            "eps_4q": 0.03,
            "eps_4q_growth_year": -96.12,
            "roe": -1.97,
            "roe_4q": 6.6,
            "gross_profit": 105415,
            "gross_margin": 14,
            "gross_margin_4q_avg": 20.29,
            "net_income": -44626,
            "revenue": 752904,
            "common_shares": 1277605,
            "book_valuer_per_share": 17.39,
            "book_valuer_per_share_4q_avg": 13.97,
            "equity": 2222173,
            "current_ratio": 199.02,
            "debt_ratio": 30.35,
            "inventory_turnover_ratio": 1.08,
            "account_receivable_turnover_ratio": null,
            "reinvestment_rate": 588.48,
            "research_to_sale_ratio": null,
            "price_fair": 3,
            "eps_avg_yearly": 1,
            "eps_latest_yearly": 0.04,
            "eps_growth_yearly": -33.99
        },
        "20082": {
            "year_quarter": 20082,
            "year": 2008,
            "quarter": 2,
            "eps": 0.31,
            "eps_growth_year": -24.39,
            "eps_4q": 0.92,
            "eps_4q_growth_year": -26.61,
            "roe": 2.1,
            "roe_4q": 5.38,
            "gross_profit": 132482,
            "gross_margin": 15.93,
            "gross_margin_4q_avg": 18.67,
            "net_income": 46713,
            "revenue": 831538,
            "common_shares": 1585629,
            "book_valuer_per_share": 14.03,
            "book_valuer_per_share_4q_avg": 14.34,
            "equity": 2224632,
            "current_ratio": 191.49,
            "debt_ratio": 33.56,
            "inventory_turnover_ratio": 1.14,
            "account_receivable_turnover_ratio": null,
            "reinvestment_rate": 369.09,
            "research_to_sale_ratio": null,
            "price_fair": 36.23,
            "eps_avg_yearly": 1.04,
            "eps_latest_yearly": 1.24,
            "eps_growth_yearly": 1430.29
        },
        "20083": {
            "year_quarter": 20083,
            "year": 2008,
            "quarter": 3,
            "eps": 0.27,
            "eps_growth_year": -43.75,
            "eps_4q": 0.78,
            "eps_4q_growth_year": -43.95,
            "roe": 1.85,
            "roe_4q": 3.47,
            "gross_profit": 98678,
            "gross_margin": 12.12,
            "gross_margin_4q_avg": 15.62,
            "net_income": 41628,
            "revenue": 814262,
            "common_shares": 1622098,
            "book_valuer_per_share": 14.07,
            "book_valuer_per_share_4q_avg": 14.63,
            "equity": 2282645,
            "current_ratio": 197.97,
            "debt_ratio": 32.64,
            "inventory_turnover_ratio": 1.1,
            "account_receivable_turnover_ratio": null,
            "reinvestment_rate": 285.21,
            "research_to_sale_ratio": null,
            "price_fair": 39.03,
            "eps_avg_yearly": 1.12,
            "eps_latest_yearly": 1.08,
            "eps_growth_yearly": 1450.92
        },
        "20084": {
            "year_quarter": 20084,
            "year": 2008,
            "quarter": 4,
            "eps": -0.31,
            "eps_growth_year": -234.78,
            "eps_4q": 2.22,
            "eps_4q_growth_year": 68.9,
            "roe": -2.14,
            "roe_4q": -0.15999999999999992,
            "gross_profit": 52319,
            "gross_margin": 8.97,
            "gross_margin_4q_avg": 12.76,
            "net_income": -48585,
            "revenue": 583324,
            "common_shares": 1622098,
            "book_valuer_per_share": 13.87,
            "book_valuer_per_share_4q_avg": 14.84,
            "equity": 2250543,
            "current_ratio": 232.95,
            "debt_ratio": 25.8,
            "inventory_turnover_ratio": 0.87,
            "account_receivable_turnover_ratio": 1.64,
            "reinvestment_rate": 352.82,
            "research_to_sale_ratio": null,
            "price_fair": 39.03,
            "eps_avg_yearly": 1.12,
            "eps_latest_yearly": 1.08,
            "eps_growth_yearly": 1450.92
        },
        "20091": {
            "year_quarter": 20091,
            "year": 2009,
            "quarter": 1,
            "eps": -0.12,
            "eps_growth_year": -1300,
            "eps_4q": 0.12,
            "eps_4q_growth_year": 283.22,
            "roe": -0.88,
            "roe_4q": 0.9300000000000002,
            "gross_profit": 14753,
            "gross_margin": 2.99,
            "gross_margin_4q_avg": 10,
            "net_income": -19797,
            "revenue": 493563,
            "common_shares": 1622098,
            "book_valuer_per_share": 13.84,
            "book_valuer_per_share_4q_avg": 13.95,
            "equity": 2245417,
            "current_ratio": 292.09,
            "debt_ratio": 19.48,
            "inventory_turnover_ratio": 0.94,
            "account_receivable_turnover_ratio": 0.78,
            "reinvestment_rate": 182.89,
            "research_to_sale_ratio": null,
            "price_fair": 39.03,
            "eps_avg_yearly": 1.12,
            "eps_latest_yearly": 1.08,
            "eps_growth_yearly": 1450.92
        },
        "20092": {
            "year_quarter": 20092,
            "year": 2009,
            "quarter": 2,
            "eps": 0.16,
            "eps_growth_year": -48.39,
            "eps_4q": -0.01,
            "eps_4q_growth_year": -101.2,
            "roe": 1.11,
            "roe_4q": -0.06000000000000005,
            "gross_profit": 121451,
            "gross_margin": 17.56,
            "gross_margin_4q_avg": 10.41,
            "net_income": 25026,
            "revenue": 691754,
            "common_shares": 1622098,
            "book_valuer_per_share": 13.91,
            "book_valuer_per_share_4q_avg": 13.92,
            "equity": 2255858,
            "current_ratio": 301.93,
            "debt_ratio": 19.55,
            "inventory_turnover_ratio": 1.25,
            "account_receivable_turnover_ratio": 1.06,
            "reinvestment_rate": 102.48,
            "research_to_sale_ratio": null,
            "price_fair": 39.03,
            "eps_avg_yearly": 1.12,
            "eps_latest_yearly": 1.08,
            "eps_growth_yearly": 1450.92
        },
        "20093": {
            "year_quarter": 20093,
            "year": 2009,
            "quarter": 3,
            "eps": 0.41,
            "eps_growth_year": 51.85,
            "eps_4q": 0.15,
            "eps_4q_growth_year": -80.94,
            "roe": 2.96,
            "roe_4q": 1.0500000000000003,
            "gross_profit": 158525,
            "gross_margin": 20.19,
            "gross_margin_4q_avg": 12.43,
            "net_income": 67824,
            "revenue": 785063,
            "common_shares": 1634127,
            "book_valuer_per_share": 14.25,
            "book_valuer_per_share_4q_avg": 13.97,
            "equity": 2328329,
            "current_ratio": 288.38,
            "debt_ratio": 21.32,
            "inventory_turnover_ratio": 1.4,
            "account_receivable_turnover_ratio": 0.99,
            "reinvestment_rate": 62.66,
            "research_to_sale_ratio": null,
            "price_fair": 41.07,
            "eps_avg_yearly": 1.17,
            "eps_latest_yearly": 1.64,
            "eps_growth_yearly": 1359.15
        },
        "20094": {
            "year_quarter": 20094,
            "year": 2009,
            "quarter": 4,
            "eps": 0.4,
            "eps_growth_year": null,
            "eps_4q": 0.84,
            "eps_4q_growth_year": -62.02,
            "roe": 2.75,
            "roe_4q": 5.94,
            "gross_profit": 142638,
            "gross_margin": 20.27,
            "gross_margin_4q_avg": 15.25,
            "net_income": 65271,
            "revenue": 703562,
            "common_shares": 1634127,
            "book_valuer_per_share": 14.71,
            "book_valuer_per_share_4q_avg": 14.18,
            "equity": 2410555,
            "current_ratio": 324.04,
            "debt_ratio": 18.92,
            "inventory_turnover_ratio": 1.27,
            "account_receivable_turnover_ratio": 1.68,
            "reinvestment_rate": -6.44,
            "research_to_sale_ratio": null,
            "price_fair": 42.56,
            "eps_avg_yearly": 1.22,
            "eps_latest_yearly": 1.6,
            "eps_growth_yearly": 1222.26
        },
        "20101": {
            "year_quarter": 20101,
            "year": 2010,
            "quarter": 1,
            "eps": 0.41,
            "eps_growth_year": null,
            "eps_4q": 1.37,
            "eps_4q_growth_year": 1014.97,
            "roe": 2.74,
            "roe_4q": 9.559999999999999,
            "gross_profit": 154711,
            "gross_margin": 20.69,
            "gross_margin_4q_avg": 19.68,
            "net_income": 66722,
            "revenue": 747889,
            "common_shares": 1638917,
            "book_valuer_per_share": 15.06,
            "book_valuer_per_share_4q_avg": 14.48,
            "equity": 2467520,
            "current_ratio": 279.14,
            "debt_ratio": 23.03,
            "inventory_turnover_ratio": 1.33,
            "account_receivable_turnover_ratio": 0.87,
            "reinvestment_rate": 40,
            "research_to_sale_ratio": 2.39,
            "price_fair": 43.91,
            "eps_avg_yearly": 1.25,
            "eps_latest_yearly": 1.64,
            "eps_growth_yearly": 1112.06
        },
        "20102": {
            "year_quarter": 20102,
            "year": 2010,
            "quarter": 2,
            "eps": 0.7,
            "eps_growth_year": 338.94,
            "eps_4q": 1.9,
            "eps_4q_growth_year": null,
            "roe": 4.71,
            "roe_4q": 13.16,
            "gross_profit": 207056,
            "gross_margin": 22.1,
            "gross_margin_4q_avg": 20.81,
            "net_income": 116723,
            "revenue": 936942,
            "common_shares": 1638917,
            "book_valuer_per_share": 15.26,
            "book_valuer_per_share_4q_avg": 14.82,
            "equity": 2485492,
            "current_ratio": 232.58,
            "debt_ratio": 28.84,
            "inventory_turnover_ratio": 1.48,
            "account_receivable_turnover_ratio": 1,
            "reinvestment_rate": 36.65,
            "research_to_sale_ratio": 2.3,
            "price_fair": 48.42,
            "eps_avg_yearly": 1.38,
            "eps_latest_yearly": 2.8,
            "eps_growth_yearly": 1042.96
        },
        "20103": {
            "year_quarter": 20103,
            "year": 2010,
            "quarter": 3,
            "eps": 0.38,
            "eps_growth_year": -8.14,
            "eps_4q": 1.87,
            "eps_4q_growth_year": 1165.72,
            "roe": 2.48,
            "roe_4q": 12.68,
            "gross_profit": 167838,
            "gross_margin": 19.23,
            "gross_margin_4q_avg": 20.57,
            "net_income": 62636,
            "revenue": 872706,
            "common_shares": 1673091,
            "book_valuer_per_share": 15.46,
            "book_valuer_per_share_4q_avg": 15.12,
            "equity": 2571218,
            "current_ratio": 249.87,
            "debt_ratio": 25.7,
            "inventory_turnover_ratio": 1.31,
            "account_receivable_turnover_ratio": 0.95,
            "reinvestment_rate": 59.28,
            "research_to_sale_ratio": 2.36,
            "price_fair": 48.78,
            "eps_avg_yearly": 1.39,
            "eps_latest_yearly": 1.52,
            "eps_growth_yearly": 948.67
        },
        "20104": {
            "year_quarter": 20104,
            "year": 2010,
            "quarter": 4,
            "eps": 0.04,
            "eps_growth_year": -89.29,
            "eps_4q": 1.52,
            "eps_4q_growth_year": 80.57,
            "roe": 0.28,
            "roe_4q": 10.21,
            "gross_profit": 103469,
            "gross_margin": 14.86,
            "gross_margin_4q_avg": 19.22,
            "net_income": 7126,
            "revenue": 696259,
            "common_shares": 1673490,
            "book_valuer_per_share": 15.25,
            "book_valuer_per_share_4q_avg": 15.26,
            "equity": 2536966,
            "current_ratio": 228.47,
            "debt_ratio": 28.17,
            "inventory_turnover_ratio": 1.1,
            "account_receivable_turnover_ratio": 0.87,
            "reinvestment_rate": 28.19,
            "research_to_sale_ratio": 3.02,
            "price_fair": 45.98,
            "eps_avg_yearly": 1.31,
            "eps_latest_yearly": 0.16,
            "eps_growth_yearly": 925.53
        },
        "20111": {
            "year_quarter": 20111,
            "year": 2011,
            "quarter": 1,
            "eps": 0.07,
            "eps_growth_year": -82.93,
            "eps_4q": 1.19,
            "eps_4q_growth_year": -13.14,
            "roe": 0.48,
            "roe_4q": 7.95,
            "gross_profit": 92504,
            "gross_margin": 14.24,
            "gross_margin_4q_avg": 17.61,
            "net_income": 12218,
            "revenue": 649470,
            "common_shares": 1677545,
            "book_valuer_per_share": 15.19,
            "book_valuer_per_share_4q_avg": 15.29,
            "equity": 2532944,
            "current_ratio": 224.14,
            "debt_ratio": 31.6,
            "inventory_turnover_ratio": 1.02,
            "account_receivable_turnover_ratio": 0.9,
            "reinvestment_rate": 70.38,
            "research_to_sale_ratio": 2.92,
            "price_fair": 44.37,
            "eps_avg_yearly": 1.27,
            "eps_latest_yearly": 0.28,
            "eps_growth_yearly": 956.82
        },
        "20112": {
            "year_quarter": 20112,
            "year": 2011,
            "quarter": 2,
            "eps": 0.38,
            "eps_growth_year": -46.45,
            "eps_4q": 0.82,
            "eps_4q_growth_year": -57,
            "roe": 2.75,
            "roe_4q": 5.99,
            "gross_profit": 113015,
            "gross_margin": 15.63,
            "gross_margin_4q_avg": 15.99,
            "net_income": 69615,
            "revenue": 723165,
            "common_shares": 1677733,
            "book_valuer_per_share": 15.13,
            "book_valuer_per_share_4q_avg": 15.26,
            "equity": 2523271,
            "current_ratio": 206.85,
            "debt_ratio": 34.8,
            "inventory_turnover_ratio": 1.03,
            "account_receivable_turnover_ratio": 1.03,
            "reinvestment_rate": 70.55,
            "research_to_sale_ratio": 2.75,
            "price_fair": 44.05,
            "eps_avg_yearly": 1.26,
            "eps_latest_yearly": 1.52,
            "eps_growth_yearly": 1066.51
        },
        "20113": {
            "year_quarter": 20113,
            "year": 2011,
            "quarter": 3,
            "eps": 0.05,
            "eps_growth_year": -87.45,
            "eps_4q": 0.53,
            "eps_4q_growth_year": -71.81,
            "roe": 0.34,
            "roe_4q": 3.8499999999999996,
            "gross_profit": 79787,
            "gross_margin": 12.67,
            "gross_margin_4q_avg": 14.35,
            "net_income": 8753,
            "revenue": 629874,
            "common_shares": 1861163,
            "book_valuer_per_share": 13.98,
            "book_valuer_per_share_4q_avg": 14.89,
            "equity": 2588521,
            "current_ratio": 213.7,
            "debt_ratio": 32.86,
            "inventory_turnover_ratio": 0.88,
            "account_receivable_turnover_ratio": 0.9,
            "reinvestment_rate": 91.08,
            "research_to_sale_ratio": 2.84,
            "price_fair": 39.42,
            "eps_avg_yearly": 1.13,
            "eps_latest_yearly": 0.2,
            "eps_growth_yearly": 1034.53
        },
        "20114": {
            "year_quarter": 20114,
            "year": 2011,
            "quarter": 4,
            "eps": -0.19,
            "eps_growth_year": -537.58,
            "eps_4q": 0.3,
            "eps_4q_growth_year": -80.17,
            "roe": -1.35,
            "roe_4q": 2.2199999999999998,
            "gross_profit": 28706,
            "gross_margin": 5.94,
            "gross_margin_4q_avg": 12.12,
            "net_income": -34700,
            "revenue": 483482,
            "common_shares": 1861163,
            "book_valuer_per_share": 13.8,
            "book_valuer_per_share_4q_avg": 14.53,
            "equity": 2554482,
            "current_ratio": 231.33,
            "debt_ratio": 29.02,
            "inventory_turnover_ratio": 0.77,
            "account_receivable_turnover_ratio": 0.79,
            "reinvestment_rate": -15.16,
            "research_to_sale_ratio": 3.25,
            "price_fair": 40.02,
            "eps_avg_yearly": 1.14,
            "eps_latest_yearly": 0.2,
            "eps_growth_yearly": 1138.1
        },
        "20121": {
            "year_quarter": 20121,
            "year": 2012,
            "quarter": 1,
            "eps": -0.21,
            "eps_growth_year": -400,
            "eps_4q": 0.03,
            "eps_4q_growth_year": -97.83,
            "roe": -1.54,
            "roe_4q": 0.19999999999999973,
            "gross_profit": 33674,
            "gross_margin": 7,
            "gross_margin_4q_avg": 10.31,
            "net_income": -38872,
            "revenue": 480857,
            "common_shares": 1861163,
            "book_valuer_per_share": 13.41,
            "book_valuer_per_share_4q_avg": 14.08,
            "equity": 2482253,
            "current_ratio": 232.35,
            "debt_ratio": 28.24,
            "inventory_turnover_ratio": 0.83,
            "account_receivable_turnover_ratio": 0.94,
            "reinvestment_rate": -20.01,
            "research_to_sale_ratio": 2.92,
            "price_fair": 43.53,
            "eps_avg_yearly": 1.24,
            "eps_latest_yearly": 0.2,
            "eps_growth_yearly": 1276.35
        },
        "20122": {
            "year_quarter": 20122,
            "year": 2012,
            "quarter": 2,
            "eps": -0.03,
            "eps_growth_year": -107.93,
            "eps_4q": -0.38,
            "eps_4q_growth_year": -146.4,
            "roe": -0.22,
            "roe_4q": -2.7700000000000005,
            "gross_profit": 79135,
            "gross_margin": 12.75,
            "gross_margin_4q_avg": 9.59,
            "net_income": -5521,
            "revenue": 620896,
            "common_shares": 1861163,
            "book_valuer_per_share": 13.4,
            "book_valuer_per_share_4q_avg": 13.65,
            "equity": 2480204,
            "current_ratio": 226.89,
            "debt_ratio": 29.48,
            "inventory_turnover_ratio": 1.04,
            "account_receivable_turnover_ratio": 1.11,
            "reinvestment_rate": -8.67,
            "research_to_sale_ratio": 2.52,
            "price_fair": 43.54,
            "eps_avg_yearly": 1.24,
            "eps_latest_yearly": 0.2,
            "eps_growth_yearly": 203.99
        },
        "20123": {
            "year_quarter": 20123,
            "year": 2012,
            "quarter": 3,
            "eps": 0.01,
            "eps_growth_year": -83.49,
            "eps_4q": -0.42,
            "eps_4q_growth_year": -179.47,
            "roe": 0.06,
            "roe_4q": -3.05,
            "gross_profit": 77691,
            "gross_margin": 13.79,
            "gross_margin_4q_avg": 9.87,
            "net_income": 1445,
            "revenue": 563447,
            "common_shares": 1861163,
            "book_valuer_per_share": 13.35,
            "book_valuer_per_share_4q_avg": 13.49,
            "equity": 2470657,
            "current_ratio": 237.51,
            "debt_ratio": 28.38,
            "inventory_turnover_ratio": 0.96,
            "account_receivable_turnover_ratio": 0.92,
            "reinvestment_rate": -22.45,
            "research_to_sale_ratio": 2.86,
            "price_fair": 44.18,
            "eps_avg_yearly": 1.26,
            "eps_latest_yearly": 0.2,
            "eps_growth_yearly": 232.39
        },
        "20124": {
            "year_quarter": 20124,
            "year": 2012,
            "quarter": 4,
            "eps": -0.03,
            "eps_growth_year": null,
            "eps_4q": -0.26,
            "eps_4q_growth_year": -186.18,
            "roe": -0.21,
            "roe_4q": -1.9100000000000001,
            "gross_profit": 67147,
            "gross_margin": 12.88,
            "gross_margin_4q_avg": 11.61,
            "net_income": -5216,
            "revenue": 521196,
            "common_shares": 1861163,
            "book_valuer_per_share": 13.26,
            "book_valuer_per_share_4q_avg": 13.36,
            "equity": 2454618,
            "current_ratio": 253.84,
            "debt_ratio": 26.36,
            "inventory_turnover_ratio": 0.99,
            "account_receivable_turnover_ratio": 0.92,
            "reinvestment_rate": -17.59,
            "research_to_sale_ratio": 2.78,
            "price_fair": 44.18,
            "eps_avg_yearly": 1.26,
            "eps_latest_yearly": 0.2,
            "eps_growth_yearly": 232.39
        },
        "20131": {
            "year_quarter": 20131,
            "year": 2013,
            "quarter": 1,
            "eps": -0.19,
            "eps_growth_year": null,
            "eps_4q": -0.24,
            "eps_4q_growth_year": -1014.81,
            "roe": -1.41,
            "roe_4q": -1.7799999999999998,
            "gross_profit": 67154,
            "gross_margin": 13.1,
            "gross_margin_4q_avg": 13.13,
            "net_income": -34582,
            "revenue": 512619,
            "common_shares": 1861163,
            "book_valuer_per_share": 13.19,
            "book_valuer_per_share_4q_avg": 13.3,
            "equity": 2441129,
            "current_ratio": 249.52,
            "debt_ratio": 26.79,
            "inventory_turnover_ratio": 1.05,
            "account_receivable_turnover_ratio": 0.96,
            "reinvestment_rate": 28.84,
            "research_to_sale_ratio": 2.67,
            "price_fair": 44.18,
            "eps_avg_yearly": 1.26,
            "eps_latest_yearly": 0.2,
            "eps_growth_yearly": 232.39
        },
        "20132": {
            "year_quarter": 20132,
            "year": 2013,
            "quarter": 2,
            "eps": 0.22,
            "eps_growth_year": null,
            "eps_4q": 0.01,
            "eps_4q_growth_year": null,
            "roe": 1.61,
            "roe_4q": 0.05000000000000018,
            "gross_profit": 113154,
            "gross_margin": 18.93,
            "gross_margin_4q_avg": 14.68,
            "net_income": 39787,
            "revenue": 597821,
            "common_shares": 1851163,
            "book_valuer_per_share": 13.56,
            "book_valuer_per_share_4q_avg": 13.34,
            "equity": 2496308,
            "current_ratio": 242.5,
            "debt_ratio": 27.73,
            "inventory_turnover_ratio": 1.13,
            "account_receivable_turnover_ratio": 1.02,
            "reinvestment_rate": 45.24,
            "research_to_sale_ratio": 2.34,
            "price_fair": 44.18,
            "eps_avg_yearly": 1.26,
            "eps_latest_yearly": 0.2,
            "eps_growth_yearly": 232.39
        },
        "20133": {
            "year_quarter": 20133,
            "year": 2013,
            "quarter": 3,
            "eps": 0.06,
            "eps_growth_year": 668.64,
            "eps_4q": 0.06,
            "eps_4q_growth_year": null,
            "roe": 0.43,
            "roe_4q": 0.42000000000000015,
            "gross_profit": 77723,
            "gross_margin": 15.49,
            "gross_margin_4q_avg": 15.1,
            "net_income": 10814,
            "revenue": 501785,
            "common_shares": 1851163,
            "book_valuer_per_share": 13.49,
            "book_valuer_per_share_4q_avg": 13.38,
            "equity": 2484061,
            "current_ratio": 267.55,
            "debt_ratio": 25.82,
            "inventory_turnover_ratio": 1,
            "account_receivable_turnover_ratio": 0.85,
            "reinvestment_rate": 38.7,
            "research_to_sale_ratio": 2.85,
            "price_fair": 38.73,
            "eps_avg_yearly": 1.11,
            "eps_latest_yearly": 0.24,
            "eps_growth_yearly": 130.62
        },
        "20134": {
            "year_quarter": 20134,
            "year": 2013,
            "quarter": 4,
            "eps": 0.02,
            "eps_growth_year": null,
            "eps_4q": 0.11,
            "eps_4q_growth_year": null,
            "roe": 0.17,
            "roe_4q": 0.8,
            "gross_profit": 76507,
            "gross_margin": 14.72,
            "gross_margin_4q_avg": 15.56,
            "net_income": 4149,
            "revenue": 519757,
            "common_shares": 1851163,
            "book_valuer_per_share": 13.58,
            "book_valuer_per_share_4q_avg": 13.46,
            "equity": 2501045,
            "current_ratio": 252.84,
            "debt_ratio": 27.71,
            "inventory_turnover_ratio": 1.07,
            "account_receivable_turnover_ratio": 0.97,
            "reinvestment_rate": 55.26,
            "research_to_sale_ratio": 2.84,
            "price_fair": 32.82,
            "eps_avg_yearly": 0.94,
            "eps_latest_yearly": 0.08,
            "eps_growth_yearly": 102.07
        },
        "20141": {
            "year_quarter": 20141,
            "year": 2014,
            "quarter": 1,
            "eps": 0.06,
            "eps_growth_year": null,
            "eps_4q": 0.35,
            "eps_4q_growth_year": null,
            "roe": 0.42,
            "roe_4q": 2.63,
            "gross_profit": 86328,
            "gross_margin": 16.22,
            "gross_margin_4q_avg": 16.34,
            "net_income": 10540,
            "revenue": 532144,
            "common_shares": 1851163,
            "book_valuer_per_share": 13.67,
            "book_valuer_per_share_4q_avg": 13.58,
            "equity": 2517664,
            "current_ratio": 269.01,
            "debt_ratio": 26.37,
            "inventory_turnover_ratio": 1.06,
            "account_receivable_turnover_ratio": 1.04,
            "reinvestment_rate": 60.31,
            "research_to_sale_ratio": 2.6,
            "price_fair": 27.38,
            "eps_avg_yearly": 0.78,
            "eps_latest_yearly": 0.24,
            "eps_growth_yearly": 189.85
        },
        "20142": {
            "year_quarter": 20142,
            "year": 2014,
            "quarter": 2,
            "eps": 0.13,
            "eps_growth_year": -40.91,
            "eps_4q": 0.26,
            "eps_4q_growth_year": 3297.57,
            "roe": 0.92,
            "roe_4q": 1.94,
            "gross_profit": 109787,
            "gross_margin": 16.65,
            "gross_margin_4q_avg": 15.77,
            "net_income": 23221,
            "revenue": 659202,
            "common_shares": 1851163,
            "book_valuer_per_share": 13.7,
            "book_valuer_per_share_4q_avg": 13.61,
            "equity": 2523173,
            "current_ratio": 255.14,
            "debt_ratio": 28.48,
            "inventory_turnover_ratio": 1.26,
            "account_receivable_turnover_ratio": 1.15,
            "reinvestment_rate": 88.44,
            "research_to_sale_ratio": 2.35,
            "price_fair": 18.51,
            "eps_avg_yearly": 0.53,
            "eps_latest_yearly": 0.52,
            "eps_growth_yearly": 210.27
        },
        "20143": {
            "year_quarter": 20143,
            "year": 2014,
            "quarter": 3,
            "eps": 0.28,
            "eps_growth_year": 366.67,
            "eps_4q": 0.49,
            "eps_4q_growth_year": 727.44,
            "roe": 2.02,
            "roe_4q": 3.53,
            "gross_profit": 127481,
            "gross_margin": 18.65,
            "gross_margin_4q_avg": 16.56,
            "net_income": 51964,
            "revenue": 683424,
            "common_shares": 1851163,
            "book_valuer_per_share": 14.19,
            "book_valuer_per_share_4q_avg": 13.79,
            "equity": 2627352,
            "current_ratio": 239.89,
            "debt_ratio": 28.43,
            "inventory_turnover_ratio": 1.27,
            "account_receivable_turnover_ratio": 1.04,
            "reinvestment_rate": 161.21,
            "research_to_sale_ratio": 2.28,
            "price_fair": 16.96,
            "eps_avg_yearly": 0.48,
            "eps_latest_yearly": 1.12,
            "eps_growth_yearly": 281.87
        },
        "20144": {
            "year_quarter": 20144,
            "year": 2014,
            "quarter": 4,
            "eps": 0.29,
            "eps_growth_year": 1174.6,
            "eps_4q": 0.75,
            "eps_4q_growth_year": 584.98,
            "roe": 1.99,
            "roe_4q": 5.35,
            "gross_profit": 132720,
            "gross_margin": 20.77,
            "gross_margin_4q_avg": 18.07,
            "net_income": 53171,
            "revenue": 638895,
            "common_shares": 1851163,
            "book_valuer_per_share": 14.74,
            "book_valuer_per_share_4q_avg": 14.08,
            "equity": 2727977,
            "current_ratio": 226.92,
            "debt_ratio": 28.38,
            "inventory_turnover_ratio": 1.19,
            "account_receivable_turnover_ratio": 0.97,
            "reinvestment_rate": 203.18,
            "research_to_sale_ratio": 2.18,
            "price_fair": 20.84,
            "eps_avg_yearly": 0.6,
            "eps_latest_yearly": 1.16,
            "eps_growth_yearly": 323.22
        },
        "20151": {
            "year_quarter": 20151,
            "year": 2015,
            "quarter": 1,
            "eps": 0.23,
            "eps_growth_year": 283.33,
            "eps_4q": 0.92,
            "eps_4q_growth_year": 160.46,
            "roe": 1.53,
            "roe_4q": 6.46,
            "gross_profit": 123128,
            "gross_margin": 21.03,
            "gross_margin_4q_avg": 19.28,
            "net_income": 41967,
            "revenue": 585600,
            "common_shares": 1851163,
            "book_valuer_per_share": 14.88,
            "book_valuer_per_share_4q_avg": 14.38,
            "equity": 2743344,
            "current_ratio": 235.04,
            "debt_ratio": 27.8,
            "inventory_turnover_ratio": 1.04,
            "account_receivable_turnover_ratio": 0.95,
            "reinvestment_rate": 180.18,
            "research_to_sale_ratio": 2.58,
            "price_fair": 23.33,
            "eps_avg_yearly": 0.67,
            "eps_latest_yearly": 0.92,
            "eps_growth_yearly": 280.69
        },
        "20152": {
            "year_quarter": 20152,
            "year": 2015,
            "quarter": 2,
            "eps": 0.16,
            "eps_growth_year": 23.08,
            "eps_4q": 0.96,
            "eps_4q_growth_year": 262.47,
            "roe": 1.09,
            "roe_4q": 6.630000000000001,
            "gross_profit": 110737,
            "gross_margin": 18.96,
            "gross_margin_4q_avg": 19.85,
            "net_income": 29510,
            "revenue": 584056,
            "common_shares": 1851163,
            "book_valuer_per_share": 14.38,
            "book_valuer_per_share_4q_avg": 14.55,
            "equity": 2648034,
            "current_ratio": 232.48,
            "debt_ratio": 28.23,
            "inventory_turnover_ratio": 1.03,
            "account_receivable_turnover_ratio": 1.02,
            "reinvestment_rate": 184.95,
            "research_to_sale_ratio": 2.68,
            "price_fair": 19.91,
            "eps_avg_yearly": 0.57,
            "eps_latest_yearly": 0.64,
            "eps_growth_yearly": 70.34
        },
        "20153": {
            "year_quarter": 20153,
            "year": 2015,
            "quarter": 3,
            "eps": 0.26,
            "eps_growth_year": -7.14,
            "eps_4q": 0.94,
            "eps_4q_growth_year": 92.67,
            "roe": 1.76,
            "roe_4q": 6.37,
            "gross_profit": 109748,
            "gross_margin": 17.93,
            "gross_margin_4q_avg": 19.67,
            "net_income": 47575,
            "revenue": 611968,
            "common_shares": 1851163,
            "book_valuer_per_share": 15.01,
            "book_valuer_per_share_4q_avg": 14.75,
            "equity": 2763866,
            "current_ratio": 270.24,
            "debt_ratio": 24.37,
            "inventory_turnover_ratio": 1.14,
            "account_receivable_turnover_ratio": 1.02,
            "reinvestment_rate": 122.2,
            "research_to_sale_ratio": 2.51,
            "price_fair": 23.18,
            "eps_avg_yearly": 0.66,
            "eps_latest_yearly": 1.04,
            "eps_growth_yearly": 136.71
        },
        "20154": {
            "year_quarter": 20154,
            "year": 2015,
            "quarter": 4,
            "eps": 0.1,
            "eps_growth_year": -66.09,
            "eps_4q": 0.74,
            "eps_4q_growth_year": -0.84,
            "roe": 0.65,
            "roe_4q": 5.03,
            "gross_profit": 108837,
            "gross_margin": 17.96,
            "gross_margin_4q_avg": 18.97,
            "net_income": 17934,
            "revenue": 606080,
            "common_shares": 1851163,
            "book_valuer_per_share": 14.9,
            "book_valuer_per_share_4q_avg": 14.79,
            "equity": 2743615,
            "current_ratio": 259.39,
            "debt_ratio": 26.24,
            "inventory_turnover_ratio": 1.2,
            "account_receivable_turnover_ratio": 0.96,
            "reinvestment_rate": 65.42,
            "research_to_sale_ratio": 2.78,
            "price_fair": 22.26,
            "eps_avg_yearly": 0.64,
            "eps_latest_yearly": 0.4,
            "eps_growth_yearly": 98.43
        },
        "20161": {
            "year_quarter": 20161,
            "year": 2016,
            "quarter": 1,
            "eps": 0.37,
            "eps_growth_year": 60.87,
            "eps_4q": 0.89,
            "eps_4q_growth_year": -3.52,
            "roe": 2.46,
            "roe_4q": 5.96,
            "gross_profit": 138193,
            "gross_margin": 22.21,
            "gross_margin_4q_avg": 19.27,
            "net_income": 68167,
            "revenue": 622343,
            "common_shares": 1851163,
            "book_valuer_per_share": 15.25,
            "book_valuer_per_share_4q_avg": 14.89,
            "equity": 2793219,
            "current_ratio": 216.09,
            "debt_ratio": 28.26,
            "inventory_turnover_ratio": 1.2,
            "account_receivable_turnover_ratio": 1.01,
            "reinvestment_rate": 123.53,
            "research_to_sale_ratio": 2.6,
            "price_fair": 24.95,
            "eps_avg_yearly": 0.71,
            "eps_latest_yearly": 1.48,
            "eps_growth_yearly": 187.66
        },
        "20162": {
            "year_quarter": 20162,
            "year": 2016,
            "quarter": 2,
            "eps": 0.39,
            "eps_growth_year": 143.75,
            "eps_4q": 1.11,
            "eps_4q_growth_year": 16.08,
            "roe": 2.55,
            "roe_4q": 7.42,
            "gross_profit": 154706,
            "gross_margin": 22.5,
            "gross_margin_4q_avg": 20.15,
            "net_income": 71096,
            "revenue": 687734,
            "common_shares": 1851163,
            "book_valuer_per_share": 15.1,
            "book_valuer_per_share_4q_avg": 15.07,
            "equity": 2777495,
            "current_ratio": 209.94,
            "debt_ratio": 29.87,
            "inventory_turnover_ratio": 1.33,
            "account_receivable_turnover_ratio": 1.11,
            "reinvestment_rate": 101.26,
            "research_to_sale_ratio": 2.3,
            "price_fair": 27.42,
            "eps_avg_yearly": 0.78,
            "eps_latest_yearly": 1.56,
            "eps_growth_yearly": 173.82
        },
        "20163": {
            "year_quarter": 20163,
            "year": 2016,
            "quarter": 3,
            "eps": 0.34,
            "eps_growth_year": 30.77,
            "eps_4q": 1.19,
            "eps_4q_growth_year": 27.66,
            "roe": 2.21,
            "roe_4q": 7.87,
            "gross_profit": 148328,
            "gross_margin": 21.41,
            "gross_margin_4q_avg": 21.02,
            "net_income": 62408,
            "revenue": 692939,
            "common_shares": 1851163,
            "book_valuer_per_share": 15.63,
            "book_valuer_per_share_4q_avg": 15.22,
            "equity": 2874484,
            "current_ratio": 223.85,
            "debt_ratio": 27.42,
            "inventory_turnover_ratio": 1.49,
            "account_receivable_turnover_ratio": 1.07,
            "reinvestment_rate": 102.56,
            "research_to_sale_ratio": 2.44,
            "price_fair": 28.97,
            "eps_avg_yearly": 0.83,
            "eps_latest_yearly": 1.36,
            "eps_growth_yearly": 156.51
        },
        "20164": {
            "year_quarter": 20164,
            "year": 2016,
            "quarter": 4,
            "eps": 0.27,
            "eps_growth_year": 172.08,
            "eps_4q": 1.36,
            "eps_4q_growth_year": 83.01,
            "roe": 1.68,
            "roe_4q": 8.899999999999999,
            "gross_profit": 159361,
            "gross_margin": 23.51,
            "gross_margin_4q_avg": 22.41,
            "net_income": 48738,
            "revenue": 677929,
            "common_shares": 1851163,
            "book_valuer_per_share": 16,
            "book_valuer_per_share_4q_avg": 15.5,
            "equity": 2941934,
            "current_ratio": 236.62,
            "debt_ratio": 26.33,
            "inventory_turnover_ratio": 1.49,
            "account_receivable_turnover_ratio": 1,
            "reinvestment_rate": 97.48,
            "research_to_sale_ratio": 2.48,
            "price_fair": 29.6,
            "eps_avg_yearly": 0.85,
            "eps_latest_yearly": 1.08,
            "eps_growth_yearly": 139.45
        },
        "20171": {
            "year_quarter": 20171,
            "year": 2017,
            "quarter": 1,
            "eps": 0.35,
            "eps_growth_year": -5.41,
            "eps_4q": 1.34,
            "eps_4q_growth_year": 50.77,
            "roe": 2.16,
            "roe_4q": 8.6,
            "gross_profit": 174412,
            "gross_margin": 23.67,
            "gross_margin_4q_avg": 22.77,
            "net_income": 64845,
            "revenue": 736976,
            "common_shares": 1851163,
            "book_valuer_per_share": 16.59,
            "book_valuer_per_share_4q_avg": 15.83,
            "equity": 3050090,
            "current_ratio": 232.99,
            "debt_ratio": 26.32,
            "inventory_turnover_ratio": 1.56,
            "account_receivable_turnover_ratio": 1.08,
            "reinvestment_rate": 94.54,
            "research_to_sale_ratio": 2.35,
            "price_fair": 30.89,
            "eps_avg_yearly": 0.88,
            "eps_latest_yearly": 1.4,
            "eps_growth_yearly": 138.05
        },
        "20172": {
            "year_quarter": 20172,
            "year": 2017,
            "quarter": 2,
            "eps": 0.49,
            "eps_growth_year": 25.64,
            "eps_4q": 1.44,
            "eps_4q_growth_year": 29.66,
            "roe": 2.94,
            "roe_4q": 8.989999999999998,
            "gross_profit": 186449,
            "gross_margin": 24.02,
            "gross_margin_4q_avg": 23.15,
            "net_income": 89515,
            "revenue": 776341,
            "common_shares": 1851163,
            "book_valuer_per_share": 16.49,
            "book_valuer_per_share_4q_avg": 16.18,
            "equity": 3032537,
            "current_ratio": 228.5,
            "debt_ratio": 27.32,
            "inventory_turnover_ratio": 1.59,
            "account_receivable_turnover_ratio": 1.12,
            "reinvestment_rate": 78.03,
            "research_to_sale_ratio": 2.17,
            "price_fair": 33.25,
            "eps_avg_yearly": 0.95,
            "eps_latest_yearly": 1.96,
            "eps_growth_yearly": 139.42
        },
        "20173": {
            "year_quarter": 20173,
            "year": 2017,
            "quarter": 3,
            "eps": 0.57,
            "eps_growth_year": 67.65,
            "eps_4q": 1.78,
            "eps_4q_growth_year": 49.24,
            "roe": 3.36,
            "roe_4q": 10.14,
            "gross_profit": 199344,
            "gross_margin": 23.94,
            "gross_margin_4q_avg": 23.79,
            "net_income": 103430,
            "revenue": 832626,
            "common_shares": 1720000,
            "book_valuer_per_share": 18.13,
            "book_valuer_per_share_4q_avg": 16.8,
            "equity": 3119104,
            "current_ratio": 235.38,
            "debt_ratio": 25.43,
            "inventory_turnover_ratio": 1.64,
            "account_receivable_turnover_ratio": 1.15,
            "reinvestment_rate": 92.81,
            "research_to_sale_ratio": 2.03,
            "price_fair": 37.71,
            "eps_avg_yearly": 1.08,
            "eps_latest_yearly": 2.28,
            "eps_growth_yearly": 161.69
        },
        "20174": {
            "year_quarter": 20174,
            "year": 2017,
            "quarter": 4,
            "eps": 0.61,
            "eps_growth_year": 129.03,
            "eps_4q": 2.11,
            "eps_4q_growth_year": 54.65,
            "roe": 3.25,
            "roe_4q": 11.709999999999999,
            "gross_profit": 218384,
            "gross_margin": 26.74,
            "gross_margin_4q_avg": 24.59,
            "net_income": 104400,
            "revenue": 816754,
            "common_shares": 1720000,
            "book_valuer_per_share": 19.23,
            "book_valuer_per_share_4q_avg": 17.61,
            "equity": 3308370,
            "current_ratio": 228.93,
            "debt_ratio": 25.3,
            "inventory_turnover_ratio": 1.41,
            "account_receivable_turnover_ratio": 1.11,
            "reinvestment_rate": 103.31,
            "research_to_sale_ratio": 1.96,
            "price_fair": 42.88,
            "eps_avg_yearly": 1.23,
            "eps_latest_yearly": 2.44,
            "eps_growth_yearly": 180.11
        },
        "20181": {
            "year_quarter": 20181,
            "year": 2018,
            "quarter": 1,
            "eps": 0.87,
            "eps_growth_year": 148.57,
            "eps_4q": 2.6,
            "eps_4q_growth_year": 93.19,
            "roe": 4.41,
            "roe_4q": 13.959999999999999,
            "gross_profit": 272255,
            "gross_margin": 28.77,
            "gross_margin_4q_avg": 25.87,
            "net_income": 149103,
            "revenue": 946460,
            "common_shares": 1720000,
            "book_valuer_per_share": 20.04,
            "book_valuer_per_share_4q_avg": 18.47,
            "equity": 3447336,
            "current_ratio": 227.27,
            "debt_ratio": 25.67,
            "inventory_turnover_ratio": 1.44,
            "account_receivable_turnover_ratio": 1.24,
            "reinvestment_rate": 28.24,
            "research_to_sale_ratio": 1.57,
            "price_fair": 49.96,
            "eps_avg_yearly": 1.43,
            "eps_latest_yearly": 3.48,
            "eps_growth_yearly": 140.76
        },
        "20182": {
            "year_quarter": 20182,
            "year": 2018,
            "quarter": 2,
            "eps": 2.66,
            "eps_growth_year": 442.86,
            "eps_4q": 4.74,
            "eps_4q_growth_year": 228,
            "roe": 12.72,
            "roe_4q": 23.740000000000002,
            "gross_profit": 623754,
            "gross_margin": 43.29,
            "gross_margin_4q_avg": 30.69,
            "net_income": 457572,
            "revenue": 1440847,
            "common_shares": 1720000,
            "book_valuer_per_share": 21.79,
            "book_valuer_per_share_4q_avg": 19.8,
            "equity": 3748336,
            "current_ratio": 186.18,
            "debt_ratio": 32.51,
            "inventory_turnover_ratio": 1.68,
            "account_receivable_turnover_ratio": 1.57,
            "reinvestment_rate": 35.23,
            "research_to_sale_ratio": 1.32,
            "price_fair": 72.1,
            "eps_avg_yearly": 2.06,
            "eps_latest_yearly": 10.64,
            "eps_growth_yearly": 163.03
        },
        "20183": {
            "year_quarter": 20183,
            "year": 2018,
            "quarter": 3,
            "eps": 3.04,
            "eps_growth_year": 433.33,
            "eps_4q": 7.18,
            "eps_4q_growth_year": 302.7,
            "roe": 13.32,
            "roe_4q": 33.7,
            "gross_profit": 916101,
            "gross_margin": 48.13,
            "gross_margin_4q_avg": 36.73,
            "net_income": 523327,
            "revenue": 1903327,
            "common_shares": 1720000,
            "book_valuer_per_share": 23.9,
            "book_valuer_per_share_4q_avg": 21.24,
            "equity": 4111379,
            "current_ratio": 185.77,
            "debt_ratio": 33.34,
            "inventory_turnover_ratio": 1.84,
            "account_receivable_turnover_ratio": 1.63,
            "reinvestment_rate": 21.88,
            "research_to_sale_ratio": 1.2,
            "price_fair": 96.25,
            "eps_avg_yearly": 2.75,
            "eps_latest_yearly": 12.16,
            "eps_growth_yearly": 137.76
        },
        "20184": {
            "year_quarter": 20184,
            "year": 2018,
            "quarter": 4,
            "eps": 2.05,
            "eps_growth_year": 237.2,
            "eps_4q": 8.62,
            "eps_4q_growth_year": 309.19,
            "roe": 8.26,
            "roe_4q": 38.709999999999994,
            "gross_profit": 568588,
            "gross_margin": 38.94,
            "gross_margin_4q_avg": 39.78,
            "net_income": 349835,
            "revenue": 1460014,
            "common_shares": 1720000,
            "book_valuer_per_share": 25.27,
            "book_valuer_per_share_4q_avg": 22.75,
            "equity": 4362839,
            "current_ratio": 191.59,
            "debt_ratio": 32.75,
            "inventory_turnover_ratio": 1.43,
            "account_receivable_turnover_ratio": 1.19,
            "reinvestment_rate": 19.42,
            "research_to_sale_ratio": 1.4,
            "price_fair": 111.65,
            "eps_avg_yearly": 3.19,
            "eps_latest_yearly": 8.2,
            "eps_growth_yearly": 128.72
        },
        "20191": {
            "year_quarter": 20191,
            "year": 2019,
            "quarter": 1,
            "eps": 1.58,
            "eps_growth_year": 81.61,
            "eps_4q": 9.33,
            "eps_4q_growth_year": 259.55,
            "roe": 5.92,
            "roe_4q": 40.22,
            "gross_profit": 436476,
            "gross_margin": 33.49,
            "gross_margin_4q_avg": 40.96,
            "net_income": 269094,
            "revenue": 1303407,
            "common_shares": 1720000,
            "book_valuer_per_share": 27.26,
            "book_valuer_per_share_4q_avg": 24.56,
            "equity": 4720502,
            "current_ratio": 210.82,
            "debt_ratio": 29.87,
            "inventory_turnover_ratio": 1.35,
            "account_receivable_turnover_ratio": 1.21,
            "reinvestment_rate": 31.35,
            "research_to_sale_ratio": 1.36,
            "price_fair": 123.46,
            "eps_avg_yearly": 3.53,
            "eps_latest_yearly": 6.32,
            "eps_growth_yearly": 128.17
        },
        "20192": {
            "year_quarter": 20192,
            "year": 2019,
            "quarter": 2,
            "eps": 1.03,
            "eps_growth_year": -61.28,
            "eps_4q": 7.7,
            "eps_4q_growth_year": 62.64,
            "roe": 3.99,
            "roe_4q": 31.490000000000002,
            "gross_profit": 316822,
            "gross_margin": 29.42,
            "gross_margin_4q_avg": 37.5,
            "net_income": 175632,
            "revenue": 1076922,
            "common_shares": 1720000,
            "book_valuer_per_share": 23.48,
            "book_valuer_per_share_4q_avg": 24.98,
            "equity": 4087715,
            "current_ratio": 167.41,
            "debt_ratio": 34.65,
            "inventory_turnover_ratio": 1.39,
            "account_receivable_turnover_ratio": 1.24,
            "reinvestment_rate": 33.72,
            "research_to_sale_ratio": 2.04,
            "price_fair": 131.08,
            "eps_avg_yearly": 3.75,
            "eps_latest_yearly": 4.12,
            "eps_growth_yearly": 127.07
        },
        "20193": {
            "year_quarter": 20193,
            "year": 2019,
            "quarter": 3,
            "eps": 1,
            "eps_growth_year": -67.11,
            "eps_4q": 5.66,
            "eps_4q_growth_year": -21.18,
            "roe": 4.08,
            "roe_4q": 22.25,
            "gross_profit": 264164,
            "gross_margin": 27.08,
            "gross_margin_4q_avg": 32.23,
            "net_income": 170320,
            "revenue": 975615,
            "common_shares": 1720000,
            "book_valuer_per_share": 24.47,
            "book_valuer_per_share_4q_avg": 25.12,
            "equity": 4255006,
            "current_ratio": 203.61,
            "debt_ratio": 27.53,
            "inventory_turnover_ratio": 1.53,
            "account_receivable_turnover_ratio": 1.19,
            "reinvestment_rate": 31.89,
            "research_to_sale_ratio": 1.77,
            "price_fair": 137.55,
            "eps_avg_yearly": 3.93,
            "eps_latest_yearly": 4,
            "eps_growth_yearly": 110.72
        },
        "20194": {
            "year_quarter": 20194,
            "year": 2019,
            "quarter": 4,
            "eps": 0.88,
            "eps_growth_year": -57.19,
            "eps_4q": 4.49,
            "eps_4q_growth_year": -47.94,
            "roe": 3.42,
            "roe_4q": 17.41,
            "gross_profit": 239726,
            "gross_margin": 23.96,
            "gross_margin_4q_avg": 28.49,
            "net_income": 149813,
            "revenue": 1000454,
            "common_shares": 1720000,
            "book_valuer_per_share": 25.98,
            "book_valuer_per_share_4q_avg": 25.3,
            "equity": 4513468,
            "current_ratio": 227.88,
            "debt_ratio": 28.28,
            "inventory_turnover_ratio": 1.68,
            "account_receivable_turnover_ratio": 1.17,
            "reinvestment_rate": 41.41,
            "research_to_sale_ratio": 2.19,
            "price_fair": 144.38,
            "eps_avg_yearly": 4.13,
            "eps_latest_yearly": 3.52,
            "eps_growth_yearly": 123.1
        },
        "20201": {
            "year_quarter": 20201,
            "year": 2020,
            "quarter": 1,
            "eps": 0.54,
            "eps_growth_year": -65.82,
            "eps_4q": 3.44,
            "eps_4q_growth_year": -63.1,
            "roe": 2.08,
            "roe_4q": 13.57,
            "gross_profit": 275797,
            "gross_margin": 25.53,
            "gross_margin_4q_avg": 26.5,
            "net_income": 91991,
            "revenue": 1080425,
            "common_shares": 1720000,
            "book_valuer_per_share": 24.97,
            "book_valuer_per_share_4q_avg": 24.73,
            "equity": 4338315,
            "current_ratio": 212.16,
            "debt_ratio": 32.06,
            "inventory_turnover_ratio": 1.71,
            "account_receivable_turnover_ratio": 1.28,
            "reinvestment_rate": 32.92,
            "research_to_sale_ratio": 1.82,
            "price_fair": 145.86,
            "eps_avg_yearly": 4.17,
            "eps_latest_yearly": 2.16,
            "eps_growth_yearly": 45.94
        },
        "20202": {
            "year_quarter": 20202,
            "year": 2020,
            "quarter": 2,
            "eps": 1.24,
            "eps_growth_year": 20.39,
            "eps_4q": 3.65,
            "eps_4q_growth_year": -52.61,
            "roe": 4.89,
            "roe_4q": 14.47,
            "gross_profit": 359446,
            "gross_margin": 27.24,
            "gross_margin_4q_avg": 25.95,
            "net_income": 213003,
            "revenue": 1319674,
            "common_shares": 1720000,
            "book_valuer_per_share": 25.17,
            "book_valuer_per_share_4q_avg": 25.15,
            "equity": 4371763,
            "current_ratio": 173.98,
            "debt_ratio": 38.36,
            "inventory_turnover_ratio": 1.75,
            "account_receivable_turnover_ratio": 1.46,
            "reinvestment_rate": 33.04,
            "research_to_sale_ratio": 1.72,
            "price_fair": 153.3,
            "eps_avg_yearly": 4.38,
            "eps_latest_yearly": 4.96,
            "eps_growth_yearly": 77
        },
        "20203": {
            "year_quarter": 20203,
            "year": 2020,
            "quarter": 3,
            "eps": 1.77,
            "eps_growth_year": 77,
            "eps_4q": 4.42,
            "eps_4q_growth_year": -21.83,
            "roe": 6.58,
            "roe_4q": 16.97,
            "gross_profit": 353249,
            "gross_margin": 24.51,
            "gross_margin_4q_avg": 25.31,
            "net_income": 302621,
            "revenue": 1441400,
            "common_shares": 1720000,
            "book_valuer_per_share": 27.81,
            "book_valuer_per_share_4q_avg": 25.98,
            "equity": 4824638,
            "current_ratio": 215.32,
            "debt_ratio": 34.97,
            "inventory_turnover_ratio": 1.76,
            "account_receivable_turnover_ratio": 1.42,
            "reinvestment_rate": 31.96,
            "research_to_sale_ratio": 1.56,
            "price_fair": 165.81,
            "eps_avg_yearly": 4.74,
            "eps_latest_yearly": 7.08,
            "eps_growth_yearly": 90.89
        },
        "20204": {
            "year_quarter": 20204,
            "year": 2020,
            "quarter": 4,
            "eps": 1.06,
            "eps_growth_year": 20.42,
            "eps_4q": 4.6,
            "eps_4q_growth_year": 2.56,
            "roe": 3.57,
            "roe_4q": 17.119999999999997,
            "gross_profit": 318173,
            "gross_margin": 23.29,
            "gross_margin_4q_avg": 25.14,
            "net_income": 180116,
            "revenue": 1366362,
            "common_shares": 1720000,
            "book_valuer_per_share": 30.3,
            "book_valuer_per_share_4q_avg": 27.06,
            "equity": 5252179,
            "current_ratio": 228.3,
            "debt_ratio": 34.13,
            "inventory_turnover_ratio": 1.66,
            "account_receivable_turnover_ratio": 1.28,
            "reinvestment_rate": 31.58,
            "research_to_sale_ratio": 1.64,
            "price_fair": 172.73,
            "eps_avg_yearly": 4.94,
            "eps_latest_yearly": 4.24,
            "eps_growth_yearly": 86.01
        },
        "20211": {
            "year_quarter": 20211,
            "year": 2021,
            "quarter": 1,
            "eps": 1.57,
            "eps_growth_year": 190.74,
            "eps_4q": 5.66,
            "eps_4q_growth_year": 64.38,
            "roe": 5,
            "roe_4q": 20.04,
            "gross_profit": 347412,
            "gross_margin": 23.79,
            "gross_margin_4q_avg": 24.71,
            "net_income": 271548,
            "revenue": 1460606,
            "common_shares": 1720000,
            "book_valuer_per_share": 32.56,
            "book_valuer_per_share_4q_avg": 28.96,
            "equity": 5615952,
            "current_ratio": 241.81,
            "debt_ratio": 32.4,
            "inventory_turnover_ratio": 1.63,
            "account_receivable_turnover_ratio": 1.35,
            "reinvestment_rate": 29.55,
            "research_to_sale_ratio": 1.28,
            "price_fair": 183.4,
            "eps_avg_yearly": 5.24,
            "eps_latest_yearly": 6.28,
            "eps_growth_yearly": 90.63
        },
        "20212": {
            "year_quarter": 20212,
            "year": 2021,
            "quarter": 2,
            "eps": 1.27,
            "eps_growth_year": 2.42,
            "eps_4q": 5.69,
            "eps_4q_growth_year": 55.85,
            "roe": 3.73,
            "roe_4q": 18.880000000000003,
            "gross_profit": 442643,
            "gross_margin": 27.18,
            "gross_margin_4q_avg": 24.69,
            "net_income": 217417,
            "revenue": 1628471,
            "common_shares": 1720000,
            "book_valuer_per_share": 35.22,
            "book_valuer_per_share_4q_avg": 31.47,
            "equity": 6029717,
            "current_ratio": 239.37,
            "debt_ratio": 32.85,
            "inventory_turnover_ratio": 1.61,
            "account_receivable_turnover_ratio": 1.3,
            "reinvestment_rate": 29.62,
            "research_to_sale_ratio": 1.31,
            "price_fair": 190.23,
            "eps_avg_yearly": 5.44,
            "eps_latest_yearly": 5.08,
            "eps_growth_yearly": 75.85
        },
        "20213": {
            "year_quarter": 20213,
            "year": 2021,
            "quarter": 3,
            "eps": 2.36,
            "eps_growth_year": 33.33,
            "eps_4q": 6.24,
            "eps_4q_growth_year": 41.16,
            "roe": 6.73,
            "roe_4q": 19.03,
            "gross_profit": 441827,
            "gross_margin": 27.95,
            "gross_margin_4q_avg": 25.55,
            "net_income": 404024,
            "revenue": 1580778,
            "common_shares": 1720000,
            "book_valuer_per_share": 34.77,
            "book_valuer_per_share_4q_avg": 33.21,
            "equity": 5980513,
            "current_ratio": 227.58,
            "debt_ratio": 33.15,
            "inventory_turnover_ratio": 1.44,
            "account_receivable_turnover_ratio": 1.15,
            "reinvestment_rate": 31.47,
            "research_to_sale_ratio": 1.38,
            "price_fair": 205.89,
            "eps_avg_yearly": 5.88,
            "eps_latest_yearly": 9.44,
            "eps_growth_yearly": 93.23
        },
        "20214": {
            "year_quarter": 20214,
            "year": 2021,
            "quarter": 4,
            "eps": 1.47,
            "eps_growth_year": 39.24,
            "eps_4q": 6.68,
            "eps_4q_growth_year": 45.2,
            "roe": 4.07,
            "roe_4q": 19.53,
            "gross_profit": 354628,
            "gross_margin": 26.46,
            "gross_margin_4q_avg": 26.35,
            "net_income": 251515,
            "revenue": 1340255,
            "common_shares": 1720000,
            "book_valuer_per_share": 37.24,
            "book_valuer_per_share_4q_avg": 34.95,
            "equity": 6374786,
            "current_ratio": 281.81,
            "debt_ratio": 29.84,
            "inventory_turnover_ratio": 1.2,
            "account_receivable_turnover_ratio": 1.07,
            "reinvestment_rate": 26.59,
            "research_to_sale_ratio": 1.74,
            "price_fair": 213.41,
            "eps_avg_yearly": 6.1,
            "eps_latest_yearly": 5.88,
            "eps_growth_yearly": 82.05
        },
        "20221": {
            "year_quarter": 20221,
            "year": 2022,
            "quarter": 1,
            "eps": 1.28,
            "eps_growth_year": -18.47,
            "eps_4q": 6.38,
            "eps_4q_growth_year": 12.67,
            "roe": 3.4,
            "roe_4q": 17.93,
            "gross_profit": 344668,
            "gross_margin": 27.07,
            "gross_margin_4q_avg": 27.17,
            "net_income": 219112,
            "revenue": 1273406,
            "common_shares": 1720000,
            "book_valuer_per_share": 38.06,
            "book_valuer_per_share_4q_avg": 36.32,
            "equity": 6516098,
            "current_ratio": 309.45,
            "debt_ratio": 28.52,
            "inventory_turnover_ratio": 1.16,
            "account_receivable_turnover_ratio": 1.12,
            "reinvestment_rate": 41.02,
            "research_to_sale_ratio": 1.55,
            "price_fair": 217,
            "eps_avg_yearly": 6.2,
            "eps_latest_yearly": 5.12,
            "eps_growth_yearly": 68.16
        },
        "20222": {
            "year_quarter": 20222,
            "year": 2022,
            "quarter": 2,
            "eps": 1.04,
            "eps_growth_year": -18.11,
            "eps_4q": 6.15,
            "eps_4q_growth_year": 8.14,
            "roe": 2.82,
            "roe_4q": 17.02,
            "gross_profit": 317782,
            "gross_margin": 27.1,
            "gross_margin_4q_avg": 27.15,
            "net_income": 178439,
            "revenue": 1172467,
            "common_shares": 1720000,
            "book_valuer_per_share": 35.75,
            "book_valuer_per_share_4q_avg": 36.46,
            "equity": 6120963,
            "current_ratio": 262.76,
            "debt_ratio": 30.95,
            "inventory_turnover_ratio": 1.09,
            "account_receivable_turnover_ratio": 1.03,
            "reinvestment_rate": 37.53,
            "research_to_sale_ratio": 1.99,
            "price_fair": 127.69,
            "eps_avg_yearly": 5.8,
            "eps_latest_yearly": 4.16,
            "eps_growth_yearly": 12.03
        },
        "20223": {
            "year_quarter": 20223,
            "year": 2022,
            "quarter": 3,
            "eps": 0.7,
            "eps_growth_year": -70.34,
            "eps_4q": 4.5,
            "eps_4q_growth_year": -27.98,
            "roe": 1.94,
            "roe_4q": 12.23,
            "gross_profit": 174953,
            "gross_margin": 20,
            "gross_margin_4q_avg": 25.16,
            "net_income": 120517,
            "revenue": 874626,
            "common_shares": 1720000,
            "book_valuer_per_share": 36.9,
            "book_valuer_per_share_4q_avg": 36.99,
            "equity": 6317208,
            "current_ratio": 288.06,
            "debt_ratio": 26.15,
            "inventory_turnover_ratio": 0.93,
            "account_receivable_turnover_ratio": 0.87,
            "reinvestment_rate": 46.33,
            "research_to_sale_ratio": 2.39,
            "price_fair": 52.1,
            "eps_avg_yearly": 5.21,
            "eps_latest_yearly": 2.8,
            "eps_growth_yearly": 0.29
        },
        "20224": {
            "year_quarter": 20224,
            "year": 2022,
            "quarter": 4,
            "eps": -0.07,
            "eps_growth_year": -104.59,
            "eps_4q": 2.96,
            "eps_4q_growth_year": -55.71,
            "roe": -0.18,
            "roe_4q": 7.98,
            "gross_profit": 128436,
            "gross_margin": 15.63,
            "gross_margin_4q_avg": 22.45,
            "net_income": -11550,
            "revenue": 821887,
            "common_shares": 1720000,
            "book_valuer_per_share": 37.25,
            "book_valuer_per_share_4q_avg": 36.99,
            "equity": 6377900,
            "current_ratio": 236.95,
            "debt_ratio": 26.97,
            "inventory_turnover_ratio": 0.99,
            "account_receivable_turnover_ratio": 0.96,
            "reinvestment_rate": 47.55,
            "research_to_sale_ratio": 2.94,
            "price_fair": 95.17,
            "eps_avg_yearly": 5.01,
            "eps_latest_yearly": 2.8,
            "eps_growth_yearly": 8.99
        },
        "20231": {
            "year_quarter": 20231,
            "year": 2023,
            "quarter": 1,
            "eps": 0.87,
            "eps_growth_year": -32.03,
            "eps_4q": 2.55,
            "eps_4q_growth_year": -59.98,
            "roe": 2.29,
            "roe_4q": 6.869999999999999,
            "gross_profit": 173563,
            "gross_margin": 19.73,
            "gross_margin_4q_avg": 20.62,
            "net_income": 149615,
            "revenue": 879673,
            "common_shares": 1720000,
            "book_valuer_per_share": 39.04,
            "book_valuer_per_share_4q_avg": 37.24,
            "equity": 6683457,
            "current_ratio": 252.01,
            "debt_ratio": 23.77,
            "inventory_turnover_ratio": 1.05,
            "account_receivable_turnover_ratio": 1.05,
            "reinvestment_rate": 36.16,
            "research_to_sale_ratio": 2,
            "price_fair": 128.76,
            "eps_avg_yearly": 4.92,
            "eps_latest_yearly": 2.8,
            "eps_growth_yearly": 16.19
        }
    },
    "months": {
        "2002-04": {
            "month": "2002-04",
            "price": "25.31",
            "revenue": 131414
        },
        "2002-05": {
            "month": "2002-05",
            "price": "25.81",
            "revenue": 120862
        },
        "2002-06": {
            "month": "2002-06",
            "price": "24.16",
            "revenue": 98044
        },
        "2002-07": {
            "month": "2002-07",
            "price": "21.83",
            "revenue": 118933
        },
        "2002-08": {
            "month": "2002-08",
            "price": "19.28",
            "revenue": 121448
        },
        "2002-09": {
            "month": "2002-09",
            "price": "19.26",
            "revenue": 114039
        },
        "2002-10": {
            "month": "2002-10",
            "price": "18.30",
            "revenue": 116558
        },
        "2002-11": {
            "month": "2002-11",
            "price": "16.92",
            "revenue": 106027
        },
        "2002-12": {
            "month": "2002-12",
            "price": "15.37",
            "revenue": 85619
        },
        "2003-01": {
            "month": "2003-01",
            "price": "14.78",
            "revenue": 102492
        },
        "2003-02": {
            "month": "2003-02",
            "price": "14.41",
            "revenue": 102397
        },
        "2003-03": {
            "month": "2003-03",
            "price": "14.50",
            "revenue": 115878
        },
        "2003-04": {
            "month": "2003-04",
            "price": "14.29",
            "revenue": 95878
        },
        "2003-05": {
            "month": "2003-05",
            "price": "15.02",
            "revenue": 93568
        },
        "2003-06": {
            "month": "2003-06",
            "price": "16.28",
            "revenue": 73720
        },
        "2003-07": {
            "month": "2003-07",
            "price": "16.34",
            "revenue": 84647
        },
        "2003-08": {
            "month": "2003-08",
            "price": "14.00",
            "revenue": 97156
        },
        "2003-09": {
            "month": "2003-09",
            "price": "13.81",
            "revenue": 105060
        },
        "2003-10": {
            "month": "2003-10",
            "price": "13.10",
            "revenue": 114051
        },
        "2003-11": {
            "month": "2003-11",
            "price": "12.53",
            "revenue": 106353
        },
        "2003-12": {
            "month": "2003-12",
            "price": "13.21",
            "revenue": 107466
        },
        "2004-01": {
            "month": "2004-01",
            "price": "13.19",
            "revenue": 94919
        },
        "2004-02": {
            "month": "2004-02",
            "price": "14.38",
            "revenue": 95539
        },
        "2004-03": {
            "month": "2004-03",
            "price": "14.25",
            "revenue": 121773
        },
        "2004-04": {
            "month": "2004-04",
            "price": "14.55",
            "revenue": 123520
        },
        "2004-05": {
            "month": "2004-05",
            "price": "12.97",
            "revenue": 105640
        },
        "2004-06": {
            "month": "2004-06",
            "price": "11.56",
            "revenue": 95981
        },
        "2004-07": {
            "month": "2004-07",
            "price": "10.30",
            "revenue": 96776
        },
        "2004-08": {
            "month": "2004-08",
            "price": "9.83",
            "revenue": 93521
        },
        "2004-09": {
            "month": "2004-09",
            "price": "9.90",
            "revenue": 90494
        },
        "2004-10": {
            "month": "2004-10",
            "price": "9.28",
            "revenue": 89587
        },
        "2004-11": {
            "month": "2004-11",
            "price": "9.09",
            "revenue": 83203
        },
        "2004-12": {
            "month": "2004-12",
            "price": "8.84",
            "revenue": 67880
        },
        "2005-01": {
            "month": "2005-01",
            "price": "8.62",
            "revenue": 80046
        },
        "2005-02": {
            "month": "2005-02",
            "price": "8.72",
            "revenue": 56561
        },
        "2005-03": {
            "month": "2005-03",
            "price": "9.03",
            "revenue": 89356
        },
        "2005-04": {
            "month": "2005-04",
            "price": "8.59",
            "revenue": 79450
        },
        "2005-05": {
            "month": "2005-05",
            "price": "7.77",
            "revenue": 87423
        },
        "2005-06": {
            "month": "2005-06",
            "price": "8.35",
            "revenue": 92579
        },
        "2005-07": {
            "month": "2005-07",
            "price": "12.45",
            "revenue": 87377
        },
        "2005-08": {
            "month": "2005-08",
            "price": "13.47",
            "revenue": 92026
        },
        "2005-09": {
            "month": "2005-09",
            "price": "12.01",
            "revenue": 99837
        },
        "2005-10": {
            "month": "2005-10",
            "price": "11.08",
            "revenue": 102819
        },
        "2005-11": {
            "month": "2005-11",
            "price": "7.95",
            "revenue": 89883
        },
        "2005-12": {
            "month": "2005-12",
            "price": "9.83",
            "revenue": 76102
        },
        "2006-01": {
            "month": "2006-01",
            "price": "12.23",
            "revenue": 78396
        },
        "2006-02": {
            "month": "2006-02",
            "price": "11.20",
            "revenue": 72881
        },
        "2006-03": {
            "month": "2006-03",
            "price": "10.03",
            "revenue": 90194
        },
        "2006-04": {
            "month": "2006-04",
            "price": "12.16",
            "revenue": 86492
        },
        "2006-05": {
            "month": "2006-05",
            "price": "13.03",
            "revenue": 93116
        },
        "2006-06": {
            "month": "2006-06",
            "price": "10.97",
            "revenue": 118776
        },
        "2006-07": {
            "month": "2006-07",
            "price": "10.50",
            "revenue": 93665
        },
        "2006-08": {
            "month": "2006-08",
            "price": "10.12",
            "revenue": 116231
        },
        "2006-09": {
            "month": "2006-09",
            "price": "10.30",
            "revenue": 104507
        },
        "2006-10": {
            "month": "2006-10",
            "price": "11.66",
            "revenue": 95389
        },
        "2006-11": {
            "month": "2006-11",
            "price": "12.30",
            "revenue": 95945
        },
        "2006-12": {
            "month": "2006-12",
            "price": "13.18",
            "revenue": 89437
        },
        "2007-01": {
            "month": "2007-01",
            "price": "13.09",
            "revenue": 108274
        },
        "2007-02": {
            "month": "2007-02",
            "price": "13.07",
            "revenue": 93077
        },
        "2007-03": {
            "month": "2007-03",
            "price": "18.48",
            "revenue": 126535
        },
        "2007-04": {
            "month": "2007-04",
            "price": "22.66",
            "revenue": 269827
        },
        "2007-05": {
            "month": "2007-05",
            "price": "19.30",
            "revenue": 254560
        },
        "2007-06": {
            "month": "2007-06",
            "price": "21.74",
            "revenue": 260725
        },
        "2007-07": {
            "month": "2007-07",
            "price": "25.46",
            "revenue": 287172
        },
        "2007-08": {
            "month": "2007-08",
            "price": "24.13",
            "revenue": 320350
        },
        "2007-09": {
            "month": "2007-09",
            "price": "23.82",
            "revenue": 285080
        },
        "2007-10": {
            "month": "2007-10",
            "price": "22.00",
            "revenue": 281722
        },
        "2007-11": {
            "month": "2007-11",
            "price": "18.78",
            "revenue": 285385
        },
        "2007-12": {
            "month": "2007-12",
            "price": "18.31",
            "revenue": 263693
        },
        "2008-01": {
            "month": "2008-01",
            "price": "18.16",
            "revenue": 277709
        },
        "2008-02": {
            "month": "2008-02",
            "price": "16.75",
            "revenue": 209031
        },
        "2008-03": {
            "month": "2008-03",
            "price": "15.95",
            "revenue": 260934
        },
        "2008-04": {
            "month": "2008-04",
            "price": "17.37",
            "revenue": 274032
        },
        "2008-05": {
            "month": "2008-05",
            "price": "15.67",
            "revenue": 297123
        },
        "2008-06": {
            "month": "2008-06",
            "price": "12.86",
            "revenue": 262232
        },
        "2008-07": {
            "month": "2008-07",
            "price": "10.37",
            "revenue": 280325
        },
        "2008-08": {
            "month": "2008-08",
            "price": "11.49",
            "revenue": 264703
        },
        "2008-09": {
            "month": "2008-09",
            "price": "9.66",
            "revenue": 261995
        },
        "2008-10": {
            "month": "2008-10",
            "price": "6.99",
            "revenue": 253421
        },
        "2008-11": {
            "month": "2008-11",
            "price": "5.03",
            "revenue": 181892
        },
        "2008-12": {
            "month": "2008-12",
            "price": "4.66",
            "revenue": 151167
        },
        "2009-01": {
            "month": "2009-01",
            "price": "4.64",
            "revenue": 137227
        },
        "2009-02": {
            "month": "2009-02",
            "price": "5.02",
            "revenue": 145246
        },
        "2009-03": {
            "month": "2009-03",
            "price": "6.43",
            "revenue": 209039
        },
        "2009-04": {
            "month": "2009-04",
            "price": "8.29",
            "revenue": 226868
        },
        "2009-05": {
            "month": "2009-05",
            "price": "8.43",
            "revenue": 221170
        },
        "2009-06": {
            "month": "2009-06",
            "price": "8.43",
            "revenue": 243647
        },
        "2009-07": {
            "month": "2009-07",
            "price": "12.42",
            "revenue": 262162
        },
        "2009-08": {
            "month": "2009-08",
            "price": "17.92",
            "revenue": 266128
        },
        "2009-09": {
            "month": "2009-09",
            "price": "21.50",
            "revenue": 261075
        },
        "2009-10": {
            "month": "2009-10",
            "price": "18.62",
            "revenue": 234980
        },
        "2009-11": {
            "month": "2009-11",
            "price": "17.20",
            "revenue": 236527
        },
        "2009-12": {
            "month": "2009-12",
            "price": "22.92",
            "revenue": 231149
        },
        "2010-01": {
            "month": "2010-01",
            "price": "24.83",
            "revenue": 250992
        },
        "2010-02": {
            "month": "2010-02",
            "price": "23.63",
            "revenue": 221297
        },
        "2010-03": {
            "month": "2010-03",
            "price": "26.22",
            "revenue": 275196
        },
        "2010-04": {
            "month": "2010-04",
            "price": "27.87",
            "revenue": 289438
        },
        "2010-05": {
            "month": "2010-05",
            "price": "28.46",
            "revenue": 320408
        },
        "2010-06": {
            "month": "2010-06",
            "price": "30.45",
            "revenue": 328003
        },
        "2010-07": {
            "month": "2010-07",
            "price": "34.18",
            "revenue": 312575
        },
        "2010-08": {
            "month": "2010-08",
            "price": "39.44",
            "revenue": 287482
        },
        "2010-09": {
            "month": "2010-09",
            "price": "40.75",
            "revenue": 272991
        },
        "2010-10": {
            "month": "2010-10",
            "price": "38.74",
            "revenue": 242629
        },
        "2010-11": {
            "month": "2010-11",
            "price": "30.82",
            "revenue": 226034
        },
        "2010-12": {
            "month": "2010-12",
            "price": "31.87",
            "revenue": 226000
        },
        "2011-01": {
            "month": "2011-01",
            "price": "29.46",
            "revenue": 237931
        },
        "2011-02": {
            "month": "2011-02",
            "price": "28.97",
            "revenue": 191742
        },
        "2011-03": {
            "month": "2011-03",
            "price": "32.21",
            "revenue": 218656
        },
        "2011-04": {
            "month": "2011-04",
            "price": "34.40",
            "revenue": 248284
        },
        "2011-05": {
            "month": "2011-05",
            "price": "29.00",
            "revenue": 246290
        },
        "2011-06": {
            "month": "2011-06",
            "price": "25.15",
            "revenue": 229072
        },
        "2011-07": {
            "month": "2011-07",
            "price": "20.76",
            "revenue": 233840
        },
        "2011-08": {
            "month": "2011-08",
            "price": "16.42",
            "revenue": 202175
        },
        "2011-09": {
            "month": "2011-09",
            "price": "13.67",
            "revenue": 191608
        },
        "2011-10": {
            "month": "2011-10",
            "price": "13.10",
            "revenue": 161954
        },
        "2011-11": {
            "month": "2011-11",
            "price": "11.44",
            "revenue": 165593
        },
        "2011-12": {
            "month": "2011-12",
            "price": "9.35",
            "revenue": 154052
        },
        "2012-01": {
            "month": "2012-01",
            "price": "10.37",
            "revenue": 135650
        },
        "2012-02": {
            "month": "2012-02",
            "price": "13.78",
            "revenue": 145804
        },
        "2012-03": {
            "month": "2012-03",
            "price": "13.76",
            "revenue": 199423
        },
        "2012-04": {
            "month": "2012-04",
            "price": "11.28",
            "revenue": 211110
        },
        "2012-05": {
            "month": "2012-05",
            "price": "9.91",
            "revenue": 203422
        },
        "2012-06": {
            "month": "2012-06",
            "price": "9.41",
            "revenue": 205465
        },
        "2012-07": {
            "month": "2012-07",
            "price": "8.87",
            "revenue": 196714
        },
        "2012-08": {
            "month": "2012-08",
            "price": "8.62",
            "revenue": 195345
        },
        "2012-09": {
            "month": "2012-09",
            "price": "10.06",
            "revenue": 172314
        },
        "2012-10": {
            "month": "2012-10",
            "price": "10.20",
            "revenue": 177959
        },
        "2012-11": {
            "month": "2012-11",
            "price": "8.89",
            "revenue": 173875
        },
        "2012-12": {
            "month": "2012-12",
            "price": "10.18",
            "revenue": 166862
        },
        "2013-01": {
            "month": "2013-01",
            "price": "10.94",
            "revenue": 200610
        },
        "2013-02": {
            "month": "2013-02",
            "price": "11.05",
            "revenue": 137200
        },
        "2013-03": {
            "month": "2013-03",
            "price": "11.09",
            "revenue": 174384
        },
        "2013-04": {
            "month": "2013-04",
            "price": "10.26",
            "revenue": 195615
        },
        "2013-05": {
            "month": "2013-05",
            "price": "10.73",
            "revenue": 210919
        },
        "2013-06": {
            "month": "2013-06",
            "price": "10.28",
            "revenue": 192624
        },
        "2013-07": {
            "month": "2013-07",
            "price": "10.22",
            "revenue": 171612
        },
        "2013-08": {
            "month": "2013-08",
            "price": "10.03",
            "revenue": 162771
        },
        "2013-09": {
            "month": "2013-09",
            "price": "10.65",
            "revenue": 169294
        },
        "2013-10": {
            "month": "2013-10",
            "price": "10.29",
            "revenue": 176191
        },
        "2013-11": {
            "month": "2013-11",
            "price": "9.61",
            "revenue": 167876
        },
        "2013-12": {
            "month": "2013-12",
            "price": "9.82",
            "revenue": 172840
        },
        "2014-01": {
            "month": "2014-01",
            "price": "10.83",
            "revenue": 181418
        },
        "2014-02": {
            "month": "2014-02",
            "price": "11.44",
            "revenue": 159492
        },
        "2014-03": {
            "month": "2014-03",
            "price": "11.91",
            "revenue": 191443
        },
        "2014-04": {
            "month": "2014-04",
            "price": "11.77",
            "revenue": 216901
        },
        "2014-05": {
            "month": "2014-05",
            "price": "11.39",
            "revenue": 226688
        },
        "2014-06": {
            "month": "2014-06",
            "price": "12.70",
            "revenue": 215084
        },
        "2014-07": {
            "month": "2014-07",
            "price": "12.04",
            "revenue": 232295
        },
        "2014-08": {
            "month": "2014-08",
            "price": "11.93",
            "revenue": 219937
        },
        "2014-09": {
            "month": "2014-09",
            "price": "11.91",
            "revenue": 231650
        },
        "2014-10": {
            "month": "2014-10",
            "price": "10.74",
            "revenue": 217945
        },
        "2014-11": {
            "month": "2014-11",
            "price": "10.86",
            "revenue": 216344
        },
        "2014-12": {
            "month": "2014-12",
            "price": "11.57",
            "revenue": 206944
        },
        "2015-01": {
            "month": "2015-01",
            "price": "12.22",
            "revenue": 218844
        },
        "2015-02": {
            "month": "2015-02",
            "price": "12.52",
            "revenue": 170727
        },
        "2015-03": {
            "month": "2015-03",
            "price": "13.02",
            "revenue": 195878
        },
        "2015-04": {
            "month": "2015-04",
            "price": "12.78",
            "revenue": 206336
        },
        "2015-05": {
            "month": "2015-05",
            "price": "12.09",
            "revenue": 196115
        },
        "2015-06": {
            "month": "2015-06",
            "price": "10.93",
            "revenue": 179471
        },
        "2015-07": {
            "month": "2015-07",
            "price": "10.02",
            "revenue": 199907
        },
        "2015-08": {
            "month": "2015-08",
            "price": "8.72",
            "revenue": 204726
        },
        "2015-09": {
            "month": "2015-09",
            "price": "8.85",
            "revenue": 210538
        },
        "2015-10": {
            "month": "2015-10",
            "price": "9.51",
            "revenue": 204220
        },
        "2015-11": {
            "month": "2015-11",
            "price": "9.63",
            "revenue": 206927
        },
        "2015-12": {
            "month": "2015-12",
            "price": "10.18",
            "revenue": 195758
        },
        "2016-01": {
            "month": "2016-01",
            "price": "9.39",
            "revenue": 221828
        },
        "2016-02": {
            "month": "2016-02",
            "price": "10.61",
            "revenue": 175045
        },
        "2016-03": {
            "month": "2016-03",
            "price": "13.78",
            "revenue": 225436
        },
        "2016-04": {
            "month": "2016-04",
            "price": "12.65",
            "revenue": 234002
        },
        "2016-05": {
            "month": "2016-05",
            "price": "13.74",
            "revenue": 231368
        },
        "2016-06": {
            "month": "2016-06",
            "price": "14.15",
            "revenue": 221928
        },
        "2016-07": {
            "month": "2016-07",
            "price": "14.76",
            "revenue": 216299
        },
        "2016-08": {
            "month": "2016-08",
            "price": "17.29",
            "revenue": 240640
        },
        "2016-09": {
            "month": "2016-09",
            "price": "17.56",
            "revenue": 235651
        },
        "2016-10": {
            "month": "2016-10",
            "price": "17.30",
            "revenue": 219131
        },
        "2016-11": {
            "month": "2016-11",
            "price": "15.69",
            "revenue": 236086
        },
        "2016-12": {
            "month": "2016-12",
            "price": "15.90",
            "revenue": 223126
        },
        "2017-01": {
            "month": "2017-01",
            "price": "15.45",
            "revenue": 241365
        },
        "2017-02": {
            "month": "2017-02",
            "price": "18.05",
            "revenue": 221299
        },
        "2017-03": {
            "month": "2017-03",
            "price": "20.30",
            "revenue": 272083
        },
        "2017-04": {
            "month": "2017-04",
            "price": "23.63",
            "revenue": 256760
        },
        "2017-05": {
            "month": "2017-05",
            "price": "23.86",
            "revenue": 258938
        },
        "2017-06": {
            "month": "2017-06",
            "price": "24.65",
            "revenue": 260997
        },
        "2017-07": {
            "month": "2017-07",
            "price": "23.75",
            "revenue": 272044
        },
        "2017-08": {
            "month": "2017-08",
            "price": "26.95",
            "revenue": 282024
        },
        "2017-09": {
            "month": "2017-09",
            "price": "34.52",
            "revenue": 279792
        },
        "2017-10": {
            "month": "2017-10",
            "price": "37.42",
            "revenue": 266142
        },
        "2017-11": {
            "month": "2017-11",
            "price": "35.65",
            "revenue": 283565
        },
        "2017-12": {
            "month": "2017-12",
            "price": "37.98",
            "revenue": 266900
        },
        "2018-01": {
            "month": "2018-01",
            "price": "43.11",
            "revenue": 317680
        },
        "2018-02": {
            "month": "2018-02",
            "price": "42.92",
            "revenue": 272541
        },
        "2018-03": {
            "month": "2018-03",
            "price": "46.61",
            "revenue": 356993
        },
        "2018-04": {
            "month": "2018-04",
            "price": "54.32",
            "revenue": 393339
        },
        "2018-05": {
            "month": "2018-05",
            "price": "75.80",
            "revenue": 489784
        },
        "2018-06": {
            "month": "2018-06",
            "price": "103.99",
            "revenue": 560874
        },
        "2018-07": {
            "month": "2018-07",
            "price": "123.91",
            "revenue": 621764
        },
        "2018-08": {
            "month": "2018-08",
            "price": "99.33",
            "revenue": 665709
        },
        "2018-09": {
            "month": "2018-09",
            "price": "83.81",
            "revenue": 613307
        },
        "2018-10": {
            "month": "2018-10",
            "price": "57.44",
            "revenue": 559958
        },
        "2018-11": {
            "month": "2018-11",
            "price": "58.22",
            "revenue": 491782
        },
        "2018-12": {
            "month": "2018-12",
            "price": "65.53",
            "revenue": 409195
        },
        "2019-01": {
            "month": "2019-01",
            "price": "60.82",
            "revenue": 494931
        },
        "2019-02": {
            "month": "2019-02",
            "price": "74.38",
            "revenue": 367940
        },
        "2019-03": {
            "month": "2019-03",
            "price": "72.19",
            "revenue": 441840
        },
        "2019-04": {
            "month": "2019-04",
            "price": "74.24",
            "revenue": 369329
        },
        "2019-05": {
            "month": "2019-05",
            "price": "64.47",
            "revenue": 374524
        },
        "2019-06": {
            "month": "2019-06",
            "price": "64.72",
            "revenue": 333544
        },
        "2019-07": {
            "month": "2019-07",
            "price": "64.13",
            "revenue": 315170
        },
        "2019-08": {
            "month": "2019-08",
            "price": "54.55",
            "revenue": 323313
        },
        "2019-09": {
            "month": "2019-09",
            "price": "54.92",
            "revenue": 335922
        },
        "2019-10": {
            "month": "2019-10",
            "price": "60.60",
            "revenue": 335505
        },
        "2019-11": {
            "month": "2019-11",
            "price": "56.86",
            "revenue": 345926
        },
        "2019-12": {
            "month": "2019-12",
            "price": "61.98",
            "revenue": 313425
        },
        "2020-01": {
            "month": "2020-01",
            "price": "68.61",
            "revenue": 336897
        },
        "2020-02": {
            "month": "2020-02",
            "price": "64.96",
            "revenue": 342894
        },
        "2020-03": {
            "month": "2020-03",
            "price": "48.23",
            "revenue": 399820
        },
        "2020-04": {
            "month": "2020-04",
            "price": "53.64",
            "revenue": 425995
        },
        "2020-05": {
            "month": "2020-05",
            "price": "56.44",
            "revenue": 464838
        },
        "2020-06": {
            "month": "2020-06",
            "price": "56.07",
            "revenue": 426064
        },
        "2020-07": {
            "month": "2020-07",
            "price": "53.00",
            "revenue": 473379
        },
        "2020-08": {
            "month": "2020-08",
            "price": "54.21",
            "revenue": 465041
        },
        "2020-09": {
            "month": "2020-09",
            "price": "53.74",
            "revenue": 501691
        },
        "2020-10": {
            "month": "2020-10",
            "price": "54.09",
            "revenue": 456507
        },
        "2020-11": {
            "month": "2020-11",
            "price": "62.90",
            "revenue": 465749
        },
        "2020-12": {
            "month": "2020-12",
            "price": "66.58",
            "revenue": 440066
        },
        "2021-01": {
            "month": "2021-01",
            "price": "65.14",
            "revenue": 504564
        },
        "2021-02": {
            "month": "2021-02",
            "price": "64.64",
            "revenue": 419580
        },
        "2021-03": {
            "month": "2021-03",
            "price": "66.06",
            "revenue": 531506
        },
        "2021-04": {
            "month": "2021-04",
            "price": "71.23",
            "revenue": 528309
        },
        "2021-05": {
            "month": "2021-05",
            "price": "61.14",
            "revenue": 546799
        },
        "2021-06": {
            "month": "2021-06",
            "price": "63.23",
            "revenue": 552180
        },
        "2021-07": {
            "month": "2021-07",
            "price": "71.75",
            "revenue": 537952
        },
        "2021-08": {
            "month": "2021-08",
            "price": "62.52",
            "revenue": 536928
        },
        "2021-09": {
            "month": "2021-09",
            "price": "57.86",
            "revenue": 507363
        },
        "2021-10": {
            "month": "2021-10",
            "price": "52.64",
            "revenue": 456658
        },
        "2021-11": {
            "month": "2021-11",
            "price": "59.94",
            "revenue": 454035
        },
        "2021-12": {
            "month": "2021-12",
            "price": "60.53",
            "revenue": 429473
        },
        "2022-01": {
            "month": "2022-01",
            "price": "58.11",
            "revenue": 433343
        },
        "2022-02": {
            "month": "2022-02",
            "price": "57.12",
            "revenue": 392979
        },
        "2022-03": {
            "month": "2022-03",
            "price": "55.32",
            "revenue": 449126
        },
        "2022-04": {
            "month": "2022-04",
            "price": "51.79",
            "revenue": 429717
        },
        "2022-05": {
            "month": "2022-05",
            "price": "48.76",
            "revenue": 403738
        },
        "2022-06": {
            "month": "2022-06",
            "price": "45.45",
            "revenue": 336954
        },
        "2022-07": {
            "month": "2022-07",
            "price": "39.11",
            "revenue": 301986
        },
        "2022-08": {
            "month": "2022-08",
            "price": "39.74",
            "revenue": 283545
        },
        "2022-09": {
            "month": "2022-09",
            "price": "39.39",
            "revenue": 288247
        },
        "2022-10": {
            "month": "2022-10",
            "price": "33.12",
            "revenue": 259323
        },
        "2022-11": {
            "month": "2022-11",
            "price": "34.20",
            "revenue": 286498
        },
        "2022-12": {
            "month": "2022-12",
            "price": "35.27",
            "revenue": 274396
        },
        "2023-01": {
            "month": "2023-01",
            "price": "34.68",
            "revenue": 272635
        },
        "2023-02": {
            "month": "2023-02",
            "price": "40.03",
            "revenue": 285674
        },
        "2023-03": {
            "month": "2023-03",
            "price": "39.96",
            "revenue": 320484
        },
        "2023-04": {
            "month": "2023-04",
            "price": "39.96",
            "revenue": 329549
        }
    }
}
