{
    "summary": {
        "stock_name": "安碁",
        "stock_id": "6174",
        "category": "電子零組件",
        "main_business": "石英晶體,石英振盪器,濾波器等產品及半成品之製造,加工及內外銷<br>石英晶體,石英振盪器,濾波器等產品之原料,零件之加工及內外銷<br>F119010電子材料批發及F219010電子材料零售",
        "website_url": "http://www.aker.com.tw",
        "ceo": "李靜怡",
        "pe_ratio": 15,
        "report_year_from": 2001,
        "report_year_to": 2023,
        "age": 22,
        "eps_negative_percentage": 13,
        "eps_growth_avg": {
            "last_all": 9.97,
            "last_2y": 90,
            "last_4y": 54.19,
            "last_8y": 19.6,
            "last_12y": 24.99,
            "last_16y": 14.66,
            "last_20y": 9.97,
            "at_2006_last_3y": -24.13,
            "at_2007_last_3y": -85.06,
            "at_2008_last_3y": -47.3,
            "at_2009_last_3y": -47.3,
            "at_2010_last_3y": -47.3,
            "at_2011_last_3y": -57.05,
            "at_2012_last_3y": -25.52,
            "at_2013_last_3y": 41.15,
            "at_2014_last_3y": 19.69,
            "at_2015_last_3y": 38.83,
            "at_2016_last_3y": 14.79,
            "at_2017_last_3y": -23.63,
            "at_2018_last_3y": 12.54,
            "at_2019_last_3y": -12.23,
            "at_2020_last_3y": 11.81,
            "at_2021_last_3y": 50.24,
            "at_2022_last_3y": 42.74,
            "at_2023_last_3y": 42.74,
            "at_2006_last_all": -6.43,
            "at_2007_last_all": -6.43,
            "at_2008_last_all": -4.06,
            "at_2009_last_all": -20.05,
            "at_2010_last_all": -20.05,
            "at_2011_last_all": -28.13,
            "at_2012_last_all": -12.11,
            "at_2013_last_all": 0.35,
            "at_2014_last_all": -4.16,
            "at_2015_last_all": -3.78,
            "at_2016_last_all": -3.14,
            "at_2017_last_all": -7.03,
            "at_2018_last_all": 0.61,
            "at_2019_last_all": -6.03,
            "at_2020_last_all": 0.6,
            "at_2021_last_all": 6.44,
            "at_2022_last_all": 9.97,
            "at_2023_last_all": 9.97
        },
        "latest_eps": 1.54,
        "latest_price": 22.85,
        "latest_roe": 12.1,
        "latest_gross_margin": 30.68,
        "latest_equity": 613557,
        "latest_revenue": 105682,
        "latest_gross_profit": 32426,
        "latest_net_income": 4525,
        "latest_debt_ratio": 22.28,
        "latest_current_ratio": 340.09,
        "latest_account_receivable_turnover_ratio": 0.86,
        "latest_inventory_turnover_ratio": 0.28,
        "latest_reinvestment_rate": 4.37,
        "latest_research_to_sale_ratio": 8.34
    },
    "eps_dividends": {
        "2001": {
            "cash": 1.5,
            "stock": 1.5,
            "eps": 0.6
        },
        "2002": {
            "cash": 1,
            "stock": 1,
            "eps": 0.88
        },
        "2003": {
            "cash": 0,
            "stock": 0.78,
            "eps": 1.74
        },
        "2004": {
            "cash": 0.5,
            "stock": 0.3,
            "eps": 0.52
        },
        "2005": {
            "cash": 0.3,
            "stock": 0.5,
            "eps": -9.62
        },
        "2006": {
            "cash": 0,
            "stock": 0,
            "eps": -2.44
        },
        "2007": {
            "cash": 0,
            "stock": 0,
            "eps": 0.37
        },
        "2008": {
            "cash": 0,
            "stock": 0,
            "eps": 0.39
        },
        "2009": {
            "cash": 0,
            "stock": 0,
            "eps": -0.39
        },
        "2010": {
            "cash": 0,
            "stock": 0,
            "eps": 0.64
        },
        "2011": {
            "cash": 0.25,
            "stock": 0,
            "eps": 0.15
        },
        "2012": {
            "cash": 0.1,
            "stock": 0,
            "eps": 0.34
        },
        "2013": {
            "cash": 0.3,
            "stock": 0,
            "eps": 1.88
        },
        "2014": {
            "cash": 1.2,
            "stock": 0,
            "eps": 1.04
        },
        "2015": {
            "cash": 1.2,
            "stock": 0,
            "eps": 1.04
        },
        "2016": {
            "cash": 1,
            "stock": 0,
            "eps": 1.08
        },
        "2017": {
            "cash": 1,
            "stock": 0,
            "eps": 0.5
        },
        "2018": {
            "cash": 0.5,
            "stock": 0,
            "eps": 1.06
        },
        "2019": {
            "cash": 1,
            "stock": 0,
            "eps": 0.01
        },
        "2020": {
            "cash": 0,
            "stock": 0,
            "eps": 0.02
        },
        "2021": {
            "cash": 0,
            "stock": 0,
            "eps": 1.8
        },
        "2022": {
            "cash": 1.6,
            "stock": 0,
            "eps": 3.06
        },
        "2023": {
            "cash": 2.7,
            "stock": 0,
            "eps": 0.22
        }
    },
    "dividends": {
        "2001-06-18": {
            "cash": 1.5,
            "stock": 1.5
        },
        "2002-06-28": {
            "cash": 1,
            "stock": 1
        },
        "2003-05-02": {
            "cash": 0,
            "stock": 0.78
        },
        "2004-04-13": {
            "cash": 0.5,
            "stock": 0.3
        },
        "2005-04-18": {
            "cash": 0.3,
            "stock": 0.5
        },
        "2011-03-30": {
            "cash": 0.25,
            "stock": 0
        },
        "2012-06-05": {
            "cash": 0.1,
            "stock": 0
        },
        "2013-06-19": {
            "cash": 0.3,
            "stock": 0
        },
        "2014-09-19": {
            "cash": 1.2,
            "stock": 0
        },
        "2015-09-21": {
            "cash": 1.2,
            "stock": 0
        },
        "2016-09-14": {
            "cash": 1,
            "stock": 0
        },
        "2017-09-14": {
            "cash": 1,
            "stock": 0
        },
        "2018-09-14": {
            "cash": 0.5,
            "stock": 0
        },
        "2019-09-20": {
            "cash": 1,
            "stock": 0
        },
        "2022-06-29": {
            "cash": 1.6,
            "stock": 0
        },
        "2023-06-30": {
            "cash": 2.7,
            "stock": 0
        }
    },
    "prices": {
        "200101": "無",
        "200102": "無",
        "200103": "無",
        "200104": "無",
        "200105": "無",
        "200106": "無",
        "200107": "無",
        "200108": "無",
        "200109": "無",
        "200110": "無",
        "200111": "無",
        "200112": "無",
        "200201": "無",
        "200202": "無",
        "200203": "無",
        "200204": "無",
        "200205": "28.23",
        "200206": "26.58",
        "200207": "23.97",
        "200208": "20.34",
        "200209": "19.25",
        "200210": "17.16",
        "200211": "17.27",
        "200212": "17.39",
        "200301": "17.23",
        "200302": "16.30",
        "200303": "15.25",
        "200304": "14.60",
        "200305": "14.57",
        "200306": "17.41",
        "200307": "18.27",
        "200308": "19.30",
        "200309": "16.39",
        "200310": "16.11",
        "200311": "18.64",
        "200312": "19.46",
        "200401": "19.21",
        "200402": "19.76",
        "200403": "19.13",
        "200404": "18.96",
        "200405": "16.01",
        "200406": "14.90",
        "200407": "12.82",
        "200408": "11.93",
        "200409": "11.60",
        "200410": "11.01",
        "200411": "10.78",
        "200412": "10.67",
        "200501": "9.85",
        "200502": "10.27",
        "200503": "11.76",
        "200504": "12.45",
        "200505": "10.07",
        "200506": "10.73",
        "200507": "11.91",
        "200508": "8.99",
        "200509": "7.52",
        "200510": "6.08",
        "200511": "5.90",
        "200512": "6.11",
        "200601": "6.97",
        "200602": "5.95",
        "200603": "4.88",
        "200604": "4.47",
        "200605": "3.40",
        "200606": "3.09",
        "200607": "2.68",
        "200608": "2.36",
        "200609": "無",
        "200610": "3.11",
        "200611": "4.36",
        "200612": "4.22",
        "200701": "5.23",
        "200702": "4.94",
        "200703": "4.30",
        "200704": "4.23",
        "200705": "4.00",
        "200706": "3.96",
        "200707": "4.14",
        "200708": "3.90",
        "200709": "3.60",
        "200710": "3.60",
        "200711": "3.52",
        "200712": "3.88",
        "200801": "6.64",
        "200802": "5.56",
        "200803": "6.50",
        "200804": "7.00",
        "200805": "10.28",
        "200806": "10.00",
        "200807": "8.52",
        "200808": "9.30",
        "200809": "8.44",
        "200810": "7.42",
        "200811": "5.50",
        "200812": "4.16",
        "200901": "3.85",
        "200902": "3.96",
        "200903": "4.90",
        "200904": "5.61",
        "200905": "5.29",
        "200906": "4.76",
        "200907": "4.56",
        "200908": "4.98",
        "200909": "6.60",
        "200910": "7.77",
        "200911": "8.30",
        "200912": "9.46",
        "201001": "10.59",
        "201002": "10.39",
        "201003": "10.97",
        "201004": "13.60",
        "201005": "14.27",
        "201006": "14.00",
        "201007": "13.16",
        "201008": "13.60",
        "201009": "13.38",
        "201010": "13.69",
        "201011": "16.40",
        "201012": "16.23",
        "201101": "16.16",
        "201102": "15.68",
        "201103": "14.84",
        "201104": "13.82",
        "201105": "13.89",
        "201106": "12.66",
        "201107": "12.13",
        "201108": "11.40",
        "201109": "9.83",
        "201110": "9.24",
        "201111": "8.90",
        "201112": "7.50",
        "201201": "7.82",
        "201202": "8.31",
        "201203": "8.80",
        "201204": "7.59",
        "201205": "7.43",
        "201206": "7.00",
        "201207": "6.78",
        "201208": "7.30",
        "201209": "7.39",
        "201210": "8.03",
        "201211": "7.98",
        "201212": "7.77",
        "201301": "7.75",
        "201302": "7.93",
        "201303": "8.00",
        "201304": "10.41",
        "201305": "12.29",
        "201306": "14.34",
        "201307": "14.33",
        "201308": "15.03",
        "201309": "16.83",
        "201310": "18.08",
        "201311": "18.12",
        "201312": "18.13",
        "201401": "20.81",
        "201402": "23.63",
        "201403": "25.25",
        "201404": "25.76",
        "201405": "23.13",
        "201406": "22.67",
        "201407": "22.27",
        "201408": "21.76",
        "201409": "19.01",
        "201410": "18.52",
        "201411": "17.22",
        "201412": "17.01",
        "201501": "17.76",
        "201502": "17.67",
        "201503": "19.97",
        "201504": "20.66",
        "201505": "19.81",
        "201506": "18.91",
        "201507": "16.74",
        "201508": "14.64",
        "201509": "13.97",
        "201510": "14.21",
        "201511": "14.74",
        "201512": "13.82",
        "201601": "13.63",
        "201602": "13.59",
        "201603": "15.53",
        "201604": "15.60",
        "201605": "14.93",
        "201606": "14.80",
        "201607": "15.04",
        "201608": "15.45",
        "201609": "15.34",
        "201610": "15.01",
        "201611": "14.26",
        "201612": "14.40",
        "201701": "14.56",
        "201702": "15.23",
        "201703": "15.60",
        "201704": "15.69",
        "201705": "15.45",
        "201706": "14.88",
        "201707": "14.90",
        "201708": "14.85",
        "201709": "14.12",
        "201710": "13.46",
        "201711": "13.34",
        "201712": "13.22",
        "201801": "13.53",
        "201802": "13.29",
        "201803": "13.53",
        "201804": "13.62",
        "201805": "14.49",
        "201806": "20.33",
        "201807": "18.30",
        "201808": "20.03",
        "201809": "18.39",
        "201810": "14.96",
        "201811": "14.32",
        "201812": "14.89",
        "201901": "14.35",
        "201902": "15.23",
        "201903": "15.54",
        "201904": "16.78",
        "201905": "16.03",
        "201906": "15.98",
        "201907": "15.96",
        "201908": "15.62",
        "201909": "14.71",
        "201910": "16.07",
        "201911": "14.72",
        "201912": "15.01",
        "202001": "14.53",
        "202002": "13.88",
        "202003": "11.40",
        "202004": "10.66",
        "202005": "10.79",
        "202006": "11.42",
        "202007": "11.35",
        "202008": "11.50",
        "202009": "11.76",
        "202010": "11.31",
        "202011": "11.55",
        "202012": "11.89",
        "202101": "12.10",
        "202102": "12.92",
        "202103": "16.58",
        "202104": "18.29",
        "202105": "17.27",
        "202106": "17.82",
        "202107": "18.56",
        "202108": "21.22",
        "202109": "26.52",
        "202110": "25.67",
        "202111": "31.81",
        "202112": "33.45",
        "202201": "29.35",
        "202202": "29.21",
        "202203": "27.87",
        "202204": "33.23",
        "202205": "31.08",
        "202206": "29.75",
        "202207": "26.39",
        "202208": "28.27",
        "202209": "26.46",
        "202210": "24.17",
        "202211": "25.12",
        "202212": "26.51",
        "202301": "25.50",
        "202302": "27.45",
        "202303": "29.70",
        "202304": "29.53",
        "202305": "28.70",
        "202306": "27.90",
        "202307": "24.95",
        "202308": "23.34",
        "202309": "22.98"
    },
    "quarters": {
        "20011": {
            "year_quarter": 20011,
            "year": 2001,
            "quarter": 1,
            "eps": 0.17,
            "eps_growth_year": null,
            "eps_4q": null,
            "eps_4q_growth_year": null,
            "roe": 1.06,
            "roe_4q": 1.06,
            "gross_profit": 10936,
            "gross_margin": 9.78,
            "gross_margin_4q_avg": 9.78,
            "net_income": 5750,
            "revenue": 111866,
            "common_shares": 307900,
            "book_valuer_per_share": 18.33,
            "book_valuer_per_share_4q_avg": 18.33,
            "equity": 564399,
            "current_ratio": 252.46,
            "debt_ratio": 35.06,
            "inventory_turnover_ratio": 0.44,
            "account_receivable_turnover_ratio": null,
            "reinvestment_rate": null,
            "research_to_sale_ratio": null,
            "price_fair": 0,
            "eps_avg_yearly": 0,
            "eps_latest_yearly": 0,
            "eps_growth_yearly": 0
        },
        "20012": {
            "year_quarter": 20012,
            "year": 2001,
            "quarter": 2,
            "eps": 0.15,
            "eps_growth_year": null,
            "eps_4q": null,
            "eps_4q_growth_year": null,
            "roe": 0.77,
            "roe_4q": 1.83,
            "gross_profit": 11800,
            "gross_margin": 7.76,
            "gross_margin_4q_avg": 8.77,
            "net_income": 4395,
            "revenue": 151986,
            "common_shares": 307900,
            "book_valuer_per_share": 18.55,
            "book_valuer_per_share_4q_avg": 18.44,
            "equity": 571031,
            "current_ratio": 256.06,
            "debt_ratio": 33.44,
            "inventory_turnover_ratio": 0.7,
            "account_receivable_turnover_ratio": null,
            "reinvestment_rate": null,
            "research_to_sale_ratio": null,
            "price_fair": 0,
            "eps_avg_yearly": 0,
            "eps_latest_yearly": 0,
            "eps_growth_yearly": 0
        },
        "20013": {
            "year_quarter": 20013,
            "year": 2001,
            "quarter": 3,
            "eps": 0.01,
            "eps_growth_year": null,
            "eps_4q": null,
            "eps_4q_growth_year": null,
            "roe": 0.06,
            "roe_4q": 1.8900000000000001,
            "gross_profit": 11884,
            "gross_margin": 9.67,
            "gross_margin_4q_avg": 9.07,
            "net_income": 346,
            "revenue": 122909,
            "common_shares": 355885,
            "book_valuer_per_share": 16.09,
            "book_valuer_per_share_4q_avg": 17.66,
            "equity": 572461,
            "current_ratio": 243.97,
            "debt_ratio": 32.95,
            "inventory_turnover_ratio": 0.6,
            "account_receivable_turnover_ratio": null,
            "reinvestment_rate": null,
            "research_to_sale_ratio": null,
            "price_fair": 0,
            "eps_avg_yearly": 0,
            "eps_latest_yearly": 0,
            "eps_growth_yearly": 0
        },
        "20014": {
            "year_quarter": 20014,
            "year": 2001,
            "quarter": 4,
            "eps": 0.27,
            "eps_growth_year": null,
            "eps_4q": 0.57,
            "eps_4q_growth_year": null,
            "roe": 1.62,
            "roe_4q": 3.5100000000000002,
            "gross_profit": 16227,
            "gross_margin": 10.86,
            "gross_margin_4q_avg": 9.52,
            "net_income": 9586,
            "revenue": 149380,
            "common_shares": 355885,
            "book_valuer_per_share": 16.35,
            "book_valuer_per_share_4q_avg": 17.33,
            "equity": 611663,
            "current_ratio": 281.89,
            "debt_ratio": 31.87,
            "inventory_turnover_ratio": 0.68,
            "account_receivable_turnover_ratio": null,
            "reinvestment_rate": null,
            "research_to_sale_ratio": null,
            "price_fair": 0,
            "eps_avg_yearly": 0,
            "eps_latest_yearly": 0,
            "eps_growth_yearly": 0
        },
        "20021": {
            "year_quarter": 20021,
            "year": 2002,
            "quarter": 1,
            "eps": 0.53,
            "eps_growth_year": 211.76,
            "eps_4q": 0.93,
            "eps_4q_growth_year": null,
            "roe": 3.1,
            "roe_4q": 5.550000000000001,
            "gross_profit": 22943,
            "gross_margin": 17.18,
            "gross_margin_4q_avg": 11.37,
            "net_income": 18800,
            "revenue": 133523,
            "common_shares": 355885,
            "book_valuer_per_share": 16.87,
            "book_valuer_per_share_4q_avg": 16.97,
            "equity": 600459,
            "current_ratio": 257.86,
            "debt_ratio": 30.64,
            "inventory_turnover_ratio": 0.62,
            "account_receivable_turnover_ratio": null,
            "reinvestment_rate": null,
            "research_to_sale_ratio": null,
            "price_fair": 74.2,
            "eps_avg_yearly": 2.12,
            "eps_latest_yearly": 2.12,
            "eps_growth_yearly": 385.19
        },
        "20022": {
            "year_quarter": 20022,
            "year": 2002,
            "quarter": 2,
            "eps": 0.12,
            "eps_growth_year": -20,
            "eps_4q": 0.9,
            "eps_4q_growth_year": null,
            "roe": 0.73,
            "roe_4q": 5.51,
            "gross_profit": 26755,
            "gross_margin": 16.97,
            "gross_margin_4q_avg": 13.67,
            "net_income": 4409,
            "revenue": 157667,
            "common_shares": 355885,
            "book_valuer_per_share": 16.96,
            "book_valuer_per_share_4q_avg": 16.57,
            "equity": 603608,
            "current_ratio": 259.77,
            "debt_ratio": 30.84,
            "inventory_turnover_ratio": 0.95,
            "account_receivable_turnover_ratio": null,
            "reinvestment_rate": null,
            "research_to_sale_ratio": null,
            "price_fair": 45.5,
            "eps_avg_yearly": 1.3,
            "eps_latest_yearly": 0.48,
            "eps_growth_yearly": 37.88
        },
        "20023": {
            "year_quarter": 20023,
            "year": 2002,
            "quarter": 3,
            "eps": 0.3,
            "eps_growth_year": 2900,
            "eps_4q": 1.12,
            "eps_4q_growth_year": null,
            "roe": 1.96,
            "roe_4q": 7.41,
            "gross_profit": 20766,
            "gross_margin": 17.31,
            "gross_margin_4q_avg": 15.58,
            "net_income": 11928,
            "revenue": 119986,
            "common_shares": 393013,
            "book_valuer_per_share": 15.68,
            "book_valuer_per_share_4q_avg": 16.47,
            "equity": 616235,
            "current_ratio": 263.2,
            "debt_ratio": 29.38,
            "inventory_turnover_ratio": 0.75,
            "account_receivable_turnover_ratio": null,
            "reinvestment_rate": null,
            "research_to_sale_ratio": null,
            "price_fair": 44.33,
            "eps_avg_yearly": 1.27,
            "eps_latest_yearly": 1.2,
            "eps_growth_yearly": 225.25
        },
        "20024": {
            "year_quarter": 20024,
            "year": 2002,
            "quarter": 4,
            "eps": -0.07,
            "eps_growth_year": -125.93,
            "eps_4q": 0.75,
            "eps_4q_growth_year": 33.12,
            "roe": -0.45,
            "roe_4q": 5.34,
            "gross_profit": 28851,
            "gross_margin": 20.07,
            "gross_margin_4q_avg": 17.88,
            "net_income": -2814,
            "revenue": 143743,
            "common_shares": 393013,
            "book_valuer_per_share": 15.62,
            "book_valuer_per_share_4q_avg": 16.28,
            "equity": 646247,
            "current_ratio": 268.34,
            "debt_ratio": 28.71,
            "inventory_turnover_ratio": 0.68,
            "account_receivable_turnover_ratio": null,
            "reinvestment_rate": null,
            "research_to_sale_ratio": null,
            "price_fair": 44.33,
            "eps_avg_yearly": 1.27,
            "eps_latest_yearly": 1.2,
            "eps_growth_yearly": 225.25
        },
        "20031": {
            "year_quarter": 20031,
            "year": 2003,
            "quarter": 1,
            "eps": 0.21,
            "eps_growth_year": -60.38,
            "eps_4q": 0.56,
            "eps_4q_growth_year": -39.97,
            "roe": 1.28,
            "roe_4q": 3.52,
            "gross_profit": 22480,
            "gross_margin": 16.88,
            "gross_margin_4q_avg": 17.81,
            "net_income": 8099,
            "revenue": 133146,
            "common_shares": 393013,
            "book_valuer_per_share": 15.84,
            "book_valuer_per_share_4q_avg": 16.03,
            "equity": 622535,
            "current_ratio": 187.57,
            "debt_ratio": 33.11,
            "inventory_turnover_ratio": 0.64,
            "account_receivable_turnover_ratio": null,
            "reinvestment_rate": null,
            "research_to_sale_ratio": null,
            "price_fair": 44.33,
            "eps_avg_yearly": 1.27,
            "eps_latest_yearly": 1.2,
            "eps_growth_yearly": 225.25
        },
        "20032": {
            "year_quarter": 20032,
            "year": 2003,
            "quarter": 2,
            "eps": 0.79,
            "eps_growth_year": 558.33,
            "eps_4q": 1.2,
            "eps_4q_growth_year": 32.53,
            "roe": 4.05,
            "roe_4q": 6.84,
            "gross_profit": 27142,
            "gross_margin": 16.86,
            "gross_margin_4q_avg": 17.78,
            "net_income": 33542,
            "revenue": 160977,
            "common_shares": 664118,
            "book_valuer_per_share": 15.57,
            "book_valuer_per_share_4q_avg": 15.68,
            "equity": 1034322,
            "current_ratio": 175.63,
            "debt_ratio": 24.15,
            "inventory_turnover_ratio": 0.91,
            "account_receivable_turnover_ratio": null,
            "reinvestment_rate": null,
            "research_to_sale_ratio": null,
            "price_fair": 60.9,
            "eps_avg_yearly": 1.74,
            "eps_latest_yearly": 3.16,
            "eps_growth_yearly": 445.13
        },
        "20033": {
            "year_quarter": 20033,
            "year": 2003,
            "quarter": 3,
            "eps": 0.12,
            "eps_growth_year": -60,
            "eps_4q": 0.89,
            "eps_4q_growth_year": -21.07,
            "roe": 0.58,
            "roe_4q": 5.46,
            "gross_profit": 26057,
            "gross_margin": 17.61,
            "gross_margin_4q_avg": 17.86,
            "net_income": 6068,
            "revenue": 147935,
            "common_shares": 664118,
            "book_valuer_per_share": 15.67,
            "book_valuer_per_share_4q_avg": 15.68,
            "equity": 1040668,
            "current_ratio": 190.53,
            "debt_ratio": 34.57,
            "inventory_turnover_ratio": 0.81,
            "account_receivable_turnover_ratio": null,
            "reinvestment_rate": null,
            "research_to_sale_ratio": null,
            "price_fair": 52.08,
            "eps_avg_yearly": 1.49,
            "eps_latest_yearly": 0.48,
            "eps_growth_yearly": 288.25
        },
        "20034": {
            "year_quarter": 20034,
            "year": 2003,
            "quarter": 4,
            "eps": 0.62,
            "eps_growth_year": null,
            "eps_4q": 1.49,
            "eps_4q_growth_year": 97.44,
            "roe": 3.2,
            "roe_4q": 9.11,
            "gross_profit": 26676,
            "gross_margin": 15.88,
            "gross_margin_4q_avg": 16.81,
            "net_income": 34145,
            "revenue": 167958,
            "common_shares": 670898,
            "book_valuer_per_share": 16.21,
            "book_valuer_per_share_4q_avg": 15.82,
            "equity": 1095407,
            "current_ratio": 172.52,
            "debt_ratio": 49.61,
            "inventory_turnover_ratio": 0.57,
            "account_receivable_turnover_ratio": null,
            "reinvestment_rate": null,
            "research_to_sale_ratio": null,
            "price_fair": 57.87,
            "eps_avg_yearly": 1.65,
            "eps_latest_yearly": 2.48,
            "eps_growth_yearly": 517.99
        },
        "20041": {
            "year_quarter": 20041,
            "year": 2004,
            "quarter": 1,
            "eps": 0.13,
            "eps_growth_year": -38.1,
            "eps_4q": 1.23,
            "eps_4q_growth_year": 119.02,
            "roe": 0.8,
            "roe_4q": 8.629999999999999,
            "gross_profit": 23783,
            "gross_margin": 14.59,
            "gross_margin_4q_avg": 16.24,
            "net_income": 8733,
            "revenue": 163021,
            "common_shares": 672593,
            "book_valuer_per_share": 16.37,
            "book_valuer_per_share_4q_avg": 15.96,
            "equity": 1100977,
            "current_ratio": 115.48,
            "debt_ratio": 42.17,
            "inventory_turnover_ratio": 0.54,
            "account_receivable_turnover_ratio": null,
            "reinvestment_rate": null,
            "research_to_sale_ratio": null,
            "price_fair": 52.2,
            "eps_avg_yearly": 1.49,
            "eps_latest_yearly": 0.52,
            "eps_growth_yearly": 398.83
        },
        "20042": {
            "year_quarter": 20042,
            "year": 2004,
            "quarter": 2,
            "eps": 0.36,
            "eps_growth_year": -54.43,
            "eps_4q": 1.07,
            "eps_4q_growth_year": -10.89,
            "roe": 2.28,
            "roe_4q": 6.86,
            "gross_profit": 32707,
            "gross_margin": 18.28,
            "gross_margin_4q_avg": 16.59,
            "net_income": 24985,
            "revenue": 178965,
            "common_shares": 672593,
            "book_valuer_per_share": 16.23,
            "book_valuer_per_share_4q_avg": 16.12,
            "equity": 1091756,
            "current_ratio": 172.12,
            "debt_ratio": 50.64,
            "inventory_turnover_ratio": 0.79,
            "account_receivable_turnover_ratio": null,
            "reinvestment_rate": null,
            "research_to_sale_ratio": null,
            "price_fair": 51.98,
            "eps_avg_yearly": 1.49,
            "eps_latest_yearly": 1.44,
            "eps_growth_yearly": 437.44
        },
        "20043": {
            "year_quarter": 20043,
            "year": 2004,
            "quarter": 3,
            "eps": 0.52,
            "eps_growth_year": 333.33,
            "eps_4q": 1.49,
            "eps_4q_growth_year": 67.97,
            "roe": 3.27,
            "roe_4q": 9.55,
            "gross_profit": 22875,
            "gross_margin": 14.02,
            "gross_margin_4q_avg": 15.69,
            "net_income": 36333,
            "revenue": 163113,
            "common_shares": 697201,
            "book_valuer_per_share": 16.18,
            "book_valuer_per_share_4q_avg": 16.25,
            "equity": 1128410,
            "current_ratio": 95.93,
            "debt_ratio": 49.85,
            "inventory_turnover_ratio": 0.7,
            "account_receivable_turnover_ratio": null,
            "reinvestment_rate": null,
            "research_to_sale_ratio": null,
            "price_fair": 54.29,
            "eps_avg_yearly": 1.55,
            "eps_latest_yearly": 2.08,
            "eps_growth_yearly": 408.59
        },
        "20044": {
            "year_quarter": 20044,
            "year": 2004,
            "quarter": 4,
            "eps": -0.49,
            "eps_growth_year": -179.03,
            "eps_4q": 0.44,
            "eps_4q_growth_year": -70.35,
            "roe": -3.06,
            "roe_4q": 3.29,
            "gross_profit": 23818,
            "gross_margin": 14.47,
            "gross_margin_4q_avg": 15.34,
            "net_income": -34036,
            "revenue": 164602,
            "common_shares": 697201,
            "book_valuer_per_share": 15.52,
            "book_valuer_per_share_4q_avg": 16.08,
            "equity": 1099397,
            "current_ratio": 126.76,
            "debt_ratio": 63.42,
            "inventory_turnover_ratio": 0.43,
            "account_receivable_turnover_ratio": null,
            "reinvestment_rate": 444,
            "research_to_sale_ratio": null,
            "price_fair": 54.29,
            "eps_avg_yearly": 1.55,
            "eps_latest_yearly": 2.08,
            "eps_growth_yearly": 408.59
        },
        "20051": {
            "year_quarter": 20051,
            "year": 2005,
            "quarter": 1,
            "eps": -0.03,
            "eps_growth_year": -123.08,
            "eps_4q": 0.31,
            "eps_4q_growth_year": -74.69,
            "roe": -0.22,
            "roe_4q": 2.2699999999999996,
            "gross_profit": 23014,
            "gross_margin": 14.39,
            "gross_margin_4q_avg": 15.29,
            "net_income": -2402,
            "revenue": 159881,
            "common_shares": 707361,
            "book_valuer_per_share": 15.53,
            "book_valuer_per_share_4q_avg": 15.87,
            "equity": 1098332,
            "current_ratio": 107.5,
            "debt_ratio": 49.17,
            "inventory_turnover_ratio": 0.44,
            "account_receivable_turnover_ratio": null,
            "reinvestment_rate": 72.51,
            "research_to_sale_ratio": null,
            "price_fair": 54.29,
            "eps_avg_yearly": 1.55,
            "eps_latest_yearly": 2.08,
            "eps_growth_yearly": 408.59
        },
        "20052": {
            "year_quarter": 20052,
            "year": 2005,
            "quarter": 2,
            "eps": -2.6,
            "eps_growth_year": -822.22,
            "eps_4q": -2.58,
            "eps_4q_growth_year": -342.63,
            "roe": -18.33,
            "roe_4q": -18.339999999999996,
            "gross_profit": 38567,
            "gross_margin": 21.4,
            "gross_margin_4q_avg": 16.07,
            "net_income": -182722,
            "revenue": 180195,
            "common_shares": 707361,
            "book_valuer_per_share": 12.66,
            "book_valuer_per_share_4q_avg": 14.97,
            "equity": 895397,
            "current_ratio": 69.48,
            "debt_ratio": 55.44,
            "inventory_turnover_ratio": 0.98,
            "account_receivable_turnover_ratio": null,
            "reinvestment_rate": null,
            "research_to_sale_ratio": null,
            "price_fair": 54.29,
            "eps_avg_yearly": 1.55,
            "eps_latest_yearly": 2.08,
            "eps_growth_yearly": 408.59
        },
        "20053": {
            "year_quarter": 20053,
            "year": 2005,
            "quarter": 3,
            "eps": -0.92,
            "eps_growth_year": -276.92,
            "eps_4q": -4.01,
            "eps_4q_growth_year": -369.21,
            "roe": -7.49,
            "roe_4q": -29.099999999999998,
            "gross_profit": 23297,
            "gross_margin": 20.15,
            "gross_margin_4q_avg": 17.6,
            "net_income": -64823,
            "revenue": 115599,
            "common_shares": 707361,
            "book_valuer_per_share": 11.81,
            "book_valuer_per_share_4q_avg": 13.88,
            "equity": 835187,
            "current_ratio": 110.68,
            "debt_ratio": 49.41,
            "inventory_turnover_ratio": 0.75,
            "account_receivable_turnover_ratio": null,
            "reinvestment_rate": null,
            "research_to_sale_ratio": null,
            "price_fair": 54.29,
            "eps_avg_yearly": 1.55,
            "eps_latest_yearly": 2.08,
            "eps_growth_yearly": 408.59
        },
        "20054": {
            "year_quarter": 20054,
            "year": 2005,
            "quarter": 4,
            "eps": -6.07,
            "eps_growth_year": null,
            "eps_4q": -7.62,
            "eps_4q_growth_year": -1829.37,
            "roe": -71.05,
            "roe_4q": -97.08999999999999,
            "gross_profit": 23431,
            "gross_margin": 18.21,
            "gross_margin_4q_avg": 18.54,
            "net_income": -441963,
            "revenue": 128703,
            "common_shares": 742729,
            "book_valuer_per_share": 5.23,
            "book_valuer_per_share_4q_avg": 11.31,
            "equity": 408863,
            "current_ratio": 89.33,
            "debt_ratio": 63.8,
            "inventory_turnover_ratio": 0.66,
            "account_receivable_turnover_ratio": null,
            "reinvestment_rate": null,
            "research_to_sale_ratio": null,
            "price_fair": 54.29,
            "eps_avg_yearly": 1.55,
            "eps_latest_yearly": 2.08,
            "eps_growth_yearly": 408.59
        },
        "20061": {
            "year_quarter": 20061,
            "year": 2006,
            "quarter": 1,
            "eps": -0.14,
            "eps_growth_year": null,
            "eps_4q": -9.27,
            "eps_4q_growth_year": -3082.07,
            "roe": -2.69,
            "roe_4q": -99.55999999999999,
            "gross_profit": 15726,
            "gross_margin": 12.68,
            "gross_margin_4q_avg": 18.11,
            "net_income": -10577,
            "revenue": 124035,
            "common_shares": 730729,
            "book_valuer_per_share": 5.17,
            "book_valuer_per_share_4q_avg": 8.72,
            "equity": 377591,
            "current_ratio": 91.17,
            "debt_ratio": 58.97,
            "inventory_turnover_ratio": 0.67,
            "account_receivable_turnover_ratio": null,
            "reinvestment_rate": null,
            "research_to_sale_ratio": null,
            "price_fair": 51.8,
            "eps_avg_yearly": 1.48,
            "eps_latest_yearly": 2.08,
            "eps_growth_yearly": 411.51
        },
        "20062": {
            "year_quarter": 20062,
            "year": 2006,
            "quarter": 2,
            "eps": -2.64,
            "eps_growth_year": null,
            "eps_4q": -9.72,
            "eps_4q_growth_year": null,
            "roe": -68.73,
            "roe_4q": -149.96,
            "gross_profit": 24935,
            "gross_margin": 16.68,
            "gross_margin_4q_avg": 16.93,
            "net_income": -193195,
            "revenue": 149459,
            "common_shares": 730729,
            "book_valuer_per_share": 2.53,
            "book_valuer_per_share_4q_avg": 6.19,
            "equity": 184621,
            "current_ratio": 61.27,
            "debt_ratio": 70.72,
            "inventory_turnover_ratio": 1.07,
            "account_receivable_turnover_ratio": null,
            "reinvestment_rate": null,
            "research_to_sale_ratio": null,
            "price_fair": 56.8,
            "eps_avg_yearly": 1.62,
            "eps_latest_yearly": 2.08,
            "eps_growth_yearly": 514.5
        },
        "20063": {
            "year_quarter": 20063,
            "year": 2006,
            "quarter": 3,
            "eps": 0.88,
            "eps_growth_year": null,
            "eps_4q": -7.38,
            "eps_4q_growth_year": null,
            "roe": 20.39,
            "roe_4q": -122.08,
            "gross_profit": 32289,
            "gross_margin": 22.38,
            "gross_margin_4q_avg": 17.49,
            "net_income": 68803,
            "revenue": 144295,
            "common_shares": 2137179,
            "book_valuer_per_share": 2.29,
            "book_valuer_per_share_4q_avg": 3.81,
            "equity": 490275,
            "current_ratio": 191.13,
            "debt_ratio": 34.92,
            "inventory_turnover_ratio": 1.25,
            "account_receivable_turnover_ratio": null,
            "reinvestment_rate": null,
            "research_to_sale_ratio": null,
            "price_fair": 59.27,
            "eps_avg_yearly": 1.69,
            "eps_latest_yearly": 2.08,
            "eps_growth_yearly": 500.25
        },
        "20064": {
            "year_quarter": 20064,
            "year": 2006,
            "quarter": 4,
            "eps": -0.54,
            "eps_growth_year": null,
            "eps_4q": -1.74,
            "eps_4q_growth_year": null,
            "roe": -13.07,
            "roe_4q": -64.10000000000001,
            "gross_profit": 25214,
            "gross_margin": 17.84,
            "gross_margin_4q_avg": 17.4,
            "net_income": -60150,
            "revenue": 141363,
            "common_shares": 2137179,
            "book_valuer_per_share": 2.01,
            "book_valuer_per_share_4q_avg": 3,
            "equity": 430125,
            "current_ratio": 212.25,
            "debt_ratio": 36.46,
            "inventory_turnover_ratio": 1.61,
            "account_receivable_turnover_ratio": null,
            "reinvestment_rate": null,
            "research_to_sale_ratio": null,
            "price_fair": 59.27,
            "eps_avg_yearly": 1.69,
            "eps_latest_yearly": 2.08,
            "eps_growth_yearly": 500.25
        },
        "20071": {
            "year_quarter": 20071,
            "year": 2007,
            "quarter": 1,
            "eps": 0.03,
            "eps_growth_year": null,
            "eps_4q": -0.75,
            "eps_4q_growth_year": null,
            "roe": 1.63,
            "roe_4q": -59.78,
            "gross_profit": 25892,
            "gross_margin": 20.6,
            "gross_margin_4q_avg": 19.38,
            "net_income": 7072,
            "revenue": 125703,
            "common_shares": 2137179,
            "book_valuer_per_share": 2.05,
            "book_valuer_per_share_4q_avg": 2.22,
            "equity": 437197,
            "current_ratio": 213.42,
            "debt_ratio": 35.82,
            "inventory_turnover_ratio": 1.66,
            "account_receivable_turnover_ratio": null,
            "reinvestment_rate": null,
            "research_to_sale_ratio": null,
            "price_fair": 59.27,
            "eps_avg_yearly": 1.69,
            "eps_latest_yearly": 2.08,
            "eps_growth_yearly": 500.25
        },
        "20072": {
            "year_quarter": 20072,
            "year": 2007,
            "quarter": 2,
            "eps": 0.05,
            "eps_growth_year": null,
            "eps_4q": 0.13,
            "eps_4q_growth_year": null,
            "roe": 2.3,
            "roe_4q": 11.25,
            "gross_profit": 24220,
            "gross_margin": 18.17,
            "gross_margin_4q_avg": 19.75,
            "net_income": 10182,
            "revenue": 133304,
            "common_shares": 2137179,
            "book_valuer_per_share": 2.09,
            "book_valuer_per_share_4q_avg": 2.11,
            "equity": 447387,
            "current_ratio": 240.68,
            "debt_ratio": 28.24,
            "inventory_turnover_ratio": 2.15,
            "account_receivable_turnover_ratio": null,
            "reinvestment_rate": null,
            "research_to_sale_ratio": null,
            "price_fair": 42,
            "eps_avg_yearly": 1.2,
            "eps_latest_yearly": 0.2,
            "eps_growth_yearly": 360.57
        },
        "20073": {
            "year_quarter": 20073,
            "year": 2007,
            "quarter": 3,
            "eps": 0.07,
            "eps_growth_year": -92.05,
            "eps_4q": -0.14,
            "eps_4q_growth_year": null,
            "roe": 3.22,
            "roe_4q": -5.920000000000001,
            "gross_profit": 34562,
            "gross_margin": 25.4,
            "gross_margin_4q_avg": 20.5,
            "net_income": 14625,
            "revenue": 136075,
            "common_shares": 2137179,
            "book_valuer_per_share": 2.16,
            "book_valuer_per_share_4q_avg": 2.08,
            "equity": 461944,
            "current_ratio": 215.02,
            "debt_ratio": 23.99,
            "inventory_turnover_ratio": 2.31,
            "account_receivable_turnover_ratio": null,
            "reinvestment_rate": null,
            "research_to_sale_ratio": null,
            "price_fair": 40.83,
            "eps_avg_yearly": 1.17,
            "eps_latest_yearly": 0.28,
            "eps_growth_yearly": 443.78
        },
        "20074": {
            "year_quarter": 20074,
            "year": 2007,
            "quarter": 4,
            "eps": 0.22,
            "eps_growth_year": null,
            "eps_4q": 0.67,
            "eps_4q_growth_year": null,
            "roe": 3.35,
            "roe_4q": 10.5,
            "gross_profit": 35500,
            "gross_margin": 27.09,
            "gross_margin_4q_avg": 22.82,
            "net_income": 15757,
            "revenue": 131028,
            "common_shares": 716875,
            "book_valuer_per_share": 6.66,
            "book_valuer_per_share_4q_avg": 3.24,
            "equity": 477779,
            "current_ratio": 218.99,
            "debt_ratio": 24.38,
            "inventory_turnover_ratio": 2.09,
            "account_receivable_turnover_ratio": null,
            "reinvestment_rate": null,
            "research_to_sale_ratio": null,
            "price_fair": 31.5,
            "eps_avg_yearly": 0.9,
            "eps_latest_yearly": 0.88,
            "eps_growth_yearly": 308.86
        },
        "20081": {
            "year_quarter": 20081,
            "year": 2008,
            "quarter": 1,
            "eps": 0.17,
            "eps_growth_year": 466.67,
            "eps_4q": 0.74,
            "eps_4q_growth_year": null,
            "roe": 2.51,
            "roe_4q": 11.379999999999999,
            "gross_profit": 32764,
            "gross_margin": 23.42,
            "gross_margin_4q_avg": 23.52,
            "net_income": 12118,
            "revenue": 139877,
            "common_shares": 716875,
            "book_valuer_per_share": 6.79,
            "book_valuer_per_share_4q_avg": 4.43,
            "equity": 486531,
            "current_ratio": 247.63,
            "debt_ratio": 24.64,
            "inventory_turnover_ratio": 1.97,
            "account_receivable_turnover_ratio": null,
            "reinvestment_rate": null,
            "research_to_sale_ratio": null,
            "price_fair": 32.43,
            "eps_avg_yearly": 0.93,
            "eps_latest_yearly": 0.68,
            "eps_growth_yearly": 346.4
        },
        "20082": {
            "year_quarter": 20082,
            "year": 2008,
            "quarter": 2,
            "eps": 0.25,
            "eps_growth_year": 400,
            "eps_4q": 0.85,
            "eps_4q_growth_year": 570.98,
            "roe": 3.54,
            "roe_4q": 12.620000000000001,
            "gross_profit": 35934,
            "gross_margin": 21.5,
            "gross_margin_4q_avg": 24.35,
            "net_income": 17602,
            "revenue": 167103,
            "common_shares": 716875,
            "book_valuer_per_share": 7.08,
            "book_valuer_per_share_4q_avg": 5.67,
            "equity": 507605,
            "current_ratio": 262.26,
            "debt_ratio": 22.11,
            "inventory_turnover_ratio": 2.15,
            "account_receivable_turnover_ratio": null,
            "reinvestment_rate": null,
            "research_to_sale_ratio": null,
            "price_fair": 29.87,
            "eps_avg_yearly": 0.85,
            "eps_latest_yearly": 1,
            "eps_growth_yearly": 259.82
        },
        "20083": {
            "year_quarter": 20083,
            "year": 2008,
            "quarter": 3,
            "eps": 0.18,
            "eps_growth_year": 157.14,
            "eps_4q": 0.8,
            "eps_4q_growth_year": null,
            "roe": 2.56,
            "roe_4q": 11.959999999999999,
            "gross_profit": 36076,
            "gross_margin": 20.89,
            "gross_margin_4q_avg": 23.23,
            "net_income": 13113,
            "revenue": 172659,
            "common_shares": 716875,
            "book_valuer_per_share": 7.2,
            "book_valuer_per_share_4q_avg": 6.93,
            "equity": 516381,
            "current_ratio": 267.03,
            "debt_ratio": 25.25,
            "inventory_turnover_ratio": 2.15,
            "account_receivable_turnover_ratio": null,
            "reinvestment_rate": null,
            "research_to_sale_ratio": null,
            "price_fair": 21.93,
            "eps_avg_yearly": 0.63,
            "eps_latest_yearly": 0.72,
            "eps_growth_yearly": 211.52
        },
        "20084": {
            "year_quarter": 20084,
            "year": 2008,
            "quarter": 4,
            "eps": -0.21,
            "eps_growth_year": -195.45,
            "eps_4q": 0.39,
            "eps_4q_growth_year": -41.36,
            "roe": -2.91,
            "roe_4q": 5.699999999999999,
            "gross_profit": 24084,
            "gross_margin": 23.65,
            "gross_margin_4q_avg": 22.37,
            "net_income": -14866,
            "revenue": 101839,
            "common_shares": 716875,
            "book_valuer_per_share": 7.05,
            "book_valuer_per_share_4q_avg": 7.03,
            "equity": 505444,
            "current_ratio": 295.85,
            "debt_ratio": 22.24,
            "inventory_turnover_ratio": 1.12,
            "account_receivable_turnover_ratio": 1.47,
            "reinvestment_rate": null,
            "research_to_sale_ratio": null,
            "price_fair": 21.93,
            "eps_avg_yearly": 0.63,
            "eps_latest_yearly": 0.72,
            "eps_growth_yearly": 211.52
        },
        "20091": {
            "year_quarter": 20091,
            "year": 2009,
            "quarter": 1,
            "eps": -0.16,
            "eps_growth_year": -194.12,
            "eps_4q": 0.06,
            "eps_4q_growth_year": -91.53,
            "roe": -2.27,
            "roe_4q": 0.9200000000000004,
            "gross_profit": 6836,
            "gross_margin": 7.67,
            "gross_margin_4q_avg": 18.43,
            "net_income": -11362,
            "revenue": 89084,
            "common_shares": 716875,
            "book_valuer_per_share": 6.89,
            "book_valuer_per_share_4q_avg": 7.06,
            "equity": 493802,
            "current_ratio": 431.13,
            "debt_ratio": 15.56,
            "inventory_turnover_ratio": 1.16,
            "account_receivable_turnover_ratio": 0.69,
            "reinvestment_rate": null,
            "research_to_sale_ratio": null,
            "price_fair": 21.93,
            "eps_avg_yearly": 0.63,
            "eps_latest_yearly": 0.72,
            "eps_growth_yearly": 211.52
        },
        "20092": {
            "year_quarter": 20092,
            "year": 2009,
            "quarter": 2,
            "eps": -0.05,
            "eps_growth_year": -120,
            "eps_4q": -0.23,
            "eps_4q_growth_year": -127.03,
            "roe": -0.7,
            "roe_4q": -3.32,
            "gross_profit": 21488,
            "gross_margin": 18.31,
            "gross_margin_4q_avg": 17.63,
            "net_income": -3427,
            "revenue": 117358,
            "common_shares": 716875,
            "book_valuer_per_share": 6.84,
            "book_valuer_per_share_4q_avg": 7,
            "equity": 490672,
            "current_ratio": 372.39,
            "debt_ratio": 18.08,
            "inventory_turnover_ratio": 1.36,
            "account_receivable_turnover_ratio": 0.91,
            "reinvestment_rate": null,
            "research_to_sale_ratio": null,
            "price_fair": 21.93,
            "eps_avg_yearly": 0.63,
            "eps_latest_yearly": 0.72,
            "eps_growth_yearly": 211.52
        },
        "20093": {
            "year_quarter": 20093,
            "year": 2009,
            "quarter": 3,
            "eps": -0.06,
            "eps_growth_year": -133.33,
            "eps_4q": -0.48,
            "eps_4q_growth_year": -159.37,
            "roe": -0.94,
            "roe_4q": -6.82,
            "gross_profit": 15222,
            "gross_margin": 12.28,
            "gross_margin_4q_avg": 15.48,
            "net_income": -4575,
            "revenue": 123921,
            "common_shares": 716875,
            "book_valuer_per_share": 6.78,
            "book_valuer_per_share_4q_avg": 6.89,
            "equity": 486339,
            "current_ratio": 325.15,
            "debt_ratio": 21.04,
            "inventory_turnover_ratio": 1.35,
            "account_receivable_turnover_ratio": 0.87,
            "reinvestment_rate": null,
            "research_to_sale_ratio": null,
            "price_fair": 21.93,
            "eps_avg_yearly": 0.63,
            "eps_latest_yearly": 0.72,
            "eps_growth_yearly": 211.52
        },
        "20094": {
            "year_quarter": 20094,
            "year": 2009,
            "quarter": 4,
            "eps": -0.12,
            "eps_growth_year": null,
            "eps_4q": -0.39,
            "eps_4q_growth_year": -200.95,
            "roe": -1.84,
            "roe_4q": -5.75,
            "gross_profit": 21937,
            "gross_margin": 15.35,
            "gross_margin_4q_avg": 13.4,
            "net_income": -8859,
            "revenue": 142927,
            "common_shares": 716875,
            "book_valuer_per_share": 6.66,
            "book_valuer_per_share_4q_avg": 6.79,
            "equity": 477636,
            "current_ratio": 278.54,
            "debt_ratio": 24.13,
            "inventory_turnover_ratio": 1.33,
            "account_receivable_turnover_ratio": 1.87,
            "reinvestment_rate": null,
            "research_to_sale_ratio": null,
            "price_fair": 21.93,
            "eps_avg_yearly": 0.63,
            "eps_latest_yearly": 0.72,
            "eps_growth_yearly": 211.52
        },
        "20101": {
            "year_quarter": 20101,
            "year": 2010,
            "quarter": 1,
            "eps": 0.12,
            "eps_growth_year": null,
            "eps_4q": -0.12,
            "eps_4q_growth_year": -285.58,
            "roe": 1.77,
            "roe_4q": -1.71,
            "gross_profit": 27330,
            "gross_margin": 19.01,
            "gross_margin_4q_avg": 16.24,
            "net_income": 8534,
            "revenue": 143791,
            "common_shares": 716875,
            "book_valuer_per_share": 6.78,
            "book_valuer_per_share_4q_avg": 6.77,
            "equity": 486262,
            "current_ratio": 389.57,
            "debt_ratio": 17.02,
            "inventory_turnover_ratio": 1.18,
            "account_receivable_turnover_ratio": 0.96,
            "reinvestment_rate": null,
            "research_to_sale_ratio": 2.61,
            "price_fair": 21.93,
            "eps_avg_yearly": 0.63,
            "eps_latest_yearly": 0.72,
            "eps_growth_yearly": 211.52
        },
        "20102": {
            "year_quarter": 20102,
            "year": 2010,
            "quarter": 2,
            "eps": 0.23,
            "eps_growth_year": null,
            "eps_4q": 0.17,
            "eps_4q_growth_year": null,
            "roe": 3.4,
            "roe_4q": 2.39,
            "gross_profit": 41869,
            "gross_margin": 24.21,
            "gross_margin_4q_avg": 17.71,
            "net_income": 16819,
            "revenue": 172955,
            "common_shares": 716875,
            "book_valuer_per_share": 7.01,
            "book_valuer_per_share_4q_avg": 6.81,
            "equity": 502833,
            "current_ratio": 395.64,
            "debt_ratio": 17.01,
            "inventory_turnover_ratio": 1.23,
            "account_receivable_turnover_ratio": 1.06,
            "reinvestment_rate": -99.55,
            "research_to_sale_ratio": 2.26,
            "price_fair": 23.4,
            "eps_avg_yearly": 0.67,
            "eps_latest_yearly": 0.92,
            "eps_growth_yearly": 233.69
        },
        "20103": {
            "year_quarter": 20103,
            "year": 2010,
            "quarter": 3,
            "eps": 0.3,
            "eps_growth_year": null,
            "eps_4q": 0.63,
            "eps_4q_growth_year": null,
            "roe": 2.97,
            "roe_4q": 6.300000000000001,
            "gross_profit": 40424,
            "gross_margin": 22.28,
            "gross_margin_4q_avg": 20.21,
            "net_income": 15161,
            "revenue": 181416,
            "common_shares": 500000,
            "book_valuer_per_share": 10.36,
            "book_valuer_per_share_4q_avg": 7.7,
            "equity": 518189,
            "current_ratio": 329.1,
            "debt_ratio": 19.89,
            "inventory_turnover_ratio": 1.29,
            "account_receivable_turnover_ratio": 0.98,
            "reinvestment_rate": -193.83,
            "research_to_sale_ratio": 2.12,
            "price_fair": 25.73,
            "eps_avg_yearly": 0.74,
            "eps_latest_yearly": 1.2,
            "eps_growth_yearly": 219.69
        },
        "20104": {
            "year_quarter": 20104,
            "year": 2010,
            "quarter": 4,
            "eps": -0.01,
            "eps_growth_year": null,
            "eps_4q": 0.8,
            "eps_4q_growth_year": null,
            "roe": -0.07,
            "roe_4q": 8.07,
            "gross_profit": 17772,
            "gross_margin": 12.58,
            "gross_margin_4q_avg": 19.52,
            "net_income": -356,
            "revenue": 141303,
            "common_shares": 500000,
            "book_valuer_per_share": 10.36,
            "book_valuer_per_share_4q_avg": 8.63,
            "equity": 518122,
            "current_ratio": 245.22,
            "debt_ratio": 27.51,
            "inventory_turnover_ratio": 1.12,
            "account_receivable_turnover_ratio": 0.86,
            "reinvestment_rate": 148.34,
            "research_to_sale_ratio": 2.6,
            "price_fair": 25.73,
            "eps_avg_yearly": 0.74,
            "eps_latest_yearly": 1.2,
            "eps_growth_yearly": 219.69
        },
        "20111": {
            "year_quarter": 20111,
            "year": 2011,
            "quarter": 1,
            "eps": 0.05,
            "eps_growth_year": -58.33,
            "eps_4q": 0.68,
            "eps_4q_growth_year": null,
            "roe": 0.49,
            "roe_4q": 6.79,
            "gross_profit": 20741,
            "gross_margin": 15.54,
            "gross_margin_4q_avg": 18.65,
            "net_income": 2529,
            "revenue": 133452,
            "common_shares": 500000,
            "book_valuer_per_share": 10.41,
            "book_valuer_per_share_4q_avg": 9.54,
            "equity": 520475,
            "current_ratio": 298.84,
            "debt_ratio": 29.58,
            "inventory_turnover_ratio": 0.98,
            "account_receivable_turnover_ratio": 0.99,
            "reinvestment_rate": 153.48,
            "research_to_sale_ratio": 2.88,
            "price_fair": 25.73,
            "eps_avg_yearly": 0.74,
            "eps_latest_yearly": 1.2,
            "eps_growth_yearly": 219.69
        },
        "20112": {
            "year_quarter": 20112,
            "year": 2011,
            "quarter": 2,
            "eps": 0.11,
            "eps_growth_year": -52.68,
            "eps_4q": 0.46,
            "eps_4q_growth_year": 175.29,
            "roe": 1.07,
            "roe_4q": 4.46,
            "gross_profit": 30465,
            "gross_margin": 20.18,
            "gross_margin_4q_avg": 17.65,
            "net_income": 5551,
            "revenue": 150936,
            "common_shares": 500000,
            "book_valuer_per_share": 10.28,
            "book_valuer_per_share_4q_avg": 10.35,
            "equity": 513817,
            "current_ratio": 296.27,
            "debt_ratio": 30.09,
            "inventory_turnover_ratio": 1.04,
            "account_receivable_turnover_ratio": 1.07,
            "reinvestment_rate": 158.22,
            "research_to_sale_ratio": 2.57,
            "price_fair": 26.78,
            "eps_avg_yearly": 0.77,
            "eps_latest_yearly": 0.44,
            "eps_growth_yearly": 246.36
        },
        "20113": {
            "year_quarter": 20113,
            "year": 2011,
            "quarter": 3,
            "eps": 0.05,
            "eps_growth_year": -83.49,
            "eps_4q": 0.2,
            "eps_4q_growth_year": -67.69,
            "roe": 0.49,
            "roe_4q": 1.9799999999999998,
            "gross_profit": 21653,
            "gross_margin": 16.23,
            "gross_margin_4q_avg": 16.13,
            "net_income": 2503,
            "revenue": 133417,
            "common_shares": 500000,
            "book_valuer_per_share": 10.32,
            "book_valuer_per_share_4q_avg": 10.34,
            "equity": 515952,
            "current_ratio": 283.74,
            "debt_ratio": 30.21,
            "inventory_turnover_ratio": 0.92,
            "account_receivable_turnover_ratio": 0.92,
            "reinvestment_rate": 149.15,
            "research_to_sale_ratio": 3.03,
            "price_fair": 26.43,
            "eps_avg_yearly": 0.76,
            "eps_latest_yearly": 0.2,
            "eps_growth_yearly": 199.09
        },
        "20114": {
            "year_quarter": 20114,
            "year": 2011,
            "quarter": 4,
            "eps": -0.06,
            "eps_growth_year": null,
            "eps_4q": 0.15,
            "eps_4q_growth_year": -80.81,
            "roe": -0.56,
            "roe_4q": 1.49,
            "gross_profit": 20141,
            "gross_margin": 15.82,
            "gross_margin_4q_avg": 16.94,
            "net_income": -2878,
            "revenue": 127334,
            "common_shares": 500000,
            "book_valuer_per_share": 10.26,
            "book_valuer_per_share_4q_avg": 10.32,
            "equity": 513147,
            "current_ratio": 367.57,
            "debt_ratio": 25.71,
            "inventory_turnover_ratio": 0.83,
            "account_receivable_turnover_ratio": 0.94,
            "reinvestment_rate": 208.89,
            "research_to_sale_ratio": 2.88,
            "price_fair": 25.8,
            "eps_avg_yearly": 0.74,
            "eps_latest_yearly": 0.2,
            "eps_growth_yearly": 105.08
        },
        "20121": {
            "year_quarter": 20121,
            "year": 2012,
            "quarter": 1,
            "eps": 0.01,
            "eps_growth_year": -80,
            "eps_4q": 0.11,
            "eps_4q_growth_year": -83.41,
            "roe": 0.1,
            "roe_4q": 1.1,
            "gross_profit": 22327,
            "gross_margin": 16.97,
            "gross_margin_4q_avg": 17.3,
            "net_income": 491,
            "revenue": 131546,
            "common_shares": 500000,
            "book_valuer_per_share": 10.27,
            "book_valuer_per_share_4q_avg": 10.28,
            "equity": 513602,
            "current_ratio": 393.07,
            "debt_ratio": 24.7,
            "inventory_turnover_ratio": 0.92,
            "account_receivable_turnover_ratio": 0.96,
            "reinvestment_rate": 225.01,
            "research_to_sale_ratio": 3.3,
            "price_fair": 26.13,
            "eps_avg_yearly": 0.75,
            "eps_latest_yearly": 0.2,
            "eps_growth_yearly": 137.74
        },
        "20122": {
            "year_quarter": 20122,
            "year": 2012,
            "quarter": 2,
            "eps": 0.13,
            "eps_growth_year": 12.97,
            "eps_4q": 0.13,
            "eps_4q_growth_year": -72.09,
            "roe": 1.22,
            "roe_4q": 1.25,
            "gross_profit": 29843,
            "gross_margin": 19.88,
            "gross_margin_4q_avg": 17.23,
            "net_income": 6271,
            "revenue": 150123,
            "common_shares": 500000,
            "book_valuer_per_share": 10.3,
            "book_valuer_per_share_4q_avg": 10.29,
            "equity": 514823,
            "current_ratio": 331.09,
            "debt_ratio": 26.83,
            "inventory_turnover_ratio": 1.11,
            "account_receivable_turnover_ratio": 0.99,
            "reinvestment_rate": 213.74,
            "research_to_sale_ratio": 2.86,
            "price_fair": 23.33,
            "eps_avg_yearly": 0.67,
            "eps_latest_yearly": 0.52,
            "eps_growth_yearly": 906.37
        },
        "20123": {
            "year_quarter": 20123,
            "year": 2012,
            "quarter": 3,
            "eps": 0.13,
            "eps_growth_year": 169.2,
            "eps_4q": 0.21,
            "eps_4q_growth_year": 3.86,
            "roe": 1.3,
            "roe_4q": 2.06,
            "gross_profit": 29837,
            "gross_margin": 20.03,
            "gross_margin_4q_avg": 18.18,
            "net_income": 6738,
            "revenue": 148960,
            "common_shares": 500000,
            "book_valuer_per_share": 10.43,
            "book_valuer_per_share_4q_avg": 10.32,
            "equity": 521637,
            "current_ratio": 329.59,
            "debt_ratio": 26.81,
            "inventory_turnover_ratio": 1.03,
            "account_receivable_turnover_ratio": 0.95,
            "reinvestment_rate": 227.72,
            "research_to_sale_ratio": 2.96,
            "price_fair": 22.17,
            "eps_avg_yearly": 0.63,
            "eps_latest_yearly": 0.52,
            "eps_growth_yearly": 925.04
        },
        "20124": {
            "year_quarter": 20124,
            "year": 2012,
            "quarter": 4,
            "eps": 0.07,
            "eps_growth_year": null,
            "eps_4q": 0.34,
            "eps_4q_growth_year": 119.49,
            "roe": 0.65,
            "roe_4q": 3.27,
            "gross_profit": 23007,
            "gross_margin": 18.63,
            "gross_margin_4q_avg": 18.88,
            "net_income": 3412,
            "revenue": 123462,
            "common_shares": 500000,
            "book_valuer_per_share": 10.5,
            "book_valuer_per_share_4q_avg": 10.38,
            "equity": 525099,
            "current_ratio": 453.1,
            "debt_ratio": 21.05,
            "inventory_turnover_ratio": 0.85,
            "account_receivable_turnover_ratio": 0.84,
            "reinvestment_rate": 117.03,
            "research_to_sale_ratio": 3.06,
            "price_fair": 20.4,
            "eps_avg_yearly": 0.58,
            "eps_latest_yearly": 0.28,
            "eps_growth_yearly": 766.52
        },
        "20131": {
            "year_quarter": 20131,
            "year": 2013,
            "quarter": 1,
            "eps": 0.59,
            "eps_growth_year": 5800,
            "eps_4q": 0.92,
            "eps_4q_growth_year": 708.29,
            "roe": 5.46,
            "roe_4q": 8.63,
            "gross_profit": 29989,
            "gross_margin": 22.08,
            "gross_margin_4q_avg": 20.16,
            "net_income": 29385,
            "revenue": 135804,
            "common_shares": 500000,
            "book_valuer_per_share": 11.02,
            "book_valuer_per_share_4q_avg": 10.56,
            "equity": 551211,
            "current_ratio": 341.79,
            "debt_ratio": 23.65,
            "inventory_turnover_ratio": 0.98,
            "account_receivable_turnover_ratio": 0.99,
            "reinvestment_rate": 37.29,
            "research_to_sale_ratio": 2.94,
            "price_fair": 28.18,
            "eps_avg_yearly": 0.81,
            "eps_latest_yearly": 2.36,
            "eps_growth_yearly": 1042.13
        },
        "20132": {
            "year_quarter": 20132,
            "year": 2013,
            "quarter": 2,
            "eps": 0.41,
            "eps_growth_year": 226.9,
            "eps_4q": 1.2,
            "eps_4q_growth_year": 841.79,
            "roe": 3.72,
            "roe_4q": 11.13,
            "gross_profit": 47541,
            "gross_margin": 29.72,
            "gross_margin_4q_avg": 22.62,
            "net_income": 20617,
            "revenue": 159941,
            "common_shares": 500000,
            "book_valuer_per_share": 11.14,
            "book_valuer_per_share_4q_avg": 10.77,
            "equity": 556852,
            "current_ratio": 317.56,
            "debt_ratio": 24.12,
            "inventory_turnover_ratio": 1.1,
            "account_receivable_turnover_ratio": 1.08,
            "reinvestment_rate": 71.12,
            "research_to_sale_ratio": 2.65,
            "price_fair": 31.42,
            "eps_avg_yearly": 0.9,
            "eps_latest_yearly": 1.64,
            "eps_growth_yearly": 912.78
        },
        "20133": {
            "year_quarter": 20133,
            "year": 2013,
            "quarter": 3,
            "eps": 0.46,
            "eps_growth_year": 241.35,
            "eps_4q": 1.53,
            "eps_4q_growth_year": 618.37,
            "roe": 4.03,
            "roe_4q": 13.860000000000001,
            "gross_profit": 51014,
            "gross_margin": 30.69,
            "gross_margin_4q_avg": 25.28,
            "net_income": 22891,
            "revenue": 166206,
            "common_shares": 500000,
            "book_valuer_per_share": 11.59,
            "book_valuer_per_share_4q_avg": 11.06,
            "equity": 579728,
            "current_ratio": 337.76,
            "debt_ratio": 21.69,
            "inventory_turnover_ratio": 1.03,
            "account_receivable_turnover_ratio": 1.03,
            "reinvestment_rate": 67.76,
            "research_to_sale_ratio": 2.28,
            "price_fair": 34.72,
            "eps_avg_yearly": 0.99,
            "eps_latest_yearly": 1.84,
            "eps_growth_yearly": 826.38
        },
        "20134": {
            "year_quarter": 20134,
            "year": 2013,
            "quarter": 4,
            "eps": 0.42,
            "eps_growth_year": 514.04,
            "eps_4q": 1.88,
            "eps_4q_growth_year": 454.9,
            "roe": 3.54,
            "roe_4q": 16.75,
            "gross_profit": 50066,
            "gross_margin": 29.91,
            "gross_margin_4q_avg": 28.1,
            "net_income": 20951,
            "revenue": 167374,
            "common_shares": 500000,
            "book_valuer_per_share": 12.05,
            "book_valuer_per_share_4q_avg": 11.45,
            "equity": 602597,
            "current_ratio": 370.68,
            "debt_ratio": 19.74,
            "inventory_turnover_ratio": 0.93,
            "account_receivable_turnover_ratio": 1.01,
            "reinvestment_rate": 52.81,
            "research_to_sale_ratio": 2.34,
            "price_fair": 36.91,
            "eps_avg_yearly": 1.05,
            "eps_latest_yearly": 1.68,
            "eps_growth_yearly": 748.09
        },
        "20141": {
            "year_quarter": 20141,
            "year": 2014,
            "quarter": 1,
            "eps": 0.24,
            "eps_growth_year": -59.32,
            "eps_4q": 1.53,
            "eps_4q_growth_year": 67.1,
            "roe": 1.99,
            "roe_4q": 13.280000000000001,
            "gross_profit": 38676,
            "gross_margin": 27.17,
            "gross_margin_4q_avg": 29.37,
            "net_income": 12081,
            "revenue": 142355,
            "common_shares": 500000,
            "book_valuer_per_share": 12.29,
            "book_valuer_per_share_4q_avg": 11.77,
            "equity": 614498,
            "current_ratio": 512.25,
            "debt_ratio": 14.93,
            "inventory_turnover_ratio": 0.89,
            "account_receivable_turnover_ratio": 0.91,
            "reinvestment_rate": 42.21,
            "research_to_sale_ratio": 2.49,
            "price_fair": 36.63,
            "eps_avg_yearly": 1.05,
            "eps_latest_yearly": 0.96,
            "eps_growth_yearly": 671.46
        },
        "20142": {
            "year_quarter": 20142,
            "year": 2014,
            "quarter": 2,
            "eps": 0.32,
            "eps_growth_year": -21.95,
            "eps_4q": 1.44,
            "eps_4q_growth_year": 19.34,
            "roe": 2.68,
            "roe_4q": 12.240000000000002,
            "gross_profit": 46821,
            "gross_margin": 29.57,
            "gross_margin_4q_avg": 29.34,
            "net_income": 15861,
            "revenue": 158350,
            "common_shares": 500000,
            "book_valuer_per_share": 11.41,
            "book_valuer_per_share_4q_avg": 11.84,
            "equity": 570365,
            "current_ratio": 290.31,
            "debt_ratio": 23.95,
            "inventory_turnover_ratio": 1.12,
            "account_receivable_turnover_ratio": 1.05,
            "reinvestment_rate": 36.48,
            "research_to_sale_ratio": 2.19,
            "price_fair": 37.68,
            "eps_avg_yearly": 1.08,
            "eps_latest_yearly": 1.28,
            "eps_growth_yearly": 652.02
        },
        "20143": {
            "year_quarter": 20143,
            "year": 2014,
            "quarter": 3,
            "eps": 0.27,
            "eps_growth_year": -41.3,
            "eps_4q": 1.24,
            "eps_4q_growth_year": -18.53,
            "roe": 2.3,
            "roe_4q": 10.510000000000002,
            "gross_profit": 40628,
            "gross_margin": 28.18,
            "gross_margin_4q_avg": 28.71,
            "net_income": 13272,
            "revenue": 144192,
            "common_shares": 500000,
            "book_valuer_per_share": 11.67,
            "book_valuer_per_share_4q_avg": 11.86,
            "equity": 583700,
            "current_ratio": 408.6,
            "debt_ratio": 16.97,
            "inventory_turnover_ratio": 1.13,
            "account_receivable_turnover_ratio": 0.92,
            "reinvestment_rate": 18.66,
            "research_to_sale_ratio": 2.54,
            "price_fair": 37.33,
            "eps_avg_yearly": 1.07,
            "eps_latest_yearly": 1.08,
            "eps_growth_yearly": 636.67
        },
        "20144": {
            "year_quarter": 20144,
            "year": 2014,
            "quarter": 4,
            "eps": 0.21,
            "eps_growth_year": -50.27,
            "eps_4q": 1.03,
            "eps_4q_growth_year": -44.98,
            "roe": 1.77,
            "roe_4q": 8.74,
            "gross_profit": 37922,
            "gross_margin": 28.12,
            "gross_margin_4q_avg": 28.26,
            "net_income": 10419,
            "revenue": 134862,
            "common_shares": 500000,
            "book_valuer_per_share": 11.89,
            "book_valuer_per_share_4q_avg": 11.82,
            "equity": 594704,
            "current_ratio": 410.95,
            "debt_ratio": 16.51,
            "inventory_turnover_ratio": 1.12,
            "account_receivable_turnover_ratio": 0.93,
            "reinvestment_rate": -65.74,
            "research_to_sale_ratio": 2.59,
            "price_fair": 36.72,
            "eps_avg_yearly": 1.05,
            "eps_latest_yearly": 0.84,
            "eps_growth_yearly": 580.85
        },
        "20151": {
            "year_quarter": 20151,
            "year": 2015,
            "quarter": 1,
            "eps": 0.22,
            "eps_growth_year": -8.33,
            "eps_4q": 1.01,
            "eps_4q_growth_year": -34.25,
            "roe": 1.79,
            "roe_4q": 8.54,
            "gross_profit": 41213,
            "gross_margin": 31.24,
            "gross_margin_4q_avg": 29.28,
            "net_income": 10775,
            "revenue": 131915,
            "common_shares": 500000,
            "book_valuer_per_share": 12.12,
            "book_valuer_per_share_4q_avg": 11.77,
            "equity": 606129,
            "current_ratio": 494.25,
            "debt_ratio": 13.89,
            "inventory_turnover_ratio": 1.12,
            "account_receivable_turnover_ratio": 0.96,
            "reinvestment_rate": -65.81,
            "research_to_sale_ratio": 2.67,
            "price_fair": 36.3,
            "eps_avg_yearly": 1.04,
            "eps_latest_yearly": 0.88,
            "eps_growth_yearly": 540.73
        },
        "20152": {
            "year_quarter": 20152,
            "year": 2015,
            "quarter": 2,
            "eps": 0.35,
            "eps_growth_year": 9.38,
            "eps_4q": 1.04,
            "eps_4q_growth_year": -27.89,
            "roe": 2.96,
            "roe_4q": 8.82,
            "gross_profit": 49486,
            "gross_margin": 35.18,
            "gross_margin_4q_avg": 30.68,
            "net_income": 17299,
            "revenue": 140669,
            "common_shares": 500000,
            "book_valuer_per_share": 11.27,
            "book_valuer_per_share_4q_avg": 11.74,
            "equity": 563387,
            "current_ratio": 309.82,
            "debt_ratio": 22.06,
            "inventory_turnover_ratio": 1.13,
            "account_receivable_turnover_ratio": 1.03,
            "reinvestment_rate": -60.53,
            "research_to_sale_ratio": 2.73,
            "price_fair": 38.7,
            "eps_avg_yearly": 1.11,
            "eps_latest_yearly": 1.4,
            "eps_growth_yearly": 523.32
        },
        "20153": {
            "year_quarter": 20153,
            "year": 2015,
            "quarter": 3,
            "eps": 0.32,
            "eps_growth_year": 18.52,
            "eps_4q": 1.09,
            "eps_4q_growth_year": -12.68,
            "roe": 2.77,
            "roe_4q": 9.290000000000001,
            "gross_profit": 42329,
            "gross_margin": 30.41,
            "gross_margin_4q_avg": 31.24,
            "net_income": 15790,
            "revenue": 139174,
            "common_shares": 500000,
            "book_valuer_per_share": 11.57,
            "book_valuer_per_share_4q_avg": 11.71,
            "equity": 578618,
            "current_ratio": 572.13,
            "debt_ratio": 12.23,
            "inventory_turnover_ratio": 1.24,
            "account_receivable_turnover_ratio": 0.99,
            "reinvestment_rate": -54.42,
            "research_to_sale_ratio": 2.75,
            "price_fair": 41.4,
            "eps_avg_yearly": 1.18,
            "eps_latest_yearly": 1.28,
            "eps_growth_yearly": 536.46
        },
        "20154": {
            "year_quarter": 20154,
            "year": 2015,
            "quarter": 4,
            "eps": 0.15,
            "eps_growth_year": -25.99,
            "eps_4q": 1.03,
            "eps_4q_growth_year": -0.11,
            "roe": 1.32,
            "roe_4q": 8.84,
            "gross_profit": 37631,
            "gross_margin": 29.56,
            "gross_margin_4q_avg": 31.6,
            "net_income": 7711,
            "revenue": 127311,
            "common_shares": 500000,
            "book_valuer_per_share": 11.74,
            "book_valuer_per_share_4q_avg": 11.68,
            "equity": 586916,
            "current_ratio": 580.65,
            "debt_ratio": 12.34,
            "inventory_turnover_ratio": 1.31,
            "account_receivable_turnover_ratio": 0.94,
            "reinvestment_rate": -51.7,
            "research_to_sale_ratio": 2.8,
            "price_fair": 40.04,
            "eps_avg_yearly": 1.14,
            "eps_latest_yearly": 0.6,
            "eps_growth_yearly": 486.53
        },
        "20161": {
            "year_quarter": 20161,
            "year": 2016,
            "quarter": 1,
            "eps": 0.16,
            "eps_growth_year": -27.27,
            "eps_4q": 0.97,
            "eps_4q_growth_year": -3.41,
            "roe": 1.32,
            "roe_4q": 8.370000000000001,
            "gross_profit": 38851,
            "gross_margin": 29.87,
            "gross_margin_4q_avg": 31.26,
            "net_income": 7809,
            "revenue": 130082,
            "common_shares": 500000,
            "book_valuer_per_share": 11.9,
            "book_valuer_per_share_4q_avg": 11.62,
            "equity": 595110,
            "current_ratio": 552.04,
            "debt_ratio": 11.95,
            "inventory_turnover_ratio": 1.34,
            "account_receivable_turnover_ratio": 1.03,
            "reinvestment_rate": -51.55,
            "research_to_sale_ratio": 2.8,
            "price_fair": 38.94,
            "eps_avg_yearly": 1.11,
            "eps_latest_yearly": 0.64,
            "eps_growth_yearly": 457.79
        },
        "20162": {
            "year_quarter": 20162,
            "year": 2016,
            "quarter": 2,
            "eps": 0.35,
            "eps_growth_year": 0,
            "eps_4q": 0.98,
            "eps_4q_growth_year": -5.27,
            "roe": 3.06,
            "roe_4q": 8.47,
            "gross_profit": 53015,
            "gross_margin": 35.43,
            "gross_margin_4q_avg": 31.32,
            "net_income": 17726,
            "revenue": 149649,
            "common_shares": 500000,
            "book_valuer_per_share": 11.25,
            "book_valuer_per_share_4q_avg": 11.62,
            "equity": 562684,
            "current_ratio": 335.06,
            "debt_ratio": 20.18,
            "inventory_turnover_ratio": 1.25,
            "account_receivable_turnover_ratio": 1.11,
            "reinvestment_rate": -39.45,
            "research_to_sale_ratio": 2.86,
            "price_fair": 40.86,
            "eps_avg_yearly": 1.17,
            "eps_latest_yearly": 1.4,
            "eps_growth_yearly": 187.47
        },
        "20163": {
            "year_quarter": 20163,
            "year": 2016,
            "quarter": 3,
            "eps": 0.22,
            "eps_growth_year": -31.25,
            "eps_4q": 0.89,
            "eps_4q_growth_year": -18.26,
            "roe": 1.96,
            "roe_4q": 7.66,
            "gross_profit": 44197,
            "gross_margin": 30.97,
            "gross_margin_4q_avg": 31.46,
            "net_income": 11125,
            "revenue": 142727,
            "common_shares": 500000,
            "book_valuer_per_share": 11.47,
            "book_valuer_per_share_4q_avg": 11.59,
            "equity": 573564,
            "current_ratio": 267.83,
            "debt_ratio": 23.83,
            "inventory_turnover_ratio": 1.19,
            "account_receivable_turnover_ratio": 0.98,
            "reinvestment_rate": -9,
            "research_to_sale_ratio": 2.94,
            "price_fair": 41.65,
            "eps_avg_yearly": 1.19,
            "eps_latest_yearly": 0.88,
            "eps_growth_yearly": 178.19
        },
        "20164": {
            "year_quarter": 20164,
            "year": 2016,
            "quarter": 4,
            "eps": 0.35,
            "eps_growth_year": 128,
            "eps_4q": 1.08,
            "eps_4q_growth_year": 5.17,
            "roe": 3.02,
            "roe_4q": 9.360000000000001,
            "gross_profit": 42082,
            "gross_margin": 30.39,
            "gross_margin_4q_avg": 31.67,
            "net_income": 17581,
            "revenue": 138454,
            "common_shares": 500000,
            "book_valuer_per_share": 11.81,
            "book_valuer_per_share_4q_avg": 11.61,
            "equity": 590308,
            "current_ratio": 313.67,
            "debt_ratio": 20.3,
            "inventory_turnover_ratio": 1.21,
            "account_receivable_turnover_ratio": 0.97,
            "reinvestment_rate": -8.55,
            "research_to_sale_ratio": 3.34,
            "price_fair": 44.1,
            "eps_avg_yearly": 1.26,
            "eps_latest_yearly": 1.4,
            "eps_growth_yearly": 204.5
        },
        "20171": {
            "year_quarter": 20171,
            "year": 2017,
            "quarter": 1,
            "eps": 0,
            "eps_growth_year": -100,
            "eps_4q": 0.93,
            "eps_4q_growth_year": -4.08,
            "roe": 0.03,
            "roe_4q": 8.07,
            "gross_profit": 43660,
            "gross_margin": 30.85,
            "gross_margin_4q_avg": 31.91,
            "net_income": 196,
            "revenue": 141519,
            "common_shares": 500000,
            "book_valuer_per_share": 11.8,
            "book_valuer_per_share_4q_avg": 11.58,
            "equity": 590195,
            "current_ratio": 293.34,
            "debt_ratio": 22.58,
            "inventory_turnover_ratio": 1.19,
            "account_receivable_turnover_ratio": 0.98,
            "reinvestment_rate": -5.02,
            "research_to_sale_ratio": 3.57,
            "price_fair": 35.64,
            "eps_avg_yearly": 1.19,
            "eps_latest_yearly": 1.4,
            "eps_growth_yearly": 20.04
        },
        "20172": {
            "year_quarter": 20172,
            "year": 2017,
            "quarter": 2,
            "eps": 0.2,
            "eps_growth_year": -42.86,
            "eps_4q": 0.78,
            "eps_4q_growth_year": -20.87,
            "roe": 1.74,
            "roe_4q": 6.75,
            "gross_profit": 40769,
            "gross_margin": 28.8,
            "gross_margin_4q_avg": 30.25,
            "net_income": 9900,
            "revenue": 141566,
            "common_shares": 500000,
            "book_valuer_per_share": 11.01,
            "book_valuer_per_share_4q_avg": 11.52,
            "equity": 550441,
            "current_ratio": 254.57,
            "debt_ratio": 26.34,
            "inventory_turnover_ratio": 1.09,
            "account_receivable_turnover_ratio": 0.94,
            "reinvestment_rate": -26.72,
            "research_to_sale_ratio": 3.81,
            "price_fair": 40.4,
            "eps_avg_yearly": 1.15,
            "eps_latest_yearly": 1.4,
            "eps_growth_yearly": 30.19
        },
        "20173": {
            "year_quarter": 20173,
            "year": 2017,
            "quarter": 3,
            "eps": 0.21,
            "eps_growth_year": -4.55,
            "eps_4q": 0.76,
            "eps_4q_growth_year": -13.88,
            "roe": 1.9,
            "roe_4q": 6.6899999999999995,
            "gross_profit": 43558,
            "gross_margin": 31.04,
            "gross_margin_4q_avg": 30.27,
            "net_income": 10536,
            "revenue": 140333,
            "common_shares": 500000,
            "book_valuer_per_share": 11.22,
            "book_valuer_per_share_4q_avg": 11.46,
            "equity": 560903,
            "current_ratio": 286.34,
            "debt_ratio": 23.44,
            "inventory_turnover_ratio": 0.99,
            "account_receivable_turnover_ratio": 0.93,
            "reinvestment_rate": -33.89,
            "research_to_sale_ratio": 3.96,
            "price_fair": 37.9,
            "eps_avg_yearly": 1.08,
            "eps_latest_yearly": 0.84,
            "eps_growth_yearly": 28.13
        },
        "20174": {
            "year_quarter": 20174,
            "year": 2017,
            "quarter": 4,
            "eps": 0.09,
            "eps_growth_year": -74.65,
            "eps_4q": 0.5,
            "eps_4q_growth_year": -53.75,
            "roe": 0.79,
            "roe_4q": 4.46,
            "gross_profit": 41931,
            "gross_margin": 31.23,
            "gross_margin_4q_avg": 30.48,
            "net_income": 4457,
            "revenue": 134279,
            "common_shares": 500000,
            "book_valuer_per_share": 11.3,
            "book_valuer_per_share_4q_avg": 11.33,
            "equity": 564966,
            "current_ratio": 257.21,
            "debt_ratio": 26.98,
            "inventory_turnover_ratio": 0.85,
            "account_receivable_turnover_ratio": 0.93,
            "reinvestment_rate": -37.28,
            "research_to_sale_ratio": 4.39,
            "price_fair": 24.01,
            "eps_avg_yearly": 0.99,
            "eps_latest_yearly": 0.36,
            "eps_growth_yearly": 14.29
        },
        "20181": {
            "year_quarter": 20181,
            "year": 2018,
            "quarter": 1,
            "eps": 0.12,
            "eps_growth_year": null,
            "eps_4q": 0.62,
            "eps_4q_growth_year": -34.03,
            "roe": 1.03,
            "roe_4q": 5.46,
            "gross_profit": 43172,
            "gross_margin": 32.66,
            "gross_margin_4q_avg": 30.93,
            "net_income": 5866,
            "revenue": 132205,
            "common_shares": 500000,
            "book_valuer_per_share": 11.41,
            "book_valuer_per_share_4q_avg": 11.24,
            "equity": 570558,
            "current_ratio": 243.99,
            "debt_ratio": 29.83,
            "inventory_turnover_ratio": 0.7,
            "account_receivable_turnover_ratio": 0.92,
            "reinvestment_rate": -43.98,
            "research_to_sale_ratio": 4.15,
            "price_fair": 33.4,
            "eps_avg_yearly": 0.95,
            "eps_latest_yearly": 0.48,
            "eps_growth_yearly": 36.06
        },
        "20182": {
            "year_quarter": 20182,
            "year": 2018,
            "quarter": 2,
            "eps": 0.56,
            "eps_growth_year": 180,
            "eps_4q": 0.98,
            "eps_4q_growth_year": 25.85,
            "roe": 4.89,
            "roe_4q": 8.61,
            "gross_profit": 50345,
            "gross_margin": 32.51,
            "gross_margin_4q_avg": 31.86,
            "net_income": 27972,
            "revenue": 154877,
            "common_shares": 500000,
            "book_valuer_per_share": 11.48,
            "book_valuer_per_share_4q_avg": 11.35,
            "equity": 574078,
            "current_ratio": 316.24,
            "debt_ratio": 23.15,
            "inventory_turnover_ratio": 0.77,
            "account_receivable_turnover_ratio": 1,
            "reinvestment_rate": -40.11,
            "research_to_sale_ratio": 3.52,
            "price_fair": 35.8,
            "eps_avg_yearly": 1.02,
            "eps_latest_yearly": 2.24,
            "eps_growth_yearly": 131.29
        },
        "20183": {
            "year_quarter": 20183,
            "year": 2018,
            "quarter": 3,
            "eps": 0.3,
            "eps_growth_year": 42.86,
            "eps_4q": 1.07,
            "eps_4q_growth_year": 39.94,
            "roe": 2.61,
            "roe_4q": 9.32,
            "gross_profit": 48258,
            "gross_margin": 32.31,
            "gross_margin_4q_avg": 32.18,
            "net_income": 15182,
            "revenue": 149368,
            "common_shares": 500000,
            "book_valuer_per_share": 11.79,
            "book_valuer_per_share_4q_avg": 11.5,
            "equity": 589588,
            "current_ratio": 555.93,
            "debt_ratio": 13.1,
            "inventory_turnover_ratio": 0.75,
            "account_receivable_turnover_ratio": 0.92,
            "reinvestment_rate": -38.55,
            "research_to_sale_ratio": 3.38,
            "price_fair": 36.1,
            "eps_avg_yearly": 1.03,
            "eps_latest_yearly": 1.2,
            "eps_growth_yearly": 122.49
        },
        "20184": {
            "year_quarter": 20184,
            "year": 2018,
            "quarter": 4,
            "eps": 0.08,
            "eps_growth_year": -7.47,
            "eps_4q": 1.06,
            "eps_4q_growth_year": 111.82,
            "roe": 0.7,
            "roe_4q": 9.229999999999999,
            "gross_profit": 30252,
            "gross_margin": 25.88,
            "gross_margin_4q_avg": 30.84,
            "net_income": 4124,
            "revenue": 116874,
            "common_shares": 500000,
            "book_valuer_per_share": 11.88,
            "book_valuer_per_share_4q_avg": 11.64,
            "equity": 593935,
            "current_ratio": 706.39,
            "debt_ratio": 10.14,
            "inventory_turnover_ratio": 0.65,
            "account_receivable_turnover_ratio": 0.83,
            "reinvestment_rate": -47.97,
            "research_to_sale_ratio": 4.11,
            "price_fair": 34.8,
            "eps_avg_yearly": 0.99,
            "eps_latest_yearly": 0.32,
            "eps_growth_yearly": 107.89
        },
        "20191": {
            "year_quarter": 20191,
            "year": 2019,
            "quarter": 1,
            "eps": 0,
            "eps_growth_year": -100,
            "eps_4q": 0.95,
            "eps_4q_growth_year": 54.29,
            "roe": 0.03,
            "roe_4q": 8.23,
            "gross_profit": 28196,
            "gross_margin": 24.74,
            "gross_margin_4q_avg": 28.86,
            "net_income": 179,
            "revenue": 113983,
            "common_shares": 500000,
            "book_valuer_per_share": 11.88,
            "book_valuer_per_share_4q_avg": 11.76,
            "equity": 593844,
            "current_ratio": 682.46,
            "debt_ratio": 10.51,
            "inventory_turnover_ratio": 0.72,
            "account_receivable_turnover_ratio": 0.96,
            "reinvestment_rate": -16.33,
            "research_to_sale_ratio": 4.53,
            "price_fair": 35.11,
            "eps_avg_yearly": 1,
            "eps_latest_yearly": 0.32,
            "eps_growth_yearly": 114.72
        },
        "20192": {
            "year_quarter": 20192,
            "year": 2019,
            "quarter": 2,
            "eps": 0.01,
            "eps_growth_year": -98.21,
            "eps_4q": 0.4,
            "eps_4q_growth_year": -58.6,
            "roe": 0.13,
            "roe_4q": 3.4699999999999998,
            "gross_profit": 27443,
            "gross_margin": 24.51,
            "gross_margin_4q_avg": 26.86,
            "net_income": 732,
            "revenue": 111955,
            "common_shares": 500000,
            "book_valuer_per_share": 10.9,
            "book_valuer_per_share_4q_avg": 11.61,
            "equity": 544957,
            "current_ratio": 364.9,
            "debt_ratio": 18.97,
            "inventory_turnover_ratio": 0.8,
            "account_receivable_turnover_ratio": 0.96,
            "reinvestment_rate": -15.61,
            "research_to_sale_ratio": 4.75,
            "price_fair": 33.95,
            "eps_avg_yearly": 0.97,
            "eps_latest_yearly": 0.32,
            "eps_growth_yearly": 104.59
        },
        "20193": {
            "year_quarter": 20193,
            "year": 2019,
            "quarter": 3,
            "eps": -0.01,
            "eps_growth_year": -103.33,
            "eps_4q": 0.09,
            "eps_4q_growth_year": -91.57,
            "roe": -0.1,
            "roe_4q": 0.76,
            "gross_profit": 27582,
            "gross_margin": 25.58,
            "gross_margin_4q_avg": 25.18,
            "net_income": -528,
            "revenue": 107809,
            "common_shares": 500000,
            "book_valuer_per_share": 10.92,
            "book_valuer_per_share_4q_avg": 11.4,
            "equity": 546147,
            "current_ratio": 539.42,
            "debt_ratio": 13.07,
            "inventory_turnover_ratio": 0.78,
            "account_receivable_turnover_ratio": 0.92,
            "reinvestment_rate": -18.86,
            "research_to_sale_ratio": 5.88,
            "price_fair": 32.96,
            "eps_avg_yearly": 0.94,
            "eps_latest_yearly": 0.32,
            "eps_growth_yearly": 117.21
        },
        "20194": {
            "year_quarter": 20194,
            "year": 2019,
            "quarter": 4,
            "eps": 0.01,
            "eps_growth_year": -88.51,
            "eps_4q": 0.02,
            "eps_4q_growth_year": -98.39,
            "roe": 0.09,
            "roe_4q": 0.15,
            "gross_profit": 31549,
            "gross_margin": 27.37,
            "gross_margin_4q_avg": 25.55,
            "net_income": 474,
            "revenue": 115288,
            "common_shares": 500000,
            "book_valuer_per_share": 10.94,
            "book_valuer_per_share_4q_avg": 11.16,
            "equity": 547026,
            "current_ratio": 571.68,
            "debt_ratio": 12.3,
            "inventory_turnover_ratio": 0.82,
            "account_receivable_turnover_ratio": 0.99,
            "reinvestment_rate": -16.74,
            "research_to_sale_ratio": 4.81,
            "price_fair": 34.16,
            "eps_avg_yearly": 0.98,
            "eps_latest_yearly": 0.32,
            "eps_growth_yearly": 150.18
        },
        "20201": {
            "year_quarter": 20201,
            "year": 2020,
            "quarter": 1,
            "eps": 0,
            "eps_growth_year": null,
            "eps_4q": 0.02,
            "eps_4q_growth_year": -98.19,
            "roe": 0.03,
            "roe_4q": 0.15,
            "gross_profit": 26854,
            "gross_margin": 26.61,
            "gross_margin_4q_avg": 26.02,
            "net_income": 181,
            "revenue": 100908,
            "common_shares": 500000,
            "book_valuer_per_share": 10.96,
            "book_valuer_per_share_4q_avg": 10.93,
            "equity": 547759,
            "current_ratio": 564.84,
            "debt_ratio": 12.7,
            "inventory_turnover_ratio": 0.73,
            "account_receivable_turnover_ratio": 0.85,
            "reinvestment_rate": -9.79,
            "research_to_sale_ratio": 5.9,
            "price_fair": 35.47,
            "eps_avg_yearly": 1.01,
            "eps_latest_yearly": 0.32,
            "eps_growth_yearly": 163.91
        },
        "20202": {
            "year_quarter": 20202,
            "year": 2020,
            "quarter": 2,
            "eps": 0.04,
            "eps_growth_year": 300,
            "eps_4q": 0.05,
            "eps_4q_growth_year": -88.67,
            "roe": 0.39,
            "roe_4q": 0.41000000000000003,
            "gross_profit": 30842,
            "gross_margin": 28.29,
            "gross_margin_4q_avg": 26.96,
            "net_income": 2163,
            "revenue": 109021,
            "common_shares": 500000,
            "book_valuer_per_share": 11,
            "book_valuer_per_share_4q_avg": 10.96,
            "equity": 549885,
            "current_ratio": 519.84,
            "debt_ratio": 13.64,
            "inventory_turnover_ratio": 0.71,
            "account_receivable_turnover_ratio": 0.92,
            "reinvestment_rate": -14.98,
            "research_to_sale_ratio": 5.85,
            "price_fair": 33.78,
            "eps_avg_yearly": 0.97,
            "eps_latest_yearly": 0.32,
            "eps_growth_yearly": 125.02
        },
        "20203": {
            "year_quarter": 20203,
            "year": 2020,
            "quarter": 3,
            "eps": -0.04,
            "eps_growth_year": null,
            "eps_4q": 0.01,
            "eps_4q_growth_year": -83.67,
            "roe": -0.38,
            "roe_4q": 0.13,
            "gross_profit": 24680,
            "gross_margin": 25.71,
            "gross_margin_4q_avg": 27,
            "net_income": -2082,
            "revenue": 95986,
            "common_shares": 500000,
            "book_valuer_per_share": 10.96,
            "book_valuer_per_share_4q_avg": 10.97,
            "equity": 547773,
            "current_ratio": 526.97,
            "debt_ratio": 12.96,
            "inventory_turnover_ratio": 0.58,
            "account_receivable_turnover_ratio": 0.87,
            "reinvestment_rate": -58.57,
            "research_to_sale_ratio": 6.55,
            "price_fair": 34.2,
            "eps_avg_yearly": 0.98,
            "eps_latest_yearly": 0.32,
            "eps_growth_yearly": 164.11
        },
        "20204": {
            "year_quarter": 20204,
            "year": 2020,
            "quarter": 4,
            "eps": 0.02,
            "eps_growth_year": 114.56,
            "eps_4q": 0.03,
            "eps_4q_growth_year": 49.24,
            "roe": 0.17,
            "roe_4q": 0.21000000000000002,
            "gross_profit": 32459,
            "gross_margin": 27.61,
            "gross_margin_4q_avg": 27.06,
            "net_income": 1017,
            "revenue": 117545,
            "common_shares": 500000,
            "book_valuer_per_share": 12.58,
            "book_valuer_per_share_4q_avg": 11.38,
            "equity": 629085,
            "current_ratio": 568.96,
            "debt_ratio": 13.29,
            "inventory_turnover_ratio": 0.67,
            "account_receivable_turnover_ratio": 1.1,
            "reinvestment_rate": -109.41,
            "research_to_sale_ratio": 5.6,
            "price_fair": 31.73,
            "eps_avg_yearly": 0.91,
            "eps_latest_yearly": 0.32,
            "eps_growth_yearly": 152.06
        },
        "20211": {
            "year_quarter": 20211,
            "year": 2021,
            "quarter": 1,
            "eps": 0.12,
            "eps_growth_year": null,
            "eps_4q": 0.14,
            "eps_4q_growth_year": 701.05,
            "roe": 0.93,
            "roe_4q": 1.11,
            "gross_profit": 34347,
            "gross_margin": 29.34,
            "gross_margin_4q_avg": 27.74,
            "net_income": 5783,
            "revenue": 117065,
            "common_shares": 500000,
            "book_valuer_per_share": 12.17,
            "book_valuer_per_share_4q_avg": 11.68,
            "equity": 608705,
            "current_ratio": 430.87,
            "debt_ratio": 16.17,
            "inventory_turnover_ratio": 0.63,
            "account_receivable_turnover_ratio": 0.99,
            "reinvestment_rate": -98.59,
            "research_to_sale_ratio": 5.87,
            "price_fair": 29.6,
            "eps_avg_yearly": 0.85,
            "eps_latest_yearly": 0.48,
            "eps_growth_yearly": 416.05
        },
        "20212": {
            "year_quarter": 20212,
            "year": 2021,
            "quarter": 2,
            "eps": 0.27,
            "eps_growth_year": 575,
            "eps_4q": 0.36,
            "eps_4q_growth_year": 696.2,
            "roe": 2.22,
            "roe_4q": 2.9400000000000004,
            "gross_profit": 46444,
            "gross_margin": 33.47,
            "gross_margin_4q_avg": 29.03,
            "net_income": 13515,
            "revenue": 138783,
            "common_shares": 500000,
            "book_valuer_per_share": 12.15,
            "book_valuer_per_share_4q_avg": 11.97,
            "equity": 607723,
            "current_ratio": 393.42,
            "debt_ratio": 18.2,
            "inventory_turnover_ratio": 0.6,
            "account_receivable_turnover_ratio": 1.08,
            "reinvestment_rate": -91.01,
            "research_to_sale_ratio": 4.69,
            "price_fair": 30.63,
            "eps_avg_yearly": 0.88,
            "eps_latest_yearly": 1.08,
            "eps_growth_yearly": 426.55
        },
        "20213": {
            "year_quarter": 20213,
            "year": 2021,
            "quarter": 3,
            "eps": 0.69,
            "eps_growth_year": null,
            "eps_4q": 1.09,
            "eps_4q_growth_year": 7323.91,
            "roe": 5.47,
            "roe_4q": 8.79,
            "gross_profit": 66694,
            "gross_margin": 37.84,
            "gross_margin_4q_avg": 32.07,
            "net_income": 34325,
            "revenue": 176266,
            "common_shares": 500000,
            "book_valuer_per_share": 12.95,
            "book_valuer_per_share_4q_avg": 12.46,
            "equity": 647734,
            "current_ratio": 366.22,
            "debt_ratio": 19.43,
            "inventory_turnover_ratio": 0.62,
            "account_receivable_turnover_ratio": 1.17,
            "reinvestment_rate": -55.26,
            "research_to_sale_ratio": 4.45,
            "price_fair": 39.03,
            "eps_avg_yearly": 1.12,
            "eps_latest_yearly": 2.76,
            "eps_growth_yearly": 501.83
        },
        "20214": {
            "year_quarter": 20214,
            "year": 2021,
            "quarter": 4,
            "eps": 0.72,
            "eps_growth_year": 3425.27,
            "eps_4q": 1.79,
            "eps_4q_growth_year": 6895.7,
            "roe": 5.44,
            "roe_4q": 14.06,
            "gross_profit": 70368,
            "gross_margin": 41.71,
            "gross_margin_4q_avg": 35.59,
            "net_income": 35852,
            "revenue": 168705,
            "common_shares": 500000,
            "book_valuer_per_share": 13.39,
            "book_valuer_per_share_4q_avg": 12.67,
            "equity": 669281,
            "current_ratio": 352.3,
            "debt_ratio": 20.92,
            "inventory_turnover_ratio": 0.46,
            "account_receivable_turnover_ratio": 1,
            "reinvestment_rate": -34.2,
            "research_to_sale_ratio": 5.26,
            "price_fair": 50.05,
            "eps_avg_yearly": 1.43,
            "eps_latest_yearly": 2.88,
            "eps_growth_yearly": 532.57
        },
        "20221": {
            "year_quarter": 20221,
            "year": 2022,
            "quarter": 1,
            "eps": 0.75,
            "eps_growth_year": 525,
            "eps_4q": 2.42,
            "eps_4q_growth_year": 1661.75,
            "roe": 5.48,
            "roe_4q": 18.61,
            "gross_profit": 76414,
            "gross_margin": 41.1,
            "gross_margin_4q_avg": 38.53,
            "net_income": 37534,
            "revenue": 185910,
            "common_shares": 500000,
            "book_valuer_per_share": 14.04,
            "book_valuer_per_share_4q_avg": 13.13,
            "equity": 701786,
            "current_ratio": 407.17,
            "debt_ratio": 20.05,
            "inventory_turnover_ratio": 0.45,
            "account_receivable_turnover_ratio": 1.06,
            "reinvestment_rate": -0.83,
            "research_to_sale_ratio": 4.04,
            "price_fair": 61.08,
            "eps_avg_yearly": 1.75,
            "eps_latest_yearly": 3,
            "eps_growth_yearly": 517.99
        },
        "20222": {
            "year_quarter": 20222,
            "year": 2022,
            "quarter": 2,
            "eps": 0.99,
            "eps_growth_year": 266.67,
            "eps_4q": 3.14,
            "eps_4q_growth_year": 762.35,
            "roe": 7.28,
            "roe_4q": 23.67,
            "gross_profit": 79894,
            "gross_margin": 43.87,
            "gross_margin_4q_avg": 41.13,
            "net_income": 49522,
            "revenue": 182120,
            "common_shares": 500000,
            "book_valuer_per_share": 13.17,
            "book_valuer_per_share_4q_avg": 13.39,
            "equity": 658587,
            "current_ratio": 326.7,
            "debt_ratio": 24.35,
            "inventory_turnover_ratio": 0.41,
            "account_receivable_turnover_ratio": 0.98,
            "reinvestment_rate": 6.88,
            "research_to_sale_ratio": 4.79,
            "price_fair": 68.6,
            "eps_avg_yearly": 1.96,
            "eps_latest_yearly": 3.96,
            "eps_growth_yearly": 350.65
        },
        "20223": {
            "year_quarter": 20223,
            "year": 2022,
            "quarter": 3,
            "eps": 0.89,
            "eps_growth_year": 28.99,
            "eps_4q": 3.34,
            "eps_4q_growth_year": 205.97,
            "roe": 6.49,
            "roe_4q": 24.69,
            "gross_profit": 82056,
            "gross_margin": 43.67,
            "gross_margin_4q_avg": 42.59,
            "net_income": 44275,
            "revenue": 187916,
            "common_shares": 500000,
            "book_valuer_per_share": 14.13,
            "book_valuer_per_share_4q_avg": 13.68,
            "equity": 706328,
            "current_ratio": 372.1,
            "debt_ratio": 21.8,
            "inventory_turnover_ratio": 0.4,
            "account_receivable_turnover_ratio": 1.01,
            "reinvestment_rate": 11.25,
            "research_to_sale_ratio": 4.99,
            "price_fair": 78.93,
            "eps_avg_yearly": 2.26,
            "eps_latest_yearly": 3.56,
            "eps_growth_yearly": 368.82
        },
        "20224": {
            "year_quarter": 20224,
            "year": 2022,
            "quarter": 4,
            "eps": 0.43,
            "eps_growth_year": -39.48,
            "eps_4q": 3.06,
            "eps_4q_growth_year": 71.03,
            "roe": 3,
            "roe_4q": 22.25,
            "gross_profit": 69330,
            "gross_margin": 42.37,
            "gross_margin_4q_avg": 42.75,
            "net_income": 21696,
            "revenue": 163616,
            "common_shares": 500000,
            "book_valuer_per_share": 14.76,
            "book_valuer_per_share_4q_avg": 14.03,
            "equity": 738021,
            "current_ratio": 420.39,
            "debt_ratio": 19,
            "inventory_turnover_ratio": 0.35,
            "account_receivable_turnover_ratio": 0.97,
            "reinvestment_rate": 20.26,
            "research_to_sale_ratio": 6.59,
            "price_fair": 85.05,
            "eps_avg_yearly": 2.43,
            "eps_latest_yearly": 1.72,
            "eps_growth_yearly": 379.64
        },
        "20231": {
            "year_quarter": 20231,
            "year": 2023,
            "quarter": 1,
            "eps": 0.13,
            "eps_growth_year": -82.67,
            "eps_4q": 2.44,
            "eps_4q_growth_year": 0.6,
            "roe": 0.87,
            "roe_4q": 17.64,
            "gross_profit": 44005,
            "gross_margin": 34.46,
            "gross_margin_4q_avg": 41.09,
            "net_income": 6461,
            "revenue": 127684,
            "common_shares": 500000,
            "book_valuer_per_share": 14.85,
            "book_valuer_per_share_4q_avg": 14.23,
            "equity": 742297,
            "current_ratio": 540.55,
            "debt_ratio": 15.36,
            "inventory_turnover_ratio": 0.31,
            "account_receivable_turnover_ratio": 0.88,
            "reinvestment_rate": 0.21,
            "research_to_sale_ratio": 6.27,
            "price_fair": 77.62,
            "eps_avg_yearly": 2.22,
            "eps_latest_yearly": 0.52,
            "eps_growth_yearly": 306.45
        },
        "20232": {
            "year_quarter": 20232,
            "year": 2023,
            "quarter": 2,
            "eps": 0.09,
            "eps_growth_year": -90.91,
            "eps_4q": 1.54,
            "eps_4q_growth_year": -51.06,
            "roe": 0.67,
            "roe_4q": 11.030000000000001,
            "gross_profit": 32426,
            "gross_margin": 30.68,
            "gross_margin_4q_avg": 37.8,
            "net_income": 4525,
            "revenue": 105682,
            "common_shares": 500000,
            "book_valuer_per_share": 12.27,
            "book_valuer_per_share_4q_avg": 14,
            "equity": 613557,
            "current_ratio": 340.09,
            "debt_ratio": 22.28,
            "inventory_turnover_ratio": 0.28,
            "account_receivable_turnover_ratio": 0.86,
            "reinvestment_rate": 4.37,
            "research_to_sale_ratio": 8.34,
            "price_fair": 71.12,
            "eps_avg_yearly": 2.03,
            "eps_latest_yearly": 0.36,
            "eps_growth_yearly": 263.5
        }
    },
    "months": {
        "2002-05": {
            "month": "2002-05",
            "price": "28.23",
            "revenue": 54563
        },
        "2002-06": {
            "month": "2002-06",
            "price": "26.58",
            "revenue": 44151
        },
        "2002-07": {
            "month": "2002-07",
            "price": "23.97",
            "revenue": 44004
        },
        "2002-08": {
            "month": "2002-08",
            "price": "20.34",
            "revenue": 35013
        },
        "2002-09": {
            "month": "2002-09",
            "price": "19.25",
            "revenue": 40953
        },
        "2002-10": {
            "month": "2002-10",
            "price": "17.16",
            "revenue": 46141
        },
        "2002-11": {
            "month": "2002-11",
            "price": "17.27",
            "revenue": 46228
        },
        "2002-12": {
            "month": "2002-12",
            "price": "17.39",
            "revenue": 51384
        },
        "2003-01": {
            "month": "2003-01",
            "price": "17.23",
            "revenue": 35757
        },
        "2003-02": {
            "month": "2003-02",
            "price": "16.30",
            "revenue": 44662
        },
        "2003-03": {
            "month": "2003-03",
            "price": "15.25",
            "revenue": 52728
        },
        "2003-04": {
            "month": "2003-04",
            "price": "14.60",
            "revenue": 56044
        },
        "2003-05": {
            "month": "2003-05",
            "price": "14.57",
            "revenue": 56626
        },
        "2003-06": {
            "month": "2003-06",
            "price": "17.41",
            "revenue": 48307
        },
        "2003-07": {
            "month": "2003-07",
            "price": "18.27",
            "revenue": 47331
        },
        "2003-08": {
            "month": "2003-08",
            "price": "19.30",
            "revenue": 49002
        },
        "2003-09": {
            "month": "2003-09",
            "price": "16.39",
            "revenue": 51343
        },
        "2003-10": {
            "month": "2003-10",
            "price": "16.11",
            "revenue": 56498
        },
        "2003-11": {
            "month": "2003-11",
            "price": "18.64",
            "revenue": 53619
        },
        "2003-12": {
            "month": "2003-12",
            "price": "19.46",
            "revenue": 58064
        },
        "2004-01": {
            "month": "2004-01",
            "price": "19.21",
            "revenue": 44698
        },
        "2004-02": {
            "month": "2004-02",
            "price": "19.76",
            "revenue": 52468
        },
        "2004-03": {
            "month": "2004-03",
            "price": "19.13",
            "revenue": 65865
        },
        "2004-04": {
            "month": "2004-04",
            "price": "18.96",
            "revenue": 67473
        },
        "2004-05": {
            "month": "2004-05",
            "price": "16.01",
            "revenue": 61301
        },
        "2004-06": {
            "month": "2004-06",
            "price": "14.90",
            "revenue": 50378
        },
        "2004-07": {
            "month": "2004-07",
            "price": "12.82",
            "revenue": 55322
        },
        "2004-08": {
            "month": "2004-08",
            "price": "11.93",
            "revenue": 60382
        },
        "2004-09": {
            "month": "2004-09",
            "price": "11.60",
            "revenue": 47213
        },
        "2004-10": {
            "month": "2004-10",
            "price": "11.01",
            "revenue": 53476
        },
        "2004-11": {
            "month": "2004-11",
            "price": "10.78",
            "revenue": 60663
        },
        "2004-12": {
            "month": "2004-12",
            "price": "10.67",
            "revenue": 95201
        },
        "2005-01": {
            "month": "2005-01",
            "price": "9.85",
            "revenue": 94668
        },
        "2005-02": {
            "month": "2005-02",
            "price": "10.27",
            "revenue": 57460
        },
        "2005-03": {
            "month": "2005-03",
            "price": "11.76",
            "revenue": 111226
        },
        "2005-04": {
            "month": "2005-04",
            "price": "12.45",
            "revenue": 71869
        },
        "2005-05": {
            "month": "2005-05",
            "price": "10.07",
            "revenue": 67600
        },
        "2005-06": {
            "month": "2005-06",
            "price": "10.73",
            "revenue": 64693
        },
        "2005-07": {
            "month": "2005-07",
            "price": "11.91",
            "revenue": 39112
        },
        "2005-08": {
            "month": "2005-08",
            "price": "8.99",
            "revenue": 42344
        },
        "2005-09": {
            "month": "2005-09",
            "price": "7.52",
            "revenue": 42822
        },
        "2005-10": {
            "month": "2005-10",
            "price": "6.08",
            "revenue": 44706
        },
        "2005-11": {
            "month": "2005-11",
            "price": "5.90",
            "revenue": 47447
        },
        "2005-12": {
            "month": "2005-12",
            "price": "6.11",
            "revenue": 44849
        },
        "2006-01": {
            "month": "2006-01",
            "price": "6.97",
            "revenue": 37641
        },
        "2006-02": {
            "month": "2006-02",
            "price": "5.95",
            "revenue": 35649
        },
        "2006-03": {
            "month": "2006-03",
            "price": "4.88",
            "revenue": 50746
        },
        "2006-04": {
            "month": "2006-04",
            "price": "4.47",
            "revenue": 52569
        },
        "2006-05": {
            "month": "2006-05",
            "price": "3.40",
            "revenue": 51079
        },
        "2006-06": {
            "month": "2006-06",
            "price": "3.09",
            "revenue": 50523
        },
        "2006-07": {
            "month": "2006-07",
            "price": "2.68",
            "revenue": 51703
        },
        "2006-08": {
            "month": "2006-08",
            "price": "2.36",
            "revenue": 47077
        },
        "2006-10": {
            "month": "2006-10",
            "price": "3.11",
            "revenue": 47633
        },
        "2006-11": {
            "month": "2006-11",
            "price": "4.36",
            "revenue": 48020
        },
        "2006-12": {
            "month": "2006-12",
            "price": "4.22",
            "revenue": 45711
        },
        "2007-01": {
            "month": "2007-01",
            "price": "5.23",
            "revenue": 45533
        },
        "2007-02": {
            "month": "2007-02",
            "price": "4.94",
            "revenue": 33175
        },
        "2007-03": {
            "month": "2007-03",
            "price": "4.30",
            "revenue": 46995
        },
        "2007-04": {
            "month": "2007-04",
            "price": "4.23",
            "revenue": 46591
        },
        "2007-05": {
            "month": "2007-05",
            "price": "4.00",
            "revenue": 46774
        },
        "2007-06": {
            "month": "2007-06",
            "price": "3.96",
            "revenue": 39939
        },
        "2007-07": {
            "month": "2007-07",
            "price": "4.14",
            "revenue": 40359
        },
        "2007-08": {
            "month": "2007-08",
            "price": "3.90",
            "revenue": 45391
        },
        "2007-09": {
            "month": "2007-09",
            "price": "3.60",
            "revenue": 50323
        },
        "2007-10": {
            "month": "2007-10",
            "price": "3.60",
            "revenue": 45234
        },
        "2007-11": {
            "month": "2007-11",
            "price": "3.52",
            "revenue": 43476
        },
        "2007-12": {
            "month": "2007-12",
            "price": "3.88",
            "revenue": 42319
        },
        "2008-01": {
            "month": "2008-01",
            "price": "6.64",
            "revenue": 46394
        },
        "2008-02": {
            "month": "2008-02",
            "price": "5.56",
            "revenue": 36078
        },
        "2008-03": {
            "month": "2008-03",
            "price": "6.50",
            "revenue": 53151
        },
        "2008-04": {
            "month": "2008-04",
            "price": "7.00",
            "revenue": 56675
        },
        "2008-05": {
            "month": "2008-05",
            "price": "10.28",
            "revenue": 57095
        },
        "2008-06": {
            "month": "2008-06",
            "price": "10.00",
            "revenue": 51578
        },
        "2008-07": {
            "month": "2008-07",
            "price": "8.52",
            "revenue": 58725
        },
        "2008-08": {
            "month": "2008-08",
            "price": "9.30",
            "revenue": 58136
        },
        "2008-09": {
            "month": "2008-09",
            "price": "8.44",
            "revenue": 51085
        },
        "2008-10": {
            "month": "2008-10",
            "price": "7.42",
            "revenue": 47399
        },
        "2008-11": {
            "month": "2008-11",
            "price": "5.50",
            "revenue": 30494
        },
        "2008-12": {
            "month": "2008-12",
            "price": "4.16",
            "revenue": 20618
        },
        "2009-01": {
            "month": "2009-01",
            "price": "3.85",
            "revenue": 20569
        },
        "2009-02": {
            "month": "2009-02",
            "price": "3.96",
            "revenue": 24741
        },
        "2009-03": {
            "month": "2009-03",
            "price": "4.90",
            "revenue": 41317
        },
        "2009-04": {
            "month": "2009-04",
            "price": "5.61",
            "revenue": 38061
        },
        "2009-05": {
            "month": "2009-05",
            "price": "5.29",
            "revenue": 39372
        },
        "2009-06": {
            "month": "2009-06",
            "price": "4.76",
            "revenue": 36191
        },
        "2009-07": {
            "month": "2009-07",
            "price": "4.56",
            "revenue": 38831
        },
        "2009-08": {
            "month": "2009-08",
            "price": "4.98",
            "revenue": 41309
        },
        "2009-09": {
            "month": "2009-09",
            "price": "6.60",
            "revenue": 40249
        },
        "2009-10": {
            "month": "2009-10",
            "price": "7.77",
            "revenue": 43960
        },
        "2009-11": {
            "month": "2009-11",
            "price": "8.30",
            "revenue": 47757
        },
        "2009-12": {
            "month": "2009-12",
            "price": "9.46",
            "revenue": 46836
        },
        "2010-01": {
            "month": "2010-01",
            "price": "10.59",
            "revenue": 48449
        },
        "2010-02": {
            "month": "2010-02",
            "price": "10.39",
            "revenue": 37150
        },
        "2010-03": {
            "month": "2010-03",
            "price": "10.97",
            "revenue": 55897
        },
        "2010-04": {
            "month": "2010-04",
            "price": "13.60",
            "revenue": 57679
        },
        "2010-05": {
            "month": "2010-05",
            "price": "14.27",
            "revenue": 54994
        },
        "2010-06": {
            "month": "2010-06",
            "price": "14.00",
            "revenue": 56167
        },
        "2010-07": {
            "month": "2010-07",
            "price": "13.16",
            "revenue": 65646
        },
        "2010-08": {
            "month": "2010-08",
            "price": "13.60",
            "revenue": 59173
        },
        "2010-09": {
            "month": "2010-09",
            "price": "13.38",
            "revenue": 52405
        },
        "2010-10": {
            "month": "2010-10",
            "price": "13.69",
            "revenue": 41660
        },
        "2010-11": {
            "month": "2010-11",
            "price": "16.40",
            "revenue": 40705
        },
        "2010-12": {
            "month": "2010-12",
            "price": "16.23",
            "revenue": 38100
        },
        "2011-01": {
            "month": "2011-01",
            "price": "16.16",
            "revenue": 42475
        },
        "2011-02": {
            "month": "2011-02",
            "price": "15.68",
            "revenue": 31200
        },
        "2011-03": {
            "month": "2011-03",
            "price": "14.84",
            "revenue": 58052
        },
        "2011-04": {
            "month": "2011-04",
            "price": "13.82",
            "revenue": 48927
        },
        "2011-05": {
            "month": "2011-05",
            "price": "13.89",
            "revenue": 54382
        },
        "2011-06": {
            "month": "2011-06",
            "price": "12.66",
            "revenue": 46643
        },
        "2011-07": {
            "month": "2011-07",
            "price": "12.13",
            "revenue": 45520
        },
        "2011-08": {
            "month": "2011-08",
            "price": "11.40",
            "revenue": 40967
        },
        "2011-09": {
            "month": "2011-09",
            "price": "9.83",
            "revenue": 44266
        },
        "2011-10": {
            "month": "2011-10",
            "price": "9.24",
            "revenue": 40856
        },
        "2011-11": {
            "month": "2011-11",
            "price": "8.90",
            "revenue": 44051
        },
        "2011-12": {
            "month": "2011-12",
            "price": "7.50",
            "revenue": 36686
        },
        "2012-01": {
            "month": "2012-01",
            "price": "7.82",
            "revenue": 35741
        },
        "2012-02": {
            "month": "2012-02",
            "price": "8.31",
            "revenue": 44206
        },
        "2012-03": {
            "month": "2012-03",
            "price": "8.80",
            "revenue": 50102
        },
        "2012-04": {
            "month": "2012-04",
            "price": "7.59",
            "revenue": 50010
        },
        "2012-05": {
            "month": "2012-05",
            "price": "7.43",
            "revenue": 51806
        },
        "2012-06": {
            "month": "2012-06",
            "price": "7.00",
            "revenue": 44313
        },
        "2012-07": {
            "month": "2012-07",
            "price": "6.78",
            "revenue": 50876
        },
        "2012-08": {
            "month": "2012-08",
            "price": "7.30",
            "revenue": 50559
        },
        "2012-09": {
            "month": "2012-09",
            "price": "7.39",
            "revenue": 46185
        },
        "2012-10": {
            "month": "2012-10",
            "price": "8.03",
            "revenue": 45359
        },
        "2012-11": {
            "month": "2012-11",
            "price": "7.98",
            "revenue": 40266
        },
        "2012-12": {
            "month": "2012-12",
            "price": "7.77",
            "revenue": 36213
        },
        "2013-01": {
            "month": "2013-01",
            "price": "7.75",
            "revenue": 53540
        },
        "2013-02": {
            "month": "2013-02",
            "price": "7.93",
            "revenue": 31010
        },
        "2013-03": {
            "month": "2013-03",
            "price": "8.00",
            "revenue": 51136
        },
        "2013-04": {
            "month": "2013-04",
            "price": "10.41",
            "revenue": 53351
        },
        "2013-05": {
            "month": "2013-05",
            "price": "12.29",
            "revenue": 56034
        },
        "2013-06": {
            "month": "2013-06",
            "price": "14.34",
            "revenue": 50378
        },
        "2013-07": {
            "month": "2013-07",
            "price": "14.33",
            "revenue": 54438
        },
        "2013-08": {
            "month": "2013-08",
            "price": "15.03",
            "revenue": 54192
        },
        "2013-09": {
            "month": "2013-09",
            "price": "16.83",
            "revenue": 57460
        },
        "2013-10": {
            "month": "2013-10",
            "price": "18.08",
            "revenue": 56777
        },
        "2013-11": {
            "month": "2013-11",
            "price": "18.12",
            "revenue": 53869
        },
        "2013-12": {
            "month": "2013-12",
            "price": "18.13",
            "revenue": 56771
        },
        "2014-01": {
            "month": "2014-01",
            "price": "20.81",
            "revenue": 51032
        },
        "2014-02": {
            "month": "2014-02",
            "price": "23.63",
            "revenue": 43353
        },
        "2014-03": {
            "month": "2014-03",
            "price": "25.25",
            "revenue": 47938
        },
        "2014-04": {
            "month": "2014-04",
            "price": "25.76",
            "revenue": 56367
        },
        "2014-05": {
            "month": "2014-05",
            "price": "23.13",
            "revenue": 56182
        },
        "2014-06": {
            "month": "2014-06",
            "price": "22.67",
            "revenue": 45950
        },
        "2014-07": {
            "month": "2014-07",
            "price": "22.27",
            "revenue": 52064
        },
        "2014-08": {
            "month": "2014-08",
            "price": "21.76",
            "revenue": 45316
        },
        "2014-09": {
            "month": "2014-09",
            "price": "19.01",
            "revenue": 46695
        },
        "2014-10": {
            "month": "2014-10",
            "price": "18.52",
            "revenue": 47386
        },
        "2014-11": {
            "month": "2014-11",
            "price": "17.22",
            "revenue": 44104
        },
        "2014-12": {
            "month": "2014-12",
            "price": "17.01",
            "revenue": 43372
        },
        "2015-01": {
            "month": "2015-01",
            "price": "17.76",
            "revenue": 49554
        },
        "2015-02": {
            "month": "2015-02",
            "price": "17.67",
            "revenue": 31144
        },
        "2015-03": {
            "month": "2015-03",
            "price": "19.97",
            "revenue": 51217
        },
        "2015-04": {
            "month": "2015-04",
            "price": "20.66",
            "revenue": 51471
        },
        "2015-05": {
            "month": "2015-05",
            "price": "19.81",
            "revenue": 47529
        },
        "2015-06": {
            "month": "2015-06",
            "price": "18.91",
            "revenue": 41669
        },
        "2015-07": {
            "month": "2015-07",
            "price": "16.74",
            "revenue": 49095
        },
        "2015-08": {
            "month": "2015-08",
            "price": "14.64",
            "revenue": 44745
        },
        "2015-09": {
            "month": "2015-09",
            "price": "13.97",
            "revenue": 45334
        },
        "2015-10": {
            "month": "2015-10",
            "price": "14.21",
            "revenue": 41962
        },
        "2015-11": {
            "month": "2015-11",
            "price": "14.74",
            "revenue": 44393
        },
        "2015-12": {
            "month": "2015-12",
            "price": "13.82",
            "revenue": 40956
        },
        "2016-01": {
            "month": "2016-01",
            "price": "13.63",
            "revenue": 46060
        },
        "2016-02": {
            "month": "2016-02",
            "price": "13.59",
            "revenue": 32123
        },
        "2016-03": {
            "month": "2016-03",
            "price": "15.53",
            "revenue": 51917
        },
        "2016-04": {
            "month": "2016-04",
            "price": "15.60",
            "revenue": 50865
        },
        "2016-05": {
            "month": "2016-05",
            "price": "14.93",
            "revenue": 53011
        },
        "2016-06": {
            "month": "2016-06",
            "price": "14.80",
            "revenue": 45773
        },
        "2016-07": {
            "month": "2016-07",
            "price": "15.04",
            "revenue": 46892
        },
        "2016-08": {
            "month": "2016-08",
            "price": "15.45",
            "revenue": 50553
        },
        "2016-09": {
            "month": "2016-09",
            "price": "15.34",
            "revenue": 45282
        },
        "2016-10": {
            "month": "2016-10",
            "price": "15.01",
            "revenue": 46356
        },
        "2016-11": {
            "month": "2016-11",
            "price": "14.26",
            "revenue": 46044
        },
        "2016-12": {
            "month": "2016-12",
            "price": "14.40",
            "revenue": 46054
        },
        "2017-01": {
            "month": "2017-01",
            "price": "14.56",
            "revenue": 43926
        },
        "2017-02": {
            "month": "2017-02",
            "price": "15.23",
            "revenue": 40876
        },
        "2017-03": {
            "month": "2017-03",
            "price": "15.60",
            "revenue": 56727
        },
        "2017-04": {
            "month": "2017-04",
            "price": "15.69",
            "revenue": 48378
        },
        "2017-05": {
            "month": "2017-05",
            "price": "15.45",
            "revenue": 44723
        },
        "2017-06": {
            "month": "2017-06",
            "price": "14.88",
            "revenue": 48456
        },
        "2017-07": {
            "month": "2017-07",
            "price": "14.90",
            "revenue": 46309
        },
        "2017-08": {
            "month": "2017-08",
            "price": "14.85",
            "revenue": 48873
        },
        "2017-09": {
            "month": "2017-09",
            "price": "14.12",
            "revenue": 45152
        },
        "2017-10": {
            "month": "2017-10",
            "price": "13.46",
            "revenue": 45759
        },
        "2017-11": {
            "month": "2017-11",
            "price": "13.34",
            "revenue": 46323
        },
        "2017-12": {
            "month": "2017-12",
            "price": "13.22",
            "revenue": 42190
        },
        "2018-01": {
            "month": "2018-01",
            "price": "13.53",
            "revenue": 52507
        },
        "2018-02": {
            "month": "2018-02",
            "price": "13.29",
            "revenue": 30811
        },
        "2018-03": {
            "month": "2018-03",
            "price": "13.53",
            "revenue": 48887
        },
        "2018-04": {
            "month": "2018-04",
            "price": "13.62",
            "revenue": 54610
        },
        "2018-05": {
            "month": "2018-05",
            "price": "14.49",
            "revenue": 54320
        },
        "2018-06": {
            "month": "2018-06",
            "price": "20.33",
            "revenue": 45928
        },
        "2018-07": {
            "month": "2018-07",
            "price": "18.30",
            "revenue": 48828
        },
        "2018-08": {
            "month": "2018-08",
            "price": "20.03",
            "revenue": 52487
        },
        "2018-09": {
            "month": "2018-09",
            "price": "18.39",
            "revenue": 48057
        },
        "2018-10": {
            "month": "2018-10",
            "price": "14.96",
            "revenue": 46201
        },
        "2018-11": {
            "month": "2018-11",
            "price": "14.32",
            "revenue": 39869
        },
        "2018-12": {
            "month": "2018-12",
            "price": "14.89",
            "revenue": 30868
        },
        "2019-01": {
            "month": "2019-01",
            "price": "14.35",
            "revenue": 47478
        },
        "2019-02": {
            "month": "2019-02",
            "price": "15.23",
            "revenue": 26860
        },
        "2019-03": {
            "month": "2019-03",
            "price": "15.54",
            "revenue": 39645
        },
        "2019-04": {
            "month": "2019-04",
            "price": "16.78",
            "revenue": 37003
        },
        "2019-05": {
            "month": "2019-05",
            "price": "16.03",
            "revenue": 40661
        },
        "2019-06": {
            "month": "2019-06",
            "price": "15.98",
            "revenue": 34291
        },
        "2019-07": {
            "month": "2019-07",
            "price": "15.96",
            "revenue": 39550
        },
        "2019-08": {
            "month": "2019-08",
            "price": "15.62",
            "revenue": 33819
        },
        "2019-09": {
            "month": "2019-09",
            "price": "14.71",
            "revenue": 34440
        },
        "2019-10": {
            "month": "2019-10",
            "price": "16.07",
            "revenue": 35305
        },
        "2019-11": {
            "month": "2019-11",
            "price": "14.72",
            "revenue": 38221
        },
        "2019-12": {
            "month": "2019-12",
            "price": "15.01",
            "revenue": 41762
        },
        "2020-01": {
            "month": "2020-01",
            "price": "14.53",
            "revenue": 31517
        },
        "2020-02": {
            "month": "2020-02",
            "price": "13.88",
            "revenue": 31820
        },
        "2020-03": {
            "month": "2020-03",
            "price": "11.40",
            "revenue": 36111
        },
        "2020-04": {
            "month": "2020-04",
            "price": "10.66",
            "revenue": 38558
        },
        "2020-05": {
            "month": "2020-05",
            "price": "10.79",
            "revenue": 37298
        },
        "2020-06": {
            "month": "2020-06",
            "price": "11.42",
            "revenue": 33626
        },
        "2020-07": {
            "month": "2020-07",
            "price": "11.35",
            "revenue": 29976
        },
        "2020-08": {
            "month": "2020-08",
            "price": "11.50",
            "revenue": 30074
        },
        "2020-09": {
            "month": "2020-09",
            "price": "11.76",
            "revenue": 35945
        },
        "2020-10": {
            "month": "2020-10",
            "price": "11.31",
            "revenue": 33962
        },
        "2020-11": {
            "month": "2020-11",
            "price": "11.55",
            "revenue": 37456
        },
        "2020-12": {
            "month": "2020-12",
            "price": "11.89",
            "revenue": 46125
        },
        "2021-01": {
            "month": "2021-01",
            "price": "12.10",
            "revenue": 39793
        },
        "2021-02": {
            "month": "2021-02",
            "price": "12.92",
            "revenue": 32367
        },
        "2021-03": {
            "month": "2021-03",
            "price": "16.58",
            "revenue": 44896
        },
        "2021-04": {
            "month": "2021-04",
            "price": "18.29",
            "revenue": 46475
        },
        "2021-05": {
            "month": "2021-05",
            "price": "17.27",
            "revenue": 49087
        },
        "2021-06": {
            "month": "2021-06",
            "price": "17.82",
            "revenue": 43231
        },
        "2021-07": {
            "month": "2021-07",
            "price": "18.56",
            "revenue": 53408
        },
        "2021-08": {
            "month": "2021-08",
            "price": "21.22",
            "revenue": 63801
        },
        "2021-09": {
            "month": "2021-09",
            "price": "26.52",
            "revenue": 59057
        },
        "2021-10": {
            "month": "2021-10",
            "price": "25.67",
            "revenue": 62376
        },
        "2021-11": {
            "month": "2021-11",
            "price": "31.81",
            "revenue": 54151
        },
        "2021-12": {
            "month": "2021-12",
            "price": "33.45",
            "revenue": 52120
        },
        "2022-01": {
            "month": "2022-01",
            "price": "29.35",
            "revenue": 59082
        },
        "2022-02": {
            "month": "2022-02",
            "price": "29.21",
            "revenue": 46217
        },
        "2022-03": {
            "month": "2022-03",
            "price": "27.87",
            "revenue": 80564
        },
        "2022-04": {
            "month": "2022-04",
            "price": "33.23",
            "revenue": 60580
        },
        "2022-05": {
            "month": "2022-05",
            "price": "31.08",
            "revenue": 62087
        },
        "2022-06": {
            "month": "2022-06",
            "price": "29.75",
            "revenue": 59396
        },
        "2022-07": {
            "month": "2022-07",
            "price": "26.39",
            "revenue": 61395
        },
        "2022-08": {
            "month": "2022-08",
            "price": "28.27",
            "revenue": 58509
        },
        "2022-09": {
            "month": "2022-09",
            "price": "26.46",
            "revenue": 67349
        },
        "2022-10": {
            "month": "2022-10",
            "price": "24.17",
            "revenue": 53588
        },
        "2022-11": {
            "month": "2022-11",
            "price": "25.12",
            "revenue": 58299
        },
        "2022-12": {
            "month": "2022-12",
            "price": "26.51",
            "revenue": 52187
        },
        "2023-01": {
            "month": "2023-01",
            "price": "25.50",
            "revenue": 49463
        },
        "2023-02": {
            "month": "2023-02",
            "price": "27.45",
            "revenue": 34918
        },
        "2023-03": {
            "month": "2023-03",
            "price": "29.70",
            "revenue": 43331
        },
        "2023-04": {
            "month": "2023-04",
            "price": "29.53",
            "revenue": 33204
        },
        "2023-05": {
            "month": "2023-05",
            "price": "28.70",
            "revenue": 36761
        },
        "2023-06": {
            "month": "2023-06",
            "price": "27.90",
            "revenue": 35688
        },
        "2023-07": {
            "month": "2023-07",
            "price": "24.95",
            "revenue": 41463
        },
        "2023-08": {
            "month": "2023-08",
            "price": "23.34",
            "revenue": 36562
        }
    }
}
