{
    "summary": {
        "stock_name": "立敦",
        "stock_id": "6175",
        "category": "電子零組件",
        "main_business": "生產及銷售化成鋁箔<br>生產及銷售電蝕鋁箔<br>生產及銷售高純度導針",
        "website_url": "http://www.liton.com.tw",
        "ceo": "柯村忺",
        "pe_ratio": 16,
        "report_year_from": 2001,
        "report_year_to": 2023,
        "age": 23,
        "eps_negative_percentage": 26,
        "eps_growth_avg": {
            "last_all": 6.41,
            "last_2y": 10.89,
            "last_4y": 14.43,
            "last_8y": 28.19,
            "last_12y": 13.7,
            "last_16y": 13.7,
            "last_20y": 0.17,
            "at_2006_last_3y": -53.92,
            "at_2007_last_3y": -79.61,
            "at_2008_last_3y": -100,
            "at_2009_last_3y": null,
            "at_2010_last_3y": null,
            "at_2011_last_3y": 97.2,
            "at_2012_last_3y": 5.34,
            "at_2013_last_3y": -29.77,
            "at_2014_last_3y": -29.77,
            "at_2015_last_3y": -46.79,
            "at_2016_last_3y": -3.04,
            "at_2017_last_3y": 63.63,
            "at_2018_last_3y": 45.39,
            "at_2019_last_3y": 18.71,
            "at_2020_last_3y": 32.53,
            "at_2021_last_3y": 25.31,
            "at_2022_last_3y": 28.31,
            "at_2023_last_3y": 33.17,
            "at_2024_last_3y": 33.17,
            "at_2006_last_all": -15.44,
            "at_2007_last_all": -15.44,
            "at_2008_last_all": -15.44,
            "at_2009_last_all": -15.44,
            "at_2010_last_all": -15.44,
            "at_2011_last_all": 7.09,
            "at_2012_last_all": -8.52,
            "at_2013_last_all": -21.59,
            "at_2014_last_all": -21.59,
            "at_2015_last_all": -13.12,
            "at_2016_last_all": -6.69,
            "at_2017_last_all": 3.98,
            "at_2018_last_all": 2.77,
            "at_2019_last_all": -2.51,
            "at_2020_last_all": 5.38,
            "at_2021_last_all": 10.08,
            "at_2022_last_all": 9.58,
            "at_2023_last_all": 6.41,
            "at_2024_last_all": 6.41
        },
        "latest_eps": 2.08,
        "latest_price": 33.8,
        "latest_roe": 9,
        "latest_gross_margin": 22.26,
        "latest_equity": 3797173,
        "latest_revenue": 943548,
        "latest_gross_profit": 210035,
        "latest_net_income": 70363,
        "latest_debt_ratio": 35.01,
        "latest_current_ratio": 153.87,
        "latest_account_receivable_turnover_ratio": 0.93,
        "latest_inventory_turnover_ratio": 0.9,
        "latest_reinvestment_rate": 40.53,
        "latest_research_to_sale_ratio": 3.62
    },
    "eps_dividends": {
        "2001": {
            "cash": 0,
            "stock": 0,
            "eps": 0.08
        },
        "2002": {
            "cash": 0,
            "stock": 1.8,
            "eps": 1.56
        },
        "2003": {
            "cash": 0,
            "stock": 2.33,
            "eps": 1.52
        },
        "2004": {
            "cash": 0,
            "stock": 0.8,
            "eps": 0.62
        },
        "2005": {
            "cash": 0,
            "stock": 0,
            "eps": -0.32
        },
        "2006": {
            "cash": 0,
            "stock": 0,
            "eps": -1.01
        },
        "2007": {
            "cash": 0,
            "stock": 0,
            "eps": -0.31
        },
        "2008": {
            "cash": 0,
            "stock": 0,
            "eps": -0.67
        },
        "2009": {
            "cash": 0,
            "stock": 0,
            "eps": -1.26
        },
        "2010": {
            "cash": 0,
            "stock": 0,
            "eps": 1.43
        },
        "2011": {
            "cash": 0.6,
            "stock": 0,
            "eps": 2.82
        },
        "2012": {
            "cash": 0.8,
            "stock": 0.6,
            "eps": 0.38
        },
        "2013": {
            "cash": 0.5,
            "stock": 0,
            "eps": -0.19
        },
        "2014": {
            "cash": 0.1,
            "stock": 0,
            "eps": 0.26
        },
        "2015": {
            "cash": 0.2,
            "stock": 0,
            "eps": 0.38
        },
        "2016": {
            "cash": 0.3,
            "stock": 0,
            "eps": 0.55
        },
        "2017": {
            "cash": 0.5,
            "stock": 0,
            "eps": 2.46
        },
        "2018": {
            "cash": 2,
            "stock": 0,
            "eps": 2.23
        },
        "2019": {
            "cash": 1.5,
            "stock": 0,
            "eps": 0.88
        },
        "2020": {
            "cash": 0.5,
            "stock": 0,
            "eps": 2.01
        },
        "2021": {
            "cash": 1.08,
            "stock": 0,
            "eps": 3.44
        },
        "2022": {
            "cash": 1.5,
            "stock": 0,
            "eps": 3.53
        },
        "2023": {
            "cash": 1.75,
            "stock": 0,
            "eps": 2.08
        }
    },
    "dividends": {
        "2002-06-25": {
            "cash": 0,
            "stock": 1.8
        },
        "2003-06-27": {
            "cash": 0,
            "stock": 2.33
        },
        "2004-04-05": {
            "cash": 0,
            "stock": 0.8
        },
        "2011-04-28": {
            "cash": 0.6,
            "stock": 0
        },
        "2012-06-21": {
            "cash": 0.8,
            "stock": 0.6
        },
        "2013-06-19": {
            "cash": 0.5,
            "stock": 0
        },
        "2014-09-19": {
            "cash": 0.1,
            "stock": 0
        },
        "2015-09-17": {
            "cash": 0.2,
            "stock": 0
        },
        "2016-10-17": {
            "cash": 0.3,
            "stock": 0
        },
        "2017-09-27": {
            "cash": 0.5,
            "stock": 0
        },
        "2018-09-26": {
            "cash": 2,
            "stock": 0
        },
        "2019-08-28": {
            "cash": 1.5,
            "stock": 0
        },
        "2020-08-28": {
            "cash": 0.5,
            "stock": 0
        },
        "2021-11-01": {
            "cash": 1.08,
            "stock": 0
        },
        "2022-08-25": {
            "cash": 1.5,
            "stock": 0
        },
        "2023-09-15": {
            "cash": 1.75,
            "stock": 0
        }
    },
    "prices": {
        "200101": "無",
        "200102": "無",
        "200103": "無",
        "200104": "無",
        "200105": "無",
        "200106": "無",
        "200107": "無",
        "200108": "無",
        "200109": "無",
        "200110": "無",
        "200111": "無",
        "200112": "無",
        "200201": "無",
        "200202": "無",
        "200203": "無",
        "200204": "無",
        "200205": "無",
        "200206": "29.53",
        "200207": "27.61",
        "200208": "27.54",
        "200209": "22.04",
        "200210": "19.67",
        "200211": "18.11",
        "200212": "17.30",
        "200301": "16.98",
        "200302": "16.03",
        "200303": "15.31",
        "200304": "16.50",
        "200305": "17.66",
        "200306": "19.16",
        "200307": "19.63",
        "200308": "18.36",
        "200309": "16.33",
        "200310": "16.12",
        "200311": "16.88",
        "200312": "17.19",
        "200401": "16.93",
        "200402": "18.43",
        "200403": "22.37",
        "200404": "24.29",
        "200405": "20.03",
        "200406": "17.56",
        "200407": "15.71",
        "200408": "14.62",
        "200409": "13.85",
        "200410": "11.64",
        "200411": "10.67",
        "200412": "10.20",
        "200501": "9.89",
        "200502": "10.18",
        "200503": "10.17",
        "200504": "9.15",
        "200505": "8.82",
        "200506": "8.68",
        "200507": "9.18",
        "200508": "8.32",
        "200509": "7.60",
        "200510": "6.73",
        "200511": "6.23",
        "200512": "7.46",
        "200601": "7.86",
        "200602": "7.23",
        "200603": "7.13",
        "200604": "7.91",
        "200605": "7.38",
        "200606": "6.27",
        "200607": "6.01",
        "200608": "6.09",
        "200609": "5.92",
        "200610": "6.71",
        "200611": "6.79",
        "200612": "7.71",
        "200701": "8.03",
        "200702": "7.99",
        "200703": "7.82",
        "200704": "9.25",
        "200705": "8.59",
        "200706": "9.50",
        "200707": "10.88",
        "200708": "9.83",
        "200709": "9.02",
        "200710": "9.04",
        "200711": "8.23",
        "200712": "7.53",
        "200801": "7.13",
        "200802": "7.21",
        "200803": "7.94",
        "200804": "8.03",
        "200805": "7.84",
        "200806": "6.76",
        "200807": "5.68",
        "200808": "5.52",
        "200809": "5.46",
        "200810": "5.06",
        "200811": "4.51",
        "200812": "4.31",
        "200901": "4.00",
        "200902": "4.06",
        "200903": "4.29",
        "200904": "4.82",
        "200905": "5.09",
        "200906": "4.79",
        "200907": "4.54",
        "200908": "5.03",
        "200909": "5.54",
        "200910": "6.46",
        "200911": "6.74",
        "200912": "7.55",
        "201001": "8.04",
        "201002": "7.09",
        "201003": "9.41",
        "201004": "15.00",
        "201005": "14.75",
        "201006": "14.70",
        "201007": "15.75",
        "201008": "26.38",
        "201009": "27.68",
        "201010": "24.23",
        "201011": "23.05",
        "201012": "26.62",
        "201101": "26.20",
        "201102": "23.92",
        "201103": "26.14",
        "201104": "31.27",
        "201105": "33.12",
        "201106": "31.01",
        "201107": "31.80",
        "201108": "33.14",
        "201109": "28.40",
        "201110": "24.51",
        "201111": "20.25",
        "201112": "16.90",
        "201201": "18.61",
        "201202": "22.89",
        "201203": "23.21",
        "201204": "20.52",
        "201205": "17.17",
        "201206": "16.01",
        "201207": "15.16",
        "201208": "13.92",
        "201209": "12.16",
        "201210": "11.47",
        "201211": "9.91",
        "201212": "10.35",
        "201301": "11.61",
        "201302": "11.01",
        "201303": "11.50",
        "201304": "11.57",
        "201305": "12.08",
        "201306": "12.48",
        "201307": "12.07",
        "201308": "12.42",
        "201309": "11.68",
        "201310": "11.32",
        "201311": "10.77",
        "201312": "11.92",
        "201401": "13.47",
        "201402": "17.27",
        "201403": "19.27",
        "201404": "16.13",
        "201405": "14.90",
        "201406": "16.18",
        "201407": "16.65",
        "201408": "16.71",
        "201409": "16.09",
        "201410": "15.23",
        "201411": "17.08",
        "201412": "19.33",
        "201501": "18.93",
        "201502": "18.83",
        "201503": "18.45",
        "201504": "16.76",
        "201505": "14.91",
        "201506": "13.17",
        "201507": "13.44",
        "201508": "12.92",
        "201509": "12.85",
        "201510": "12.82",
        "201511": "12.61",
        "201512": "13.13",
        "201601": "12.95",
        "201602": "12.88",
        "201603": "13.91",
        "201604": "12.94",
        "201605": "12.04",
        "201606": "11.78",
        "201607": "13.50",
        "201608": "14.23",
        "201609": "13.80",
        "201610": "13.51",
        "201611": "13.24",
        "201612": "13.45",
        "201701": "16.27",
        "201702": "18.11",
        "201703": "18.39",
        "201704": "17.77",
        "201705": "19.04",
        "201706": "19.30",
        "201707": "19.47",
        "201708": "22.86",
        "201709": "23.25",
        "201710": "23.97",
        "201711": "28.65",
        "201712": "34.05",
        "201801": "42.19",
        "201802": "37.25",
        "201803": "38.78",
        "201804": "42.75",
        "201805": "46.34",
        "201806": "60.96",
        "201807": "55.94",
        "201808": "44.07",
        "201809": "32.83",
        "201810": "27.02",
        "201811": "25.47",
        "201812": "27.40",
        "201901": "25.65",
        "201902": "28.55",
        "201903": "26.94",
        "201904": "27.22",
        "201905": "23.53",
        "201906": "23.12",
        "201907": "24.37",
        "201908": "20.95",
        "201909": "21.37",
        "201910": "22.16",
        "201911": "20.81",
        "201912": "21.64",
        "202001": "22.67",
        "202002": "20.60",
        "202003": "15.67",
        "202004": "17.38",
        "202005": "18.70",
        "202006": "19.97",
        "202007": "22.91",
        "202008": "22.96",
        "202009": "22.20",
        "202010": "21.18",
        "202011": "23.60",
        "202012": "30.49",
        "202101": "36.84",
        "202102": "36.10",
        "202103": "38.36",
        "202104": "41.22",
        "202105": "34.07",
        "202106": "37.75",
        "202107": "48.68",
        "202108": "48.21",
        "202109": "49.67",
        "202110": "43.77",
        "202111": "44.52",
        "202112": "46.89",
        "202201": "44.59",
        "202202": "45.19",
        "202203": "43.65",
        "202204": "39.45",
        "202205": "37.20",
        "202206": "36.94",
        "202207": "31.70",
        "202208": "31.77",
        "202209": "29.86",
        "202210": "25.26",
        "202211": "28.65",
        "202212": "32.31",
        "202301": "33.16",
        "202302": "36.22",
        "202303": "37.87",
        "202304": "39.18",
        "202305": "38.23",
        "202306": "38.46",
        "202307": "38.08",
        "202308": "35.40",
        "202309": "37.42",
        "202310": "34.88",
        "202311": "35.74",
        "202312": "37.80",
        "202401": "35.54",
        "202402": "35.51",
        "202403": "34.34",
        "202404": "無"
    },
    "quarters": {
        "20011": {
            "year_quarter": 20011,
            "year": 2001,
            "quarter": 1,
            "eps": null,
            "eps_growth_year": null,
            "eps_4q": null,
            "eps_4q_growth_year": null,
            "roe": null,
            "roe_4q": 0,
            "gross_profit": null,
            "gross_margin": null,
            "gross_margin_4q_avg": 0,
            "net_income": null,
            "net_income_4q": null,
            "revenue": null,
            "revenue_4q": null,
            "common_shares": null,
            "book_valuer_per_share": null,
            "book_valuer_per_share_4q_avg": 0,
            "equity": null,
            "current_ratio": null,
            "debt_ratio": null,
            "inventory_turnover_ratio": null,
            "account_receivable_turnover_ratio": null,
            "reinvestment_rate": null,
            "research_to_sale_ratio": null,
            "price_fair": 0,
            "eps_avg_yearly": 0,
            "eps_latest_yearly": 0,
            "eps_growth_yearly": 0
        },
        "20012": {
            "year_quarter": 20012,
            "year": 2001,
            "quarter": 2,
            "eps": null,
            "eps_growth_year": null,
            "eps_4q": null,
            "eps_4q_growth_year": null,
            "roe": null,
            "roe_4q": 0,
            "gross_profit": null,
            "gross_margin": null,
            "gross_margin_4q_avg": 0,
            "net_income": null,
            "net_income_4q": null,
            "revenue": null,
            "revenue_4q": null,
            "common_shares": null,
            "book_valuer_per_share": null,
            "book_valuer_per_share_4q_avg": 0,
            "equity": null,
            "current_ratio": null,
            "debt_ratio": null,
            "inventory_turnover_ratio": null,
            "account_receivable_turnover_ratio": null,
            "reinvestment_rate": null,
            "research_to_sale_ratio": null,
            "price_fair": 0,
            "eps_avg_yearly": 0,
            "eps_latest_yearly": 0,
            "eps_growth_yearly": 0
        },
        "20013": {
            "year_quarter": 20013,
            "year": 2001,
            "quarter": 3,
            "eps": -0.44,
            "eps_growth_year": null,
            "eps_4q": null,
            "eps_4q_growth_year": null,
            "roe": -3.17,
            "roe_4q": -3.17,
            "gross_profit": 3706,
            "gross_margin": 2.69,
            "gross_margin_4q_avg": 0.9,
            "net_income": -16293,
            "net_income_4q": null,
            "revenue": 137784,
            "revenue_4q": null,
            "common_shares": 372810,
            "book_valuer_per_share": 13.78,
            "book_valuer_per_share_4q_avg": 4.59,
            "equity": 513735,
            "current_ratio": 122.3,
            "debt_ratio": 48.19,
            "inventory_turnover_ratio": 0.75,
            "account_receivable_turnover_ratio": null,
            "reinvestment_rate": null,
            "research_to_sale_ratio": null,
            "price_fair": 0,
            "eps_avg_yearly": 0,
            "eps_latest_yearly": 0,
            "eps_growth_yearly": 0
        },
        "20014": {
            "year_quarter": 20014,
            "year": 2001,
            "quarter": 4,
            "eps": 0.52,
            "eps_growth_year": null,
            "eps_4q": null,
            "eps_4q_growth_year": null,
            "roe": 3.56,
            "roe_4q": 0.3900000000000001,
            "gross_profit": 15570,
            "gross_margin": 9.65,
            "gross_margin_4q_avg": 3.09,
            "net_income": 19498,
            "net_income_4q": null,
            "revenue": 161269,
            "revenue_4q": null,
            "common_shares": 397810,
            "book_valuer_per_share": 14.59,
            "book_valuer_per_share_4q_avg": 7.09,
            "equity": 580221,
            "current_ratio": 153.31,
            "debt_ratio": 46.69,
            "inventory_turnover_ratio": 0.89,
            "account_receivable_turnover_ratio": null,
            "reinvestment_rate": null,
            "research_to_sale_ratio": null,
            "price_fair": 0,
            "eps_avg_yearly": 0,
            "eps_latest_yearly": 0,
            "eps_growth_yearly": 0
        },
        "20021": {
            "year_quarter": 20021,
            "year": 2002,
            "quarter": 1,
            "eps": 0.58,
            "eps_growth_year": null,
            "eps_4q": null,
            "eps_4q_growth_year": null,
            "roe": 3.9,
            "roe_4q": 4.29,
            "gross_profit": 40229,
            "gross_margin": 14.84,
            "gross_margin_4q_avg": 6.8,
            "net_income": 23083,
            "net_income_4q": null,
            "revenue": 270997,
            "revenue_4q": null,
            "common_shares": 397810,
            "book_valuer_per_share": 15.17,
            "book_valuer_per_share_4q_avg": 10.89,
            "equity": 603304,
            "current_ratio": 143.09,
            "debt_ratio": 50.6,
            "inventory_turnover_ratio": 1.29,
            "account_receivable_turnover_ratio": null,
            "reinvestment_rate": null,
            "research_to_sale_ratio": null,
            "price_fair": 81.2,
            "eps_avg_yearly": 2.32,
            "eps_latest_yearly": 2.32,
            "eps_growth_yearly": 46.15
        },
        "20022": {
            "year_quarter": 20022,
            "year": 2002,
            "quarter": 2,
            "eps": 0.3,
            "eps_growth_year": null,
            "eps_4q": 0.97,
            "eps_4q_growth_year": null,
            "roe": 1.94,
            "roe_4q": 6.23,
            "gross_profit": 48295,
            "gross_margin": 16.47,
            "gross_margin_4q_avg": 10.91,
            "net_income": 11759,
            "net_income_4q": null,
            "revenue": 293217,
            "revenue_4q": null,
            "common_shares": 397810,
            "book_valuer_per_share": 15.34,
            "book_valuer_per_share_4q_avg": 14.72,
            "equity": 610054,
            "current_ratio": 131.61,
            "debt_ratio": 56.35,
            "inventory_turnover_ratio": 1.01,
            "account_receivable_turnover_ratio": null,
            "reinvestment_rate": null,
            "research_to_sale_ratio": null,
            "price_fair": 5.28,
            "eps_avg_yearly": 1.76,
            "eps_latest_yearly": 1.2,
            "eps_growth_yearly": -73.47
        },
        "20023": {
            "year_quarter": 20023,
            "year": 2002,
            "quarter": 3,
            "eps": 0.35,
            "eps_growth_year": null,
            "eps_4q": 1.52,
            "eps_4q_growth_year": null,
            "roe": 2.62,
            "roe_4q": 12.020000000000001,
            "gross_profit": 41718,
            "gross_margin": 13.82,
            "gross_margin_4q_avg": 13.7,
            "net_income": 16256,
            "net_income_4q": null,
            "revenue": 301839,
            "revenue_4q": null,
            "common_shares": 470280,
            "book_valuer_per_share": 13.4,
            "book_valuer_per_share_4q_avg": 14.63,
            "equity": 629953,
            "current_ratio": 134.8,
            "debt_ratio": 53.52,
            "inventory_turnover_ratio": 1.08,
            "account_receivable_turnover_ratio": null,
            "reinvestment_rate": null,
            "research_to_sale_ratio": null,
            "price_fair": 4.92,
            "eps_avg_yearly": 1.64,
            "eps_latest_yearly": 1.4,
            "eps_growth_yearly": -26.76
        },
        "20024": {
            "year_quarter": 20024,
            "year": 2002,
            "quarter": 4,
            "eps": 0.33,
            "eps_growth_year": -36.54,
            "eps_4q": 1.43,
            "eps_4q_growth_year": null,
            "roe": 2.41,
            "roe_4q": 10.870000000000001,
            "gross_profit": 32403,
            "gross_margin": 14.13,
            "gross_margin_4q_avg": 14.82,
            "net_income": 15339,
            "net_income_4q": null,
            "revenue": 229380,
            "revenue_4q": null,
            "common_shares": 470280,
            "book_valuer_per_share": 13.71,
            "book_valuer_per_share_4q_avg": 14.41,
            "equity": 644699,
            "current_ratio": 148.34,
            "debt_ratio": 49.13,
            "inventory_turnover_ratio": 0.99,
            "account_receivable_turnover_ratio": null,
            "reinvestment_rate": null,
            "research_to_sale_ratio": null,
            "price_fair": 4.68,
            "eps_avg_yearly": 1.56,
            "eps_latest_yearly": 1.32,
            "eps_growth_yearly": -25.79
        },
        "20031": {
            "year_quarter": 20031,
            "year": 2003,
            "quarter": 1,
            "eps": 0.33,
            "eps_growth_year": -43.1,
            "eps_4q": 1.27,
            "eps_4q_growth_year": null,
            "roe": 2.34,
            "roe_4q": 9.31,
            "gross_profit": 27625,
            "gross_margin": 10.62,
            "gross_margin_4q_avg": 13.76,
            "net_income": 15288,
            "net_income_4q": null,
            "revenue": 260045,
            "revenue_4q": null,
            "common_shares": 470280,
            "book_valuer_per_share": 14.03,
            "book_valuer_per_share_4q_avg": 14.12,
            "equity": 660001,
            "current_ratio": 152,
            "debt_ratio": 48.31,
            "inventory_turnover_ratio": 1.17,
            "account_receivable_turnover_ratio": null,
            "reinvestment_rate": null,
            "research_to_sale_ratio": null,
            "price_fair": 4.54,
            "eps_avg_yearly": 1.51,
            "eps_latest_yearly": 1.32,
            "eps_growth_yearly": -20.63
        },
        "20032": {
            "year_quarter": 20032,
            "year": 2003,
            "quarter": 2,
            "eps": 0.49,
            "eps_growth_year": 63.33,
            "eps_4q": 1.3,
            "eps_4q_growth_year": 33.86,
            "roe": 4.22,
            "roe_4q": 11.59,
            "gross_profit": 40730,
            "gross_margin": 15.41,
            "gross_margin_4q_avg": 13.5,
            "net_income": 28386,
            "net_income_4q": null,
            "revenue": 264345,
            "revenue_4q": null,
            "common_shares": 470280,
            "book_valuer_per_share": 14.55,
            "book_valuer_per_share_4q_avg": 13.92,
            "equity": 684479,
            "current_ratio": 154.8,
            "debt_ratio": 47.35,
            "inventory_turnover_ratio": 1.02,
            "account_receivable_turnover_ratio": null,
            "reinvestment_rate": null,
            "research_to_sale_ratio": null,
            "price_fair": 39.88,
            "eps_avg_yearly": 1.59,
            "eps_latest_yearly": 1.96,
            "eps_growth_yearly": 15.13
        },
        "20033": {
            "year_quarter": 20033,
            "year": 2003,
            "quarter": 3,
            "eps": 0.38,
            "eps_growth_year": 8.57,
            "eps_4q": 1.39,
            "eps_4q_growth_year": -8.6,
            "roe": 3.2,
            "roe_4q": 12.17,
            "gross_profit": 38997,
            "gross_margin": 12.29,
            "gross_margin_4q_avg": 13.11,
            "net_income": 22221,
            "net_income_4q": null,
            "revenue": 317209,
            "revenue_4q": null,
            "common_shares": 581550,
            "book_valuer_per_share": 12.09,
            "book_valuer_per_share_4q_avg": 13.6,
            "equity": 703328,
            "current_ratio": 151.49,
            "debt_ratio": 45.8,
            "inventory_turnover_ratio": 1.4,
            "account_receivable_turnover_ratio": null,
            "reinvestment_rate": null,
            "research_to_sale_ratio": null,
            "price_fair": 15.77,
            "eps_avg_yearly": 1.58,
            "eps_latest_yearly": 1.52,
            "eps_growth_yearly": 0.14
        },
        "20034": {
            "year_quarter": 20034,
            "year": 2003,
            "quarter": 4,
            "eps": 0.32,
            "eps_growth_year": -3.03,
            "eps_4q": 1.38,
            "eps_4q_growth_year": -3.41,
            "roe": 2.1,
            "roe_4q": 11.86,
            "gross_profit": 57360,
            "gross_margin": 14.2,
            "gross_margin_4q_avg": 13.13,
            "net_income": 19883,
            "net_income_4q": null,
            "revenue": 403996,
            "revenue_4q": null,
            "common_shares": 872502,
            "book_valuer_per_share": 13.66,
            "book_valuer_per_share_4q_avg": 13.58,
            "equity": 1191932,
            "current_ratio": 119.18,
            "debt_ratio": 48.41,
            "inventory_turnover_ratio": 1.42,
            "account_receivable_turnover_ratio": null,
            "reinvestment_rate": null,
            "research_to_sale_ratio": null,
            "price_fair": 4.62,
            "eps_avg_yearly": 1.54,
            "eps_latest_yearly": 1.28,
            "eps_growth_yearly": -7.77
        },
        "20041": {
            "year_quarter": 20041,
            "year": 2004,
            "quarter": 1,
            "eps": 0.59,
            "eps_growth_year": 78.79,
            "eps_4q": 1.39,
            "eps_4q_growth_year": 10,
            "roe": 4.27,
            "roe_4q": 13.79,
            "gross_profit": 70628,
            "gross_margin": 15.81,
            "gross_margin_4q_avg": 14.43,
            "net_income": 51832,
            "net_income_4q": null,
            "revenue": 446814,
            "revenue_4q": null,
            "common_shares": 872502,
            "book_valuer_per_share": 14.18,
            "book_valuer_per_share_4q_avg": 13.62,
            "equity": 1237336,
            "current_ratio": 120,
            "debt_ratio": 49.1,
            "inventory_turnover_ratio": 1.1,
            "account_receivable_turnover_ratio": null,
            "reinvestment_rate": null,
            "research_to_sale_ratio": null,
            "price_fair": 57.09,
            "eps_avg_yearly": 1.63,
            "eps_latest_yearly": 2.36,
            "eps_growth_yearly": 30.59
        },
        "20042": {
            "year_quarter": 20042,
            "year": 2004,
            "quarter": 2,
            "eps": 0.28,
            "eps_growth_year": -42.86,
            "eps_4q": 1.37,
            "eps_4q_growth_year": 5.79,
            "roe": 1.92,
            "roe_4q": 11.489999999999998,
            "gross_profit": 59557,
            "gross_margin": 13.1,
            "gross_margin_4q_avg": 13.85,
            "net_income": 24031,
            "net_income_4q": null,
            "revenue": 454666,
            "revenue_4q": null,
            "common_shares": 872502,
            "book_valuer_per_share": 14.48,
            "book_valuer_per_share_4q_avg": 13.6,
            "equity": 1262949,
            "current_ratio": 151.73,
            "debt_ratio": 51.05,
            "inventory_turnover_ratio": 1.05,
            "account_receivable_turnover_ratio": null,
            "reinvestment_rate": null,
            "research_to_sale_ratio": null,
            "price_fair": 26.1,
            "eps_avg_yearly": 1.58,
            "eps_latest_yearly": 1.12,
            "eps_growth_yearly": 6.52
        },
        "20043": {
            "year_quarter": 20043,
            "year": 2004,
            "quarter": 3,
            "eps": 0.18,
            "eps_growth_year": -52.63,
            "eps_4q": 1.2,
            "eps_4q_growth_year": -13.28,
            "roe": 1.32,
            "roe_4q": 9.61,
            "gross_profit": 50178,
            "gross_margin": 13.98,
            "gross_margin_4q_avg": 14.27,
            "net_income": 16819,
            "net_income_4q": null,
            "revenue": 358821,
            "revenue_4q": null,
            "common_shares": 872502,
            "book_valuer_per_share": 14.69,
            "book_valuer_per_share_4q_avg": 14.25,
            "equity": 1281322,
            "current_ratio": 157.5,
            "debt_ratio": 49.55,
            "inventory_turnover_ratio": 0.71,
            "account_receivable_turnover_ratio": null,
            "reinvestment_rate": null,
            "research_to_sale_ratio": null,
            "price_fair": 4.51,
            "eps_avg_yearly": 1.5,
            "eps_latest_yearly": 0.72,
            "eps_growth_yearly": -7.06
        },
        "20044": {
            "year_quarter": 20044,
            "year": 2004,
            "quarter": 4,
            "eps": -0.43,
            "eps_growth_year": -234.38,
            "eps_4q": 0.55,
            "eps_4q_growth_year": -60.16,
            "roe": -3.27,
            "roe_4q": 4.239999999999999,
            "gross_profit": 25800,
            "gross_margin": 9,
            "gross_margin_4q_avg": 12.97,
            "net_income": -40968,
            "net_income_4q": null,
            "revenue": 286803,
            "revenue_4q": null,
            "common_shares": 944189,
            "book_valuer_per_share": 12.98,
            "book_valuer_per_share_4q_avg": 14.08,
            "equity": 1225554,
            "current_ratio": 167.02,
            "debt_ratio": 47.22,
            "inventory_turnover_ratio": 0.55,
            "account_receivable_turnover_ratio": null,
            "reinvestment_rate": null,
            "research_to_sale_ratio": null,
            "price_fair": 4.51,
            "eps_avg_yearly": 1.5,
            "eps_latest_yearly": 0.72,
            "eps_growth_yearly": -7.06
        },
        "20051": {
            "year_quarter": 20051,
            "year": 2005,
            "quarter": 1,
            "eps": 0,
            "eps_growth_year": -100,
            "eps_4q": 0,
            "eps_4q_growth_year": -99.8,
            "roe": 0.03,
            "roe_4q": -2.220446049250313e-16,
            "gross_profit": 23797,
            "gross_margin": 8.14,
            "gross_margin_4q_avg": 11.06,
            "net_income": 376,
            "net_income_4q": null,
            "revenue": 292315,
            "revenue_4q": null,
            "common_shares": 944189,
            "book_valuer_per_share": 12.95,
            "book_valuer_per_share_4q_avg": 13.78,
            "equity": 1222990,
            "current_ratio": 170.41,
            "debt_ratio": 46.4,
            "inventory_turnover_ratio": 0.6,
            "account_receivable_turnover_ratio": null,
            "reinvestment_rate": null,
            "research_to_sale_ratio": null,
            "price_fair": 4.51,
            "eps_avg_yearly": 1.5,
            "eps_latest_yearly": 0.72,
            "eps_growth_yearly": -7.06
        },
        "20052": {
            "year_quarter": 20052,
            "year": 2005,
            "quarter": 2,
            "eps": -0.15,
            "eps_growth_year": -153.57,
            "eps_4q": -0.4,
            "eps_4q_growth_year": -129.34,
            "roe": -1.18,
            "roe_4q": -3.0999999999999996,
            "gross_profit": 35255,
            "gross_margin": 9.54,
            "gross_margin_4q_avg": 10.17,
            "net_income": -14307,
            "net_income_4q": null,
            "revenue": 369628,
            "revenue_4q": null,
            "common_shares": 944189,
            "book_valuer_per_share": 12.81,
            "book_valuer_per_share_4q_avg": 13.36,
            "equity": 1209533,
            "current_ratio": 117.22,
            "debt_ratio": 46.31,
            "inventory_turnover_ratio": 0.84,
            "account_receivable_turnover_ratio": null,
            "reinvestment_rate": 378.05,
            "research_to_sale_ratio": null,
            "price_fair": 4.51,
            "eps_avg_yearly": 1.5,
            "eps_latest_yearly": 0.72,
            "eps_growth_yearly": -7.06
        },
        "20053": {
            "year_quarter": 20053,
            "year": 2005,
            "quarter": 3,
            "eps": 0.2,
            "eps_growth_year": 11.11,
            "eps_4q": -0.38,
            "eps_4q_growth_year": -131.51,
            "roe": 1.55,
            "roe_4q": -2.87,
            "gross_profit": 45255,
            "gross_margin": 10.82,
            "gross_margin_4q_avg": 9.38,
            "net_income": 18942,
            "net_income_4q": null,
            "revenue": 418069,
            "revenue_4q": null,
            "common_shares": 944189,
            "book_valuer_per_share": 13.14,
            "book_valuer_per_share_4q_avg": 12.97,
            "equity": 1240389,
            "current_ratio": 117.55,
            "debt_ratio": 48.99,
            "inventory_turnover_ratio": 0.91,
            "account_receivable_turnover_ratio": null,
            "reinvestment_rate": 126.58,
            "research_to_sale_ratio": null,
            "price_fair": 4.51,
            "eps_avg_yearly": 1.5,
            "eps_latest_yearly": 0.72,
            "eps_growth_yearly": -7.06
        },
        "20054": {
            "year_quarter": 20054,
            "year": 2005,
            "quarter": 4,
            "eps": -0.37,
            "eps_growth_year": null,
            "eps_4q": -0.32,
            "eps_4q_growth_year": -158.18,
            "roe": -2.85,
            "roe_4q": -2.45,
            "gross_profit": 42401,
            "gross_margin": 11.33,
            "gross_margin_4q_avg": 9.96,
            "net_income": -34843,
            "net_income_4q": null,
            "revenue": 374165,
            "revenue_4q": null,
            "common_shares": 944189,
            "book_valuer_per_share": 12.77,
            "book_valuer_per_share_4q_avg": 12.92,
            "equity": 1205737,
            "current_ratio": 119.84,
            "debt_ratio": 49.66,
            "inventory_turnover_ratio": 0.74,
            "account_receivable_turnover_ratio": null,
            "reinvestment_rate": 266.47,
            "research_to_sale_ratio": null,
            "price_fair": 4.51,
            "eps_avg_yearly": 1.5,
            "eps_latest_yearly": 0.72,
            "eps_growth_yearly": -7.06
        },
        "20061": {
            "year_quarter": 20061,
            "year": 2006,
            "quarter": 1,
            "eps": 0.01,
            "eps_growth_year": null,
            "eps_4q": -0.36,
            "eps_4q_growth_year": -13213.43,
            "roe": 0.07,
            "roe_4q": -2.41,
            "gross_profit": 37632,
            "gross_margin": 10.04,
            "gross_margin_4q_avg": 10.43,
            "net_income": 820,
            "net_income_4q": null,
            "revenue": 374805,
            "revenue_4q": null,
            "common_shares": 944189,
            "book_valuer_per_share": 12.71,
            "book_valuer_per_share_4q_avg": 12.86,
            "equity": 1199784,
            "current_ratio": 165.14,
            "debt_ratio": 49.05,
            "inventory_turnover_ratio": 0.81,
            "account_receivable_turnover_ratio": null,
            "reinvestment_rate": 176.41,
            "research_to_sale_ratio": null,
            "price_fair": 4.26,
            "eps_avg_yearly": 1.42,
            "eps_latest_yearly": 0.72,
            "eps_growth_yearly": -12.38
        },
        "20062": {
            "year_quarter": 20062,
            "year": 2006,
            "quarter": 2,
            "eps": -0.32,
            "eps_growth_year": null,
            "eps_4q": -0.48,
            "eps_4q_growth_year": null,
            "roe": -2.55,
            "roe_4q": -3.7800000000000002,
            "gross_profit": 12631,
            "gross_margin": 4.16,
            "gross_margin_4q_avg": 9.09,
            "net_income": -30180,
            "net_income_4q": null,
            "revenue": 303984,
            "revenue_4q": null,
            "common_shares": 944189,
            "book_valuer_per_share": 12.4,
            "book_valuer_per_share_4q_avg": 12.76,
            "equity": 1170826,
            "current_ratio": 271.97,
            "debt_ratio": 46.27,
            "inventory_turnover_ratio": 0.77,
            "account_receivable_turnover_ratio": null,
            "reinvestment_rate": 238.91,
            "research_to_sale_ratio": null,
            "price_fair": 25.56,
            "eps_avg_yearly": 1.44,
            "eps_latest_yearly": 0.72,
            "eps_growth_yearly": 7.7
        },
        "20063": {
            "year_quarter": 20063,
            "year": 2006,
            "quarter": 3,
            "eps": 0,
            "eps_growth_year": -100,
            "eps_4q": -0.68,
            "eps_4q_growth_year": null,
            "roe": -0.03,
            "roe_4q": -5.359999999999999,
            "gross_profit": 13682,
            "gross_margin": 3.41,
            "gross_margin_4q_avg": 7.24,
            "net_income": -359,
            "net_income_4q": null,
            "revenue": 401597,
            "revenue_4q": null,
            "common_shares": 944189,
            "book_valuer_per_share": 12.44,
            "book_valuer_per_share_4q_avg": 12.58,
            "equity": 1174612,
            "current_ratio": 318.33,
            "debt_ratio": 43.78,
            "inventory_turnover_ratio": 1.18,
            "account_receivable_turnover_ratio": null,
            "reinvestment_rate": 283.27,
            "research_to_sale_ratio": null,
            "price_fair": 14.5,
            "eps_avg_yearly": 1.45,
            "eps_latest_yearly": 0.72,
            "eps_growth_yearly": 0.33
        },
        "20064": {
            "year_quarter": 20064,
            "year": 2006,
            "quarter": 4,
            "eps": -0.7,
            "eps_growth_year": null,
            "eps_4q": -1.02,
            "eps_4q_growth_year": null,
            "roe": -5.76,
            "roe_4q": -8.27,
            "gross_profit": 8786,
            "gross_margin": 2.7,
            "gross_margin_4q_avg": 5.08,
            "net_income": -65853,
            "net_income_4q": null,
            "revenue": 325071,
            "revenue_4q": null,
            "common_shares": 944189,
            "book_valuer_per_share": 11.76,
            "book_valuer_per_share_4q_avg": 12.33,
            "equity": 1109974,
            "current_ratio": 377.37,
            "debt_ratio": 42.3,
            "inventory_turnover_ratio": 1.21,
            "account_receivable_turnover_ratio": null,
            "reinvestment_rate": 2562.19,
            "research_to_sale_ratio": null,
            "price_fair": 20.03,
            "eps_avg_yearly": 1.47,
            "eps_latest_yearly": 0.72,
            "eps_growth_yearly": 3.64
        },
        "20071": {
            "year_quarter": 20071,
            "year": 2007,
            "quarter": 1,
            "eps": -0.13,
            "eps_growth_year": -1400,
            "eps_4q": -1.18,
            "eps_4q_growth_year": null,
            "roe": -1.08,
            "roe_4q": -9.42,
            "gross_profit": 20423,
            "gross_margin": 6.61,
            "gross_margin_4q_avg": 4.22,
            "net_income": -11928,
            "net_income_4q": null,
            "revenue": 308947,
            "revenue_4q": null,
            "common_shares": 944189,
            "book_valuer_per_share": 11.65,
            "book_valuer_per_share_4q_avg": 12.06,
            "equity": 1100267,
            "current_ratio": 325.25,
            "debt_ratio": 44.69,
            "inventory_turnover_ratio": 1.15,
            "account_receivable_turnover_ratio": null,
            "reinvestment_rate": null,
            "research_to_sale_ratio": null,
            "price_fair": 21.27,
            "eps_avg_yearly": 1.49,
            "eps_latest_yearly": 0.72,
            "eps_growth_yearly": 4.24
        },
        "20072": {
            "year_quarter": 20072,
            "year": 2007,
            "quarter": 2,
            "eps": -0.04,
            "eps_growth_year": null,
            "eps_4q": -0.87,
            "eps_4q_growth_year": null,
            "roe": -0.36,
            "roe_4q": -7.2299999999999995,
            "gross_profit": -10426,
            "gross_margin": -2.92,
            "gross_margin_4q_avg": 2.45,
            "net_income": -4012,
            "net_income_4q": null,
            "revenue": 356793,
            "revenue_4q": null,
            "common_shares": 944189,
            "book_valuer_per_share": 11.63,
            "book_valuer_per_share_4q_avg": 11.87,
            "equity": 1097869,
            "current_ratio": 355.31,
            "debt_ratio": 43.87,
            "inventory_turnover_ratio": 1.37,
            "account_receivable_turnover_ratio": null,
            "reinvestment_rate": null,
            "research_to_sale_ratio": null,
            "price_fair": 4.2,
            "eps_avg_yearly": 1.4,
            "eps_latest_yearly": 0.72,
            "eps_growth_yearly": -33.7
        },
        "20073": {
            "year_quarter": 20073,
            "year": 2007,
            "quarter": 3,
            "eps": -0.03,
            "eps_growth_year": null,
            "eps_4q": -0.9,
            "eps_4q_growth_year": null,
            "roe": -0.26,
            "roe_4q": -7.46,
            "gross_profit": 20349,
            "gross_margin": 5.35,
            "gross_margin_4q_avg": 2.94,
            "net_income": -2817,
            "net_income_4q": null,
            "revenue": 380153,
            "revenue_4q": null,
            "common_shares": 944189,
            "book_valuer_per_share": 11.61,
            "book_valuer_per_share_4q_avg": 11.66,
            "equity": 1096149,
            "current_ratio": 235.71,
            "debt_ratio": 50.19,
            "inventory_turnover_ratio": 1.2,
            "account_receivable_turnover_ratio": null,
            "reinvestment_rate": null,
            "research_to_sale_ratio": null,
            "price_fair": 4.11,
            "eps_avg_yearly": 1.37,
            "eps_latest_yearly": 0.72,
            "eps_growth_yearly": -19.67
        },
        "20074": {
            "year_quarter": 20074,
            "year": 2007,
            "quarter": 4,
            "eps": -0.11,
            "eps_growth_year": null,
            "eps_4q": -0.31,
            "eps_4q_growth_year": null,
            "roe": -0.94,
            "roe_4q": -2.64,
            "gross_profit": 15621,
            "gross_margin": 4.02,
            "gross_margin_4q_avg": 3.27,
            "net_income": -10221,
            "net_income_4q": null,
            "revenue": 388611,
            "revenue_4q": null,
            "common_shares": 944189,
            "book_valuer_per_share": 11.52,
            "book_valuer_per_share_4q_avg": 11.6,
            "equity": 1087551,
            "current_ratio": 214.12,
            "debt_ratio": 50.62,
            "inventory_turnover_ratio": 0.96,
            "account_receivable_turnover_ratio": null,
            "reinvestment_rate": null,
            "research_to_sale_ratio": null,
            "price_fair": 4.2,
            "eps_avg_yearly": 1.4,
            "eps_latest_yearly": 0.72,
            "eps_growth_yearly": -5.18
        },
        "20081": {
            "year_quarter": 20081,
            "year": 2008,
            "quarter": 1,
            "eps": -0.32,
            "eps_growth_year": null,
            "eps_4q": -0.5,
            "eps_4q_growth_year": null,
            "roe": -2.78,
            "roe_4q": -4.34,
            "gross_profit": 32516,
            "gross_margin": 9.59,
            "gross_margin_4q_avg": 4.01,
            "net_income": -29680,
            "net_income_4q": null,
            "revenue": 339161,
            "revenue_4q": null,
            "common_shares": 944189,
            "book_valuer_per_share": 11.1,
            "book_valuer_per_share_4q_avg": 11.47,
            "equity": 1048219,
            "current_ratio": 218.85,
            "debt_ratio": 52.01,
            "inventory_turnover_ratio": 0.64,
            "account_receivable_turnover_ratio": null,
            "reinvestment_rate": null,
            "research_to_sale_ratio": null,
            "price_fair": 2.76,
            "eps_avg_yearly": 0.92,
            "eps_latest_yearly": 0.72,
            "eps_growth_yearly": -176.51
        },
        "20082": {
            "year_quarter": 20082,
            "year": 2008,
            "quarter": 2,
            "eps": 0.1,
            "eps_growth_year": null,
            "eps_4q": -0.37,
            "eps_4q_growth_year": null,
            "roe": 0.86,
            "roe_4q": -3.12,
            "gross_profit": 25008,
            "gross_margin": 6.13,
            "gross_margin_4q_avg": 6.27,
            "net_income": 9107,
            "net_income_4q": null,
            "revenue": 408202,
            "revenue_4q": null,
            "common_shares": 944189,
            "book_valuer_per_share": 11.23,
            "book_valuer_per_share_4q_avg": 11.37,
            "equity": 1060067,
            "current_ratio": 259.05,
            "debt_ratio": 48.51,
            "inventory_turnover_ratio": 0.81,
            "account_receivable_turnover_ratio": null,
            "reinvestment_rate": null,
            "research_to_sale_ratio": null,
            "price_fair": 2.16,
            "eps_avg_yearly": 0.72,
            "eps_latest_yearly": 0.72,
            "eps_growth_yearly": -142.86
        },
        "20083": {
            "year_quarter": 20083,
            "year": 2008,
            "quarter": 3,
            "eps": 0.08,
            "eps_growth_year": null,
            "eps_4q": -0.25,
            "eps_4q_growth_year": null,
            "roe": 0.7,
            "roe_4q": -2.1599999999999997,
            "gross_profit": 7215,
            "gross_margin": 1.87,
            "gross_margin_4q_avg": 5.4,
            "net_income": 7411,
            "net_income_4q": null,
            "revenue": 385291,
            "revenue_4q": null,
            "common_shares": 944189,
            "book_valuer_per_share": 11.34,
            "book_valuer_per_share_4q_avg": 11.3,
            "equity": 1070533,
            "current_ratio": 218.04,
            "debt_ratio": 49.13,
            "inventory_turnover_ratio": 0.88,
            "account_receivable_turnover_ratio": null,
            "reinvestment_rate": null,
            "research_to_sale_ratio": null,
            "price_fair": 0.96,
            "eps_avg_yearly": 0.32,
            "eps_latest_yearly": 0.32,
            "eps_growth_yearly": -80
        },
        "20084": {
            "year_quarter": 20084,
            "year": 2008,
            "quarter": 4,
            "eps": -0.53,
            "eps_growth_year": null,
            "eps_4q": -0.67,
            "eps_4q_growth_year": null,
            "roe": -4.64,
            "roe_4q": -5.859999999999999,
            "gross_profit": -6893,
            "gross_margin": -3.86,
            "gross_margin_4q_avg": 3.43,
            "net_income": -48672,
            "net_income_4q": null,
            "revenue": 178533,
            "revenue_4q": null,
            "common_shares": 944189,
            "book_valuer_per_share": 10.86,
            "book_valuer_per_share_4q_avg": 11.13,
            "equity": 1025670,
            "current_ratio": 228.21,
            "debt_ratio": 48.45,
            "inventory_turnover_ratio": 0.4,
            "account_receivable_turnover_ratio": 0.86,
            "reinvestment_rate": null,
            "research_to_sale_ratio": null,
            "price_fair": 0.96,
            "eps_avg_yearly": 0.32,
            "eps_latest_yearly": 0.32,
            "eps_growth_yearly": -80
        },
        "20091": {
            "year_quarter": 20091,
            "year": 2009,
            "quarter": 1,
            "eps": -0.09,
            "eps_growth_year": null,
            "eps_4q": -0.43,
            "eps_4q_growth_year": null,
            "roe": -0.77,
            "roe_4q": -3.85,
            "gross_profit": -13847,
            "gross_margin": -5.63,
            "gross_margin_4q_avg": -0.37,
            "net_income": -7874,
            "net_income_4q": null,
            "revenue": 245897,
            "revenue_4q": null,
            "common_shares": 936789,
            "book_valuer_per_share": 10.92,
            "book_valuer_per_share_4q_avg": 11.09,
            "equity": 1022962,
            "current_ratio": 236.24,
            "debt_ratio": 41.74,
            "inventory_turnover_ratio": 0.6,
            "account_receivable_turnover_ratio": 0.62,
            "reinvestment_rate": null,
            "research_to_sale_ratio": null,
            "price_fair": 0.96,
            "eps_avg_yearly": 0.32,
            "eps_latest_yearly": 0.32,
            "eps_growth_yearly": -80
        },
        "20092": {
            "year_quarter": 20092,
            "year": 2009,
            "quarter": 2,
            "eps": -0.57,
            "eps_growth_year": -670,
            "eps_4q": -1.08,
            "eps_4q_growth_year": null,
            "roe": -5.21,
            "roe_4q": -9.920000000000002,
            "gross_profit": -18917,
            "gross_margin": -5.71,
            "gross_margin_4q_avg": -3.33,
            "net_income": -51825,
            "net_income_4q": null,
            "revenue": 331091,
            "revenue_4q": null,
            "common_shares": 936789,
            "book_valuer_per_share": 10.31,
            "book_valuer_per_share_4q_avg": 10.86,
            "equity": 965518,
            "current_ratio": 219.09,
            "debt_ratio": 44.41,
            "inventory_turnover_ratio": 0.99,
            "account_receivable_turnover_ratio": 0.79,
            "reinvestment_rate": null,
            "research_to_sale_ratio": null,
            "price_fair": 0.96,
            "eps_avg_yearly": 0.32,
            "eps_latest_yearly": 0.32,
            "eps_growth_yearly": -80
        },
        "20093": {
            "year_quarter": 20093,
            "year": 2009,
            "quarter": 3,
            "eps": -0.22,
            "eps_growth_year": -375,
            "eps_4q": -1.37,
            "eps_4q_growth_year": null,
            "roe": -2.07,
            "roe_4q": -12.689999999999998,
            "gross_profit": 11094,
            "gross_margin": 2.78,
            "gross_margin_4q_avg": -3.11,
            "net_income": -19725,
            "net_income_4q": null,
            "revenue": 399423,
            "revenue_4q": null,
            "common_shares": 936789,
            "book_valuer_per_share": 10.06,
            "book_valuer_per_share_4q_avg": 10.54,
            "equity": 942389,
            "current_ratio": 205.96,
            "debt_ratio": 48.66,
            "inventory_turnover_ratio": 1.38,
            "account_receivable_turnover_ratio": 0.75,
            "reinvestment_rate": null,
            "research_to_sale_ratio": null,
            "price_fair": 0.96,
            "eps_avg_yearly": 0.32,
            "eps_latest_yearly": 0.32,
            "eps_growth_yearly": -80
        },
        "20094": {
            "year_quarter": 20094,
            "year": 2009,
            "quarter": 4,
            "eps": -0.38,
            "eps_growth_year": null,
            "eps_4q": -1.25,
            "eps_4q_growth_year": null,
            "roe": -3.77,
            "roe_4q": -11.82,
            "gross_profit": 25789,
            "gross_margin": 7.71,
            "gross_margin_4q_avg": -0.21,
            "net_income": -34908,
            "net_income_4q": null,
            "revenue": 334297,
            "revenue_4q": null,
            "common_shares": 936789,
            "book_valuer_per_share": 9.9,
            "book_valuer_per_share_4q_avg": 10.3,
            "equity": 907636,
            "current_ratio": 173.88,
            "debt_ratio": 46.68,
            "inventory_turnover_ratio": 1.27,
            "account_receivable_turnover_ratio": 1.28,
            "reinvestment_rate": null,
            "research_to_sale_ratio": null,
            "price_fair": 0.96,
            "eps_avg_yearly": 0.32,
            "eps_latest_yearly": 0.32,
            "eps_growth_yearly": -80
        },
        "20101": {
            "year_quarter": 20101,
            "year": 2010,
            "quarter": 1,
            "eps": 0.26,
            "eps_growth_year": null,
            "eps_4q": -0.87,
            "eps_4q_growth_year": null,
            "roe": 2.66,
            "roe_4q": -8.39,
            "gross_profit": 29856,
            "gross_margin": 7.89,
            "gross_margin_4q_avg": 3.17,
            "net_income": 24651,
            "net_income_4q": null,
            "revenue": 378455,
            "revenue_4q": null,
            "common_shares": 936789,
            "book_valuer_per_share": 10.12,
            "book_valuer_per_share_4q_avg": 10.1,
            "equity": 948015,
            "current_ratio": 137.11,
            "debt_ratio": 43.72,
            "inventory_turnover_ratio": 1.29,
            "account_receivable_turnover_ratio": 0.73,
            "reinvestment_rate": null,
            "research_to_sale_ratio": 0.66,
            "price_fair": 0.96,
            "eps_avg_yearly": 0.32,
            "eps_latest_yearly": 0.32,
            "eps_growth_yearly": -80
        },
        "20102": {
            "year_quarter": 20102,
            "year": 2010,
            "quarter": 2,
            "eps": 0.48,
            "eps_growth_year": null,
            "eps_4q": 0.16,
            "eps_4q_growth_year": null,
            "roe": 4.64,
            "roe_4q": 1.46,
            "gross_profit": 36154,
            "gross_margin": 8.44,
            "gross_margin_4q_avg": 6.71,
            "net_income": 45274,
            "net_income_4q": null,
            "revenue": 428193,
            "revenue_4q": null,
            "common_shares": 936789,
            "book_valuer_per_share": 10.7,
            "book_valuer_per_share_4q_avg": 10.2,
            "equity": 1002286,
            "current_ratio": 137.11,
            "debt_ratio": 45.41,
            "inventory_turnover_ratio": 1.48,
            "account_receivable_turnover_ratio": 0.77,
            "reinvestment_rate": null,
            "research_to_sale_ratio": 0.45,
            "price_fair": 39.2,
            "eps_avg_yearly": 1.12,
            "eps_latest_yearly": 1.92,
            "eps_growth_yearly": 129.23
        },
        "20103": {
            "year_quarter": 20103,
            "year": 2010,
            "quarter": 3,
            "eps": 0.46,
            "eps_growth_year": null,
            "eps_4q": 0.83,
            "eps_4q_growth_year": null,
            "roe": 4.19,
            "roe_4q": 7.720000000000001,
            "gross_profit": 56350,
            "gross_margin": 11.81,
            "gross_margin_4q_avg": 8.96,
            "net_income": 42716,
            "net_income_4q": null,
            "revenue": 476971,
            "revenue_4q": null,
            "common_shares": 936789,
            "book_valuer_per_share": 11.06,
            "book_valuer_per_share_4q_avg": 10.45,
            "equity": 1035934,
            "current_ratio": 130.62,
            "debt_ratio": 46.47,
            "inventory_turnover_ratio": 1.45,
            "account_receivable_turnover_ratio": 0.79,
            "reinvestment_rate": null,
            "research_to_sale_ratio": 0.4,
            "price_fair": 47.6,
            "eps_avg_yearly": 1.36,
            "eps_latest_yearly": 1.84,
            "eps_growth_yearly": 80.6
        },
        "20104": {
            "year_quarter": 20104,
            "year": 2010,
            "quarter": 4,
            "eps": 0.23,
            "eps_growth_year": null,
            "eps_4q": 1.44,
            "eps_4q_growth_year": null,
            "roe": 2.12,
            "roe_4q": 13.61,
            "gross_profit": 48817,
            "gross_margin": 11.36,
            "gross_margin_4q_avg": 9.88,
            "net_income": 21933,
            "net_income_4q": null,
            "revenue": 429627,
            "revenue_4q": null,
            "common_shares": 936789,
            "book_valuer_per_share": 11.06,
            "book_valuer_per_share_4q_avg": 10.74,
            "equity": 1036326,
            "current_ratio": 161.69,
            "debt_ratio": 49.44,
            "inventory_turnover_ratio": 1.13,
            "account_receivable_turnover_ratio": 0.76,
            "reinvestment_rate": null,
            "research_to_sale_ratio": 0.56,
            "price_fair": 25.56,
            "eps_avg_yearly": 1.25,
            "eps_latest_yearly": 0.92,
            "eps_growth_yearly": 10.45
        },
        "20111": {
            "year_quarter": 20111,
            "year": 2011,
            "quarter": 1,
            "eps": 0.94,
            "eps_growth_year": 261.54,
            "eps_4q": 2.12,
            "eps_4q_growth_year": null,
            "roe": 8.15,
            "roe_4q": 19.1,
            "gross_profit": 69393,
            "gross_margin": 13.7,
            "gross_margin_4q_avg": 11.33,
            "net_income": 88355,
            "net_income_4q": null,
            "revenue": 506633,
            "revenue_4q": null,
            "common_shares": 936789,
            "book_valuer_per_share": 12.08,
            "book_valuer_per_share_4q_avg": 11.23,
            "equity": 1131433,
            "current_ratio": 165.94,
            "debt_ratio": 48.35,
            "inventory_turnover_ratio": 1.28,
            "account_receivable_turnover_ratio": 0.9,
            "reinvestment_rate": 765.8,
            "research_to_sale_ratio": 0.49,
            "price_fair": 61.32,
            "eps_avg_yearly": 1.75,
            "eps_latest_yearly": 3.76,
            "eps_growth_yearly": 255.32
        },
        "20112": {
            "year_quarter": 20112,
            "year": 2011,
            "quarter": 2,
            "eps": 1.27,
            "eps_growth_year": 163.67,
            "eps_4q": 2.91,
            "eps_4q_growth_year": 1681.19,
            "roe": 10.23,
            "roe_4q": 24.690000000000005,
            "gross_profit": 106160,
            "gross_margin": 14.62,
            "gross_margin_4q_avg": 12.87,
            "net_income": 119375,
            "net_income_4q": null,
            "revenue": 726065,
            "revenue_4q": null,
            "common_shares": 936789,
            "book_valuer_per_share": 12.84,
            "book_valuer_per_share_4q_avg": 11.76,
            "equity": 1202522,
            "current_ratio": 169.29,
            "debt_ratio": 54.76,
            "inventory_turnover_ratio": 1.74,
            "account_receivable_turnover_ratio": 1.01,
            "reinvestment_rate": 293.95,
            "research_to_sale_ratio": 0.43,
            "price_fair": 80.73,
            "eps_avg_yearly": 2.31,
            "eps_latest_yearly": 5.08,
            "eps_growth_yearly": 236.17
        },
        "20113": {
            "year_quarter": 20113,
            "year": 2011,
            "quarter": 3,
            "eps": 0.6,
            "eps_growth_year": 31.66,
            "eps_4q": 2.73,
            "eps_4q_growth_year": 228.41,
            "roe": 4.46,
            "roe_4q": 24.960000000000004,
            "gross_profit": 117357,
            "gross_margin": 17.72,
            "gross_margin_4q_avg": 14.35,
            "net_income": 64891,
            "net_income_4q": null,
            "revenue": 662451,
            "revenue_4q": null,
            "common_shares": 1080789,
            "book_valuer_per_share": 15.81,
            "book_valuer_per_share_4q_avg": 12.95,
            "equity": 1708334,
            "current_ratio": 175.85,
            "debt_ratio": 43.54,
            "inventory_turnover_ratio": 1.36,
            "account_receivable_turnover_ratio": 0.82,
            "reinvestment_rate": 591.73,
            "research_to_sale_ratio": 0.37,
            "price_fair": 81.2,
            "eps_avg_yearly": 2.32,
            "eps_latest_yearly": 2.4,
            "eps_growth_yearly": 172.28
        },
        "20114": {
            "year_quarter": 20114,
            "year": 2011,
            "quarter": 4,
            "eps": 0.01,
            "eps_growth_year": -96.51,
            "eps_4q": 2.53,
            "eps_4q_growth_year": 76.14,
            "roe": 0.05,
            "roe_4q": 22.89,
            "gross_profit": 26969,
            "gross_margin": 7.33,
            "gross_margin_4q_avg": 13.34,
            "net_income": 884,
            "net_income_4q": null,
            "revenue": 367901,
            "revenue_4q": null,
            "common_shares": 1080883,
            "book_valuer_per_share": 15.8,
            "book_valuer_per_share_4q_avg": 14.13,
            "equity": 1707734,
            "current_ratio": 220.49,
            "debt_ratio": 35.52,
            "inventory_turnover_ratio": 0.81,
            "account_receivable_turnover_ratio": 0.55,
            "reinvestment_rate": 548.03,
            "research_to_sale_ratio": 0.61,
            "price_fair": 71.23,
            "eps_avg_yearly": 2.04,
            "eps_latest_yearly": 0.04,
            "eps_growth_yearly": 101.58
        },
        "20121": {
            "year_quarter": 20121,
            "year": 2012,
            "quarter": 1,
            "eps": -0.04,
            "eps_growth_year": -104.26,
            "eps_4q": 1.67,
            "eps_4q_growth_year": -21.1,
            "roe": -0.27,
            "roe_4q": 14.47,
            "gross_profit": 28185,
            "gross_margin": 6.78,
            "gross_margin_4q_avg": 11.61,
            "net_income": -4648,
            "net_income_4q": null,
            "revenue": 415734,
            "revenue_4q": null,
            "common_shares": 1080883,
            "book_valuer_per_share": 15.59,
            "book_valuer_per_share_4q_avg": 15.01,
            "equity": 1684573,
            "current_ratio": 224.07,
            "debt_ratio": 34.11,
            "inventory_turnover_ratio": 0.96,
            "account_receivable_turnover_ratio": 0.79,
            "reinvestment_rate": 157.37,
            "research_to_sale_ratio": 0.5,
            "price_fair": 71.23,
            "eps_avg_yearly": 2.04,
            "eps_latest_yearly": 0.04,
            "eps_growth_yearly": 101.58
        },
        "20122": {
            "year_quarter": 20122,
            "year": 2012,
            "quarter": 2,
            "eps": 0.04,
            "eps_growth_year": -96.97,
            "eps_4q": 0.57,
            "eps_4q_growth_year": -80.32,
            "roe": 0.27,
            "roe_4q": 4.51,
            "gross_profit": 27273,
            "gross_margin": 6.23,
            "gross_margin_4q_avg": 9.52,
            "net_income": 4427,
            "net_income_4q": null,
            "revenue": 437424,
            "revenue_4q": null,
            "common_shares": 1080883,
            "book_valuer_per_share": 14.85,
            "book_valuer_per_share_4q_avg": 15.51,
            "equity": 1605453,
            "current_ratio": 135.77,
            "debt_ratio": 41.35,
            "inventory_turnover_ratio": 1.08,
            "account_receivable_turnover_ratio": 0.82,
            "reinvestment_rate": 195.17,
            "research_to_sale_ratio": 0.56,
            "price_fair": 71.23,
            "eps_avg_yearly": 2.04,
            "eps_latest_yearly": 0.04,
            "eps_growth_yearly": 101.58
        },
        "20123": {
            "year_quarter": 20123,
            "year": 2012,
            "quarter": 3,
            "eps": 0.1,
            "eps_growth_year": -83.49,
            "eps_4q": 0.1,
            "eps_4q_growth_year": -96.15,
            "roe": 0.71,
            "roe_4q": 0.76,
            "gross_profit": 49751,
            "gross_margin": 10.49,
            "gross_margin_4q_avg": 7.71,
            "net_income": 11353,
            "net_income_4q": null,
            "revenue": 474464,
            "revenue_4q": null,
            "common_shares": 1145736,
            "book_valuer_per_share": 14.05,
            "book_valuer_per_share_4q_avg": 15.07,
            "equity": 1609976,
            "current_ratio": 149.52,
            "debt_ratio": 46.31,
            "inventory_turnover_ratio": 1.07,
            "account_receivable_turnover_ratio": 0.84,
            "reinvestment_rate": 662.11,
            "research_to_sale_ratio": 0.35,
            "price_fair": 71.58,
            "eps_avg_yearly": 2.05,
            "eps_latest_yearly": 0.4,
            "eps_growth_yearly": 186.58
        },
        "20124": {
            "year_quarter": 20124,
            "year": 2012,
            "quarter": 4,
            "eps": 0.28,
            "eps_growth_year": 3378.72,
            "eps_4q": 0.38,
            "eps_4q_growth_year": -84.92,
            "roe": 2,
            "roe_4q": 2.71,
            "gross_profit": 44518,
            "gross_margin": 9.87,
            "gross_margin_4q_avg": 8.34,
            "net_income": 32595,
            "net_income_4q": null,
            "revenue": 451088,
            "revenue_4q": null,
            "common_shares": 1145736,
            "book_valuer_per_share": 14.38,
            "book_valuer_per_share_4q_avg": 14.72,
            "equity": 1647899,
            "current_ratio": 137.13,
            "debt_ratio": 44.6,
            "inventory_turnover_ratio": 0.96,
            "account_receivable_turnover_ratio": 0.78,
            "reinvestment_rate": 524.13,
            "research_to_sale_ratio": 0.49,
            "price_fair": 67.98,
            "eps_avg_yearly": 1.94,
            "eps_latest_yearly": 1.12,
            "eps_growth_yearly": 245.85
        },
        "20131": {
            "year_quarter": 20131,
            "year": 2013,
            "quarter": 1,
            "eps": 0.1,
            "eps_growth_year": null,
            "eps_4q": 0.52,
            "eps_4q_growth_year": -68.67,
            "roe": 0.69,
            "roe_4q": 3.67,
            "gross_profit": 19707,
            "gross_margin": 4.92,
            "gross_margin_4q_avg": 7.88,
            "net_income": 11566,
            "net_income_4q": null,
            "revenue": 400704,
            "revenue_4q": null,
            "common_shares": 1145736,
            "book_valuer_per_share": 14.7,
            "book_valuer_per_share_4q_avg": 14.5,
            "equity": 1683761,
            "current_ratio": 128.05,
            "debt_ratio": 46.03,
            "inventory_turnover_ratio": 0.87,
            "account_receivable_turnover_ratio": 0.69,
            "reinvestment_rate": 218.78,
            "research_to_sale_ratio": 0.52,
            "price_fair": 62.58,
            "eps_avg_yearly": 1.79,
            "eps_latest_yearly": 0.4,
            "eps_growth_yearly": 195.55
        },
        "20132": {
            "year_quarter": 20132,
            "year": 2013,
            "quarter": 2,
            "eps": -0.02,
            "eps_growth_year": -151.76,
            "eps_4q": 0.46,
            "eps_4q_growth_year": -18.96,
            "roe": -0.14,
            "roe_4q": 3.26,
            "gross_profit": 26567,
            "gross_margin": 5.47,
            "gross_margin_4q_avg": 7.69,
            "net_income": -2392,
            "net_income_4q": null,
            "revenue": 486068,
            "revenue_4q": null,
            "common_shares": 1145736,
            "book_valuer_per_share": 14.36,
            "book_valuer_per_share_4q_avg": 14.37,
            "equity": 1645029,
            "current_ratio": 132.33,
            "debt_ratio": 48.4,
            "inventory_turnover_ratio": 0.97,
            "account_receivable_turnover_ratio": 0.82,
            "reinvestment_rate": 212.3,
            "research_to_sale_ratio": 0.3,
            "price_fair": 62.58,
            "eps_avg_yearly": 1.79,
            "eps_latest_yearly": 0.4,
            "eps_growth_yearly": 195.55
        },
        "20133": {
            "year_quarter": 20133,
            "year": 2013,
            "quarter": 3,
            "eps": -0.52,
            "eps_growth_year": -624.78,
            "eps_4q": -0.16,
            "eps_4q_growth_year": -248.08,
            "roe": -3.7,
            "roe_4q": -1.1500000000000004,
            "gross_profit": 27801,
            "gross_margin": 6.58,
            "gross_margin_4q_avg": 6.71,
            "net_income": -59562,
            "net_income_4q": null,
            "revenue": 422501,
            "revenue_4q": null,
            "common_shares": 1145736,
            "book_valuer_per_share": 13.71,
            "book_valuer_per_share_4q_avg": 14.29,
            "equity": 1571156,
            "current_ratio": 127.45,
            "debt_ratio": 49.54,
            "inventory_turnover_ratio": 0.89,
            "account_receivable_turnover_ratio": 0.71,
            "reinvestment_rate": 261.83,
            "research_to_sale_ratio": 0.72,
            "price_fair": 62.58,
            "eps_avg_yearly": 1.79,
            "eps_latest_yearly": 0.4,
            "eps_growth_yearly": 195.55
        },
        "20134": {
            "year_quarter": 20134,
            "year": 2013,
            "quarter": 4,
            "eps": 0.25,
            "eps_growth_year": -10.72,
            "eps_4q": -0.19,
            "eps_4q_growth_year": -148.68,
            "roe": 1.82,
            "roe_4q": -1.33,
            "gross_profit": 21195,
            "gross_margin": 5.36,
            "gross_margin_4q_avg": 5.58,
            "net_income": 29100,
            "net_income_4q": null,
            "revenue": 395597,
            "revenue_4q": null,
            "common_shares": 1145736,
            "book_valuer_per_share": 14.13,
            "book_valuer_per_share_4q_avg": 14.23,
            "equity": 1619239,
            "current_ratio": 123.77,
            "debt_ratio": 46.34,
            "inventory_turnover_ratio": 0.94,
            "account_receivable_turnover_ratio": 0.72,
            "reinvestment_rate": 185.18,
            "research_to_sale_ratio": 0.57,
            "price_fair": 62.58,
            "eps_avg_yearly": 1.79,
            "eps_latest_yearly": 0.4,
            "eps_growth_yearly": 195.55
        },
        "20141": {
            "year_quarter": 20141,
            "year": 2014,
            "quarter": 1,
            "eps": -0.22,
            "eps_growth_year": -320,
            "eps_4q": -0.51,
            "eps_4q_growth_year": -197.71,
            "roe": -1.6,
            "roe_4q": -3.6200000000000006,
            "gross_profit": 19097,
            "gross_margin": 4.48,
            "gross_margin_4q_avg": 5.47,
            "net_income": -25713,
            "net_income_4q": null,
            "revenue": 426445,
            "revenue_4q": null,
            "common_shares": 1145736,
            "book_valuer_per_share": 13.88,
            "book_valuer_per_share_4q_avg": 14.02,
            "equity": 1590600,
            "current_ratio": 137.51,
            "debt_ratio": 50.3,
            "inventory_turnover_ratio": 1.04,
            "account_receivable_turnover_ratio": 0.78,
            "reinvestment_rate": 282.74,
            "research_to_sale_ratio": 0.44,
            "price_fair": 62.58,
            "eps_avg_yearly": 1.79,
            "eps_latest_yearly": 0.4,
            "eps_growth_yearly": 195.55
        },
        "20142": {
            "year_quarter": 20142,
            "year": 2014,
            "quarter": 2,
            "eps": 0.02,
            "eps_growth_year": null,
            "eps_4q": -0.47,
            "eps_4q_growth_year": -200.87,
            "roe": 0.16,
            "roe_4q": -3.3200000000000003,
            "gross_profit": 51640,
            "gross_margin": 10.23,
            "gross_margin_4q_avg": 6.66,
            "net_income": 2591,
            "net_income_4q": null,
            "revenue": 504730,
            "revenue_4q": null,
            "common_shares": 1145736,
            "book_valuer_per_share": 13.65,
            "book_valuer_per_share_4q_avg": 13.84,
            "equity": 1564195,
            "current_ratio": 129.15,
            "debt_ratio": 52.48,
            "inventory_turnover_ratio": 1.07,
            "account_receivable_turnover_ratio": 0.83,
            "reinvestment_rate": 202.85,
            "research_to_sale_ratio": 0.38,
            "price_fair": 62.07,
            "eps_avg_yearly": 1.77,
            "eps_latest_yearly": 0.4,
            "eps_growth_yearly": 179.67
        },
        "20143": {
            "year_quarter": 20143,
            "year": 2014,
            "quarter": 3,
            "eps": 0.31,
            "eps_growth_year": null,
            "eps_4q": 0.36,
            "eps_4q_growth_year": null,
            "roe": 2.22,
            "roe_4q": 2.6000000000000005,
            "gross_profit": 49327,
            "gross_margin": 9.99,
            "gross_margin_4q_avg": 7.52,
            "net_income": 35439,
            "net_income_4q": null,
            "revenue": 493866,
            "revenue_4q": null,
            "common_shares": 1145736,
            "book_valuer_per_share": 14.17,
            "book_valuer_per_share_4q_avg": 13.96,
            "equity": 1623891,
            "current_ratio": 129.44,
            "debt_ratio": 51.06,
            "inventory_turnover_ratio": 0.92,
            "account_receivable_turnover_ratio": 0.75,
            "reinvestment_rate": 165.2,
            "research_to_sale_ratio": 0.33,
            "price_fair": 59.73,
            "eps_avg_yearly": 1.71,
            "eps_latest_yearly": 1.24,
            "eps_growth_yearly": 825.97
        },
        "20144": {
            "year_quarter": 20144,
            "year": 2014,
            "quarter": 4,
            "eps": 0.15,
            "eps_growth_year": -39.63,
            "eps_4q": 0.26,
            "eps_4q_growth_year": null,
            "roe": 1.07,
            "roe_4q": 1.85,
            "gross_profit": 34888,
            "gross_margin": 7.73,
            "gross_margin_4q_avg": 8.11,
            "net_income": 17567,
            "net_income_4q": null,
            "revenue": 451061,
            "revenue_4q": null,
            "common_shares": 1145736,
            "book_valuer_per_share": 14.59,
            "book_valuer_per_share_4q_avg": 14.07,
            "equity": 1671949,
            "current_ratio": 129.71,
            "debt_ratio": 49.01,
            "inventory_turnover_ratio": 0.79,
            "account_receivable_turnover_ratio": 0.72,
            "reinvestment_rate": 140.09,
            "research_to_sale_ratio": 0.32,
            "price_fair": 58.49,
            "eps_avg_yearly": 1.67,
            "eps_latest_yearly": 0.6,
            "eps_growth_yearly": 825.25
        },
        "20151": {
            "year_quarter": 20151,
            "year": 2015,
            "quarter": 1,
            "eps": 0.02,
            "eps_growth_year": null,
            "eps_4q": 0.5,
            "eps_4q_growth_year": null,
            "roe": 0.12,
            "roe_4q": 3.5700000000000003,
            "gross_profit": 52438,
            "gross_margin": 10.51,
            "gross_margin_4q_avg": 9.62,
            "net_income": 2036,
            "net_income_4q": null,
            "revenue": 499108,
            "revenue_4q": null,
            "common_shares": 1145736,
            "book_valuer_per_share": 14.53,
            "book_valuer_per_share_4q_avg": 14.24,
            "equity": 1664852,
            "current_ratio": 132.2,
            "debt_ratio": 48.7,
            "inventory_turnover_ratio": 0.89,
            "account_receivable_turnover_ratio": 0.82,
            "reinvestment_rate": 299.96,
            "research_to_sale_ratio": 0.22,
            "price_fair": 44.18,
            "eps_avg_yearly": 1.26,
            "eps_latest_yearly": 0.08,
            "eps_growth_yearly": 649.53
        },
        "20152": {
            "year_quarter": 20152,
            "year": 2015,
            "quarter": 2,
            "eps": 0.13,
            "eps_growth_year": 550,
            "eps_4q": 0.61,
            "eps_4q_growth_year": null,
            "roe": 0.88,
            "roe_4q": 4.290000000000001,
            "gross_profit": 54706,
            "gross_margin": 10.66,
            "gross_margin_4q_avg": 9.72,
            "net_income": 14657,
            "net_income_4q": null,
            "revenue": 513166,
            "revenue_4q": null,
            "common_shares": 1145736,
            "book_valuer_per_share": 14.32,
            "book_valuer_per_share_4q_avg": 14.4,
            "equity": 1665461,
            "current_ratio": 134.62,
            "debt_ratio": 50.11,
            "inventory_turnover_ratio": 1,
            "account_receivable_turnover_ratio": 0.79,
            "reinvestment_rate": 230.5,
            "research_to_sale_ratio": 0.12,
            "price_fair": 26.44,
            "eps_avg_yearly": 0.76,
            "eps_latest_yearly": 0.52,
            "eps_growth_yearly": 878.38
        },
        "20153": {
            "year_quarter": 20153,
            "year": 2015,
            "quarter": 3,
            "eps": 0.26,
            "eps_growth_year": -16.13,
            "eps_4q": 0.51,
            "eps_4q_growth_year": 40.77,
            "roe": 1.77,
            "roe_4q": 3.84,
            "gross_profit": 70367,
            "gross_margin": 14.29,
            "gross_margin_4q_avg": 10.8,
            "net_income": 34698,
            "net_income_4q": null,
            "revenue": 492542,
            "revenue_4q": null,
            "common_shares": 1378705,
            "book_valuer_per_share": 15.27,
            "book_valuer_per_share_4q_avg": 14.68,
            "equity": 2264070,
            "current_ratio": 163.56,
            "debt_ratio": 39.12,
            "inventory_turnover_ratio": 0.96,
            "account_receivable_turnover_ratio": 0.74,
            "reinvestment_rate": -341.3,
            "research_to_sale_ratio": 0.34,
            "price_fair": 21.16,
            "eps_avg_yearly": 0.6,
            "eps_latest_yearly": 1.04,
            "eps_growth_yearly": 946.27
        },
        "20154": {
            "year_quarter": 20154,
            "year": 2015,
            "quarter": 4,
            "eps": -0.03,
            "eps_growth_year": -121.56,
            "eps_4q": 0.35,
            "eps_4q_growth_year": 32.92,
            "roe": -0.15,
            "roe_4q": 2.62,
            "gross_profit": 70292,
            "gross_margin": 16.19,
            "gross_margin_4q_avg": 12.91,
            "net_income": -3257,
            "net_income_4q": null,
            "revenue": 434283,
            "revenue_4q": null,
            "common_shares": 1378705,
            "book_valuer_per_share": 14.88,
            "book_valuer_per_share_4q_avg": 14.75,
            "equity": 2205896,
            "current_ratio": 144.02,
            "debt_ratio": 39.53,
            "inventory_turnover_ratio": 0.81,
            "account_receivable_turnover_ratio": 0.7,
            "reinvestment_rate": -473.25,
            "research_to_sale_ratio": 0.19,
            "price_fair": 23.63,
            "eps_avg_yearly": 0.68,
            "eps_latest_yearly": 1.04,
            "eps_growth_yearly": 1113.72
        },
        "20161": {
            "year_quarter": 20161,
            "year": 2016,
            "quarter": 1,
            "eps": 0.08,
            "eps_growth_year": 300,
            "eps_4q": 0.42,
            "eps_4q_growth_year": -17,
            "roe": 0.57,
            "roe_4q": 3.07,
            "gross_profit": 72914,
            "gross_margin": 14.75,
            "gross_margin_4q_avg": 13.97,
            "net_income": 12795,
            "net_income_4q": null,
            "revenue": 494199,
            "revenue_4q": null,
            "common_shares": 1378705,
            "book_valuer_per_share": 14.9,
            "book_valuer_per_share_4q_avg": 14.84,
            "equity": 2276541,
            "current_ratio": 151.39,
            "debt_ratio": 37.55,
            "inventory_turnover_ratio": 0.89,
            "account_receivable_turnover_ratio": 0.8,
            "reinvestment_rate": 338.92,
            "research_to_sale_ratio": 0.1,
            "price_fair": 23.63,
            "eps_avg_yearly": 0.68,
            "eps_latest_yearly": 1.04,
            "eps_growth_yearly": 1113.72
        },
        "20162": {
            "year_quarter": 20162,
            "year": 2016,
            "quarter": 2,
            "eps": 0.01,
            "eps_growth_year": -92.31,
            "eps_4q": 0.32,
            "eps_4q_growth_year": -48.06,
            "roe": 0.19,
            "roe_4q": 2.38,
            "gross_profit": 89929,
            "gross_margin": 15.12,
            "gross_margin_4q_avg": 15.09,
            "net_income": 4322,
            "net_income_4q": null,
            "revenue": 594612,
            "revenue_4q": null,
            "common_shares": 1378705,
            "book_valuer_per_share": 14.31,
            "book_valuer_per_share_4q_avg": 14.84,
            "equity": 2194520,
            "current_ratio": 134.64,
            "debt_ratio": 40.91,
            "inventory_turnover_ratio": 1.06,
            "account_receivable_turnover_ratio": 0.86,
            "reinvestment_rate": 278.12,
            "research_to_sale_ratio": 0.14,
            "price_fair": 21.16,
            "eps_avg_yearly": 0.6,
            "eps_latest_yearly": 0.04,
            "eps_growth_yearly": 951.08
        },
        "20163": {
            "year_quarter": 20163,
            "year": 2016,
            "quarter": 3,
            "eps": 0.18,
            "eps_growth_year": -30.77,
            "eps_4q": 0.25,
            "eps_4q_growth_year": -51.63,
            "roe": 1.28,
            "roe_4q": 1.8900000000000001,
            "gross_profit": 93608,
            "gross_margin": 16.2,
            "gross_margin_4q_avg": 15.57,
            "net_income": 27745,
            "net_income_4q": null,
            "revenue": 577936,
            "revenue_4q": null,
            "common_shares": 1378705,
            "book_valuer_per_share": 14.12,
            "book_valuer_per_share_4q_avg": 14.55,
            "equity": 2136276,
            "current_ratio": 154.31,
            "debt_ratio": 41.9,
            "inventory_turnover_ratio": 1.02,
            "account_receivable_turnover_ratio": 0.81,
            "reinvestment_rate": -694.14,
            "research_to_sale_ratio": 0.16,
            "price_fair": 22.4,
            "eps_avg_yearly": 0.64,
            "eps_latest_yearly": 0.72,
            "eps_growth_yearly": 1639.97
        },
        "20164": {
            "year_quarter": 20164,
            "year": 2016,
            "quarter": 4,
            "eps": 0.28,
            "eps_growth_year": null,
            "eps_4q": 0.56,
            "eps_4q_growth_year": 61.42,
            "roe": 1.96,
            "roe_4q": 4,
            "gross_profit": 69282,
            "gross_margin": 11.44,
            "gross_margin_4q_avg": 14.38,
            "net_income": 42192,
            "net_income_4q": null,
            "revenue": 605581,
            "revenue_4q": null,
            "common_shares": 1378705,
            "book_valuer_per_share": 14.23,
            "book_valuer_per_share_4q_avg": 14.39,
            "equity": 2161978,
            "current_ratio": 185.96,
            "debt_ratio": 39.08,
            "inventory_turnover_ratio": 1.11,
            "account_receivable_turnover_ratio": 0.85,
            "reinvestment_rate": -701.27,
            "research_to_sale_ratio": 0.2,
            "price_fair": 22.4,
            "eps_avg_yearly": 0.64,
            "eps_latest_yearly": 1.12,
            "eps_growth_yearly": 1584.66
        },
        "20171": {
            "year_quarter": 20171,
            "year": 2017,
            "quarter": 1,
            "eps": 0.14,
            "eps_growth_year": 75,
            "eps_4q": 0.61,
            "eps_4q_growth_year": 45.77,
            "roe": 1.22,
            "roe_4q": 4.65,
            "gross_profit": 91074,
            "gross_margin": 15.28,
            "gross_margin_4q_avg": 14.51,
            "net_income": 26025,
            "net_income_4q": null,
            "revenue": 596079,
            "revenue_4q": null,
            "common_shares": 1378705,
            "book_valuer_per_share": 13.82,
            "book_valuer_per_share_4q_avg": 14.12,
            "equity": 2102360,
            "current_ratio": 167.16,
            "debt_ratio": 41.96,
            "inventory_turnover_ratio": 1,
            "account_receivable_turnover_ratio": 0.79,
            "reinvestment_rate": 12.49,
            "research_to_sale_ratio": 0.12,
            "price_fair": 23.02,
            "eps_avg_yearly": 0.66,
            "eps_latest_yearly": 0.56,
            "eps_growth_yearly": 1591.01
        },
        "20172": {
            "year_quarter": 20172,
            "year": 2017,
            "quarter": 2,
            "eps": 0.36,
            "eps_growth_year": 3500,
            "eps_4q": 0.96,
            "eps_4q_growth_year": 202.23,
            "roe": 2.74,
            "roe_4q": 7.2,
            "gross_profit": 116915,
            "gross_margin": 16.72,
            "gross_margin_4q_avg": 14.91,
            "net_income": 58427,
            "net_income_4q": null,
            "revenue": 699401,
            "revenue_4q": null,
            "common_shares": 1378705,
            "book_valuer_per_share": 13.94,
            "book_valuer_per_share_4q_avg": 14.03,
            "equity": 2158573,
            "current_ratio": 157.72,
            "debt_ratio": 43.56,
            "inventory_turnover_ratio": 1.13,
            "account_receivable_turnover_ratio": 0.88,
            "reinvestment_rate": -9.92,
            "research_to_sale_ratio": 0.07,
            "price_fair": 25.76,
            "eps_avg_yearly": 0.74,
            "eps_latest_yearly": 1.44,
            "eps_growth_yearly": 1494.77
        },
        "20173": {
            "year_quarter": 20173,
            "year": 2017,
            "quarter": 3,
            "eps": 1.51,
            "eps_growth_year": 738.89,
            "eps_4q": 2.28,
            "eps_4q_growth_year": 824.85,
            "roe": 9.31,
            "roe_4q": 15.23,
            "gross_profit": 126583,
            "gross_margin": 16.79,
            "gross_margin_4q_avg": 15.06,
            "net_income": 212229,
            "net_income_4q": null,
            "revenue": 753699,
            "revenue_4q": null,
            "common_shares": 1378705,
            "book_valuer_per_share": 15.63,
            "book_valuer_per_share_4q_avg": 14.41,
            "equity": 2400201,
            "current_ratio": 187.92,
            "debt_ratio": 35.39,
            "inventory_turnover_ratio": 1.29,
            "account_receivable_turnover_ratio": 0.84,
            "reinvestment_rate": -0.12,
            "research_to_sale_ratio": 0.07,
            "price_fair": 42.64,
            "eps_avg_yearly": 1.22,
            "eps_latest_yearly": 6.04,
            "eps_growth_yearly": 1475.04
        },
        "20174": {
            "year_quarter": 20174,
            "year": 2017,
            "quarter": 4,
            "eps": 0.45,
            "eps_growth_year": 61.62,
            "eps_4q": 2.45,
            "eps_4q_growth_year": 338.3,
            "roe": 2.94,
            "roe_4q": 16.21,
            "gross_profit": 144305,
            "gross_margin": 18.29,
            "gross_margin_4q_avg": 16.77,
            "net_income": 72634,
            "net_income_4q": null,
            "revenue": 789118,
            "revenue_4q": null,
            "common_shares": 1378705,
            "book_valuer_per_share": 16.14,
            "book_valuer_per_share_4q_avg": 14.88,
            "equity": 2536816,
            "current_ratio": 175.68,
            "debt_ratio": 34.88,
            "inventory_turnover_ratio": 1.36,
            "account_receivable_turnover_ratio": 0.84,
            "reinvestment_rate": 10.54,
            "research_to_sale_ratio": 0.06,
            "price_fair": 44.33,
            "eps_avg_yearly": 1.27,
            "eps_latest_yearly": 1.8,
            "eps_growth_yearly": 1328.72
        },
        "20181": {
            "year_quarter": 20181,
            "year": 2018,
            "quarter": 1,
            "eps": 0.57,
            "eps_growth_year": 307.14,
            "eps_4q": 2.89,
            "eps_4q_growth_year": 375.05,
            "roe": 3.58,
            "roe_4q": 18.57,
            "gross_profit": 167145,
            "gross_margin": 20.02,
            "gross_margin_4q_avg": 17.96,
            "net_income": 92953,
            "net_income_4q": null,
            "revenue": 834815,
            "revenue_4q": null,
            "common_shares": 1378705,
            "book_valuer_per_share": 16.9,
            "book_valuer_per_share_4q_avg": 15.65,
            "equity": 2660502,
            "current_ratio": 164.11,
            "debt_ratio": 37.35,
            "inventory_turnover_ratio": 1.25,
            "account_receivable_turnover_ratio": 0.84,
            "reinvestment_rate": 21.04,
            "research_to_sale_ratio": 1.14,
            "price_fair": 47.06,
            "eps_avg_yearly": 1.34,
            "eps_latest_yearly": 2.28,
            "eps_growth_yearly": 1234.72
        },
        "20182": {
            "year_quarter": 20182,
            "year": 2018,
            "quarter": 2,
            "eps": 0.64,
            "eps_growth_year": 77.78,
            "eps_4q": 3.16,
            "eps_4q_growth_year": 230.89,
            "roe": 4.06,
            "roe_4q": 19.89,
            "gross_profit": 175531,
            "gross_margin": 18.41,
            "gross_margin_4q_avg": 18.38,
            "net_income": 104477,
            "net_income_4q": null,
            "revenue": 953404,
            "revenue_4q": null,
            "common_shares": 1378705,
            "book_valuer_per_share": 15.47,
            "book_valuer_per_share_4q_avg": 16.04,
            "equity": 2484304,
            "current_ratio": 140.74,
            "debt_ratio": 47.72,
            "inventory_turnover_ratio": 1.31,
            "account_receivable_turnover_ratio": 0.84,
            "reinvestment_rate": 24.04,
            "research_to_sale_ratio": 1.38,
            "price_fair": 50.1,
            "eps_avg_yearly": 1.43,
            "eps_latest_yearly": 2.56,
            "eps_growth_yearly": 1150.03
        },
        "20183": {
            "year_quarter": 20183,
            "year": 2018,
            "quarter": 3,
            "eps": 0.62,
            "eps_growth_year": -58.94,
            "eps_4q": 2.28,
            "eps_4q_growth_year": 0.02,
            "roe": 3.99,
            "roe_4q": 14.57,
            "gross_profit": 204975,
            "gross_margin": 20.88,
            "gross_margin_4q_avg": 19.4,
            "net_income": 99434,
            "net_income_4q": null,
            "revenue": 981664,
            "revenue_4q": null,
            "common_shares": 1378705,
            "book_valuer_per_share": 15.61,
            "book_valuer_per_share_4q_avg": 16.03,
            "equity": 2505634,
            "current_ratio": 147.19,
            "debt_ratio": 45.89,
            "inventory_turnover_ratio": 1.33,
            "account_receivable_turnover_ratio": 0.85,
            "reinvestment_rate": 11.97,
            "research_to_sale_ratio": 1.07,
            "price_fair": 53.2,
            "eps_avg_yearly": 1.52,
            "eps_latest_yearly": 2.48,
            "eps_growth_yearly": 734.85
        },
        "20184": {
            "year_quarter": 20184,
            "year": 2018,
            "quarter": 4,
            "eps": 0.4,
            "eps_growth_year": -12.14,
            "eps_4q": 2.22,
            "eps_4q_growth_year": -9.35,
            "roe": 2.83,
            "roe_4q": 14.459999999999999,
            "gross_profit": 162537,
            "gross_margin": 21.83,
            "gross_margin_4q_avg": 20.29,
            "net_income": 72056,
            "net_income_4q": null,
            "revenue": 744723,
            "revenue_4q": null,
            "common_shares": 1378705,
            "book_valuer_per_share": 16.1,
            "book_valuer_per_share_4q_avg": 16.02,
            "equity": 2594200,
            "current_ratio": 149.74,
            "debt_ratio": 45.88,
            "inventory_turnover_ratio": 0.87,
            "account_receivable_turnover_ratio": 0.66,
            "reinvestment_rate": 53.08,
            "research_to_sale_ratio": 1.29,
            "price_fair": 55.7,
            "eps_avg_yearly": 1.59,
            "eps_latest_yearly": 1.6,
            "eps_growth_yearly": 739.46
        },
        "20191": {
            "year_quarter": 20191,
            "year": 2019,
            "quarter": 1,
            "eps": 0.39,
            "eps_growth_year": -31.58,
            "eps_4q": 2.05,
            "eps_4q_growth_year": -29.2,
            "roe": 2.37,
            "roe_4q": 13.25,
            "gross_profit": 134895,
            "gross_margin": 18.8,
            "gross_margin_4q_avg": 19.98,
            "net_income": 63120,
            "net_income_4q": null,
            "revenue": 717442,
            "revenue_4q": null,
            "common_shares": 1378705,
            "book_valuer_per_share": 16.91,
            "book_valuer_per_share_4q_avg": 16.02,
            "equity": 2723112,
            "current_ratio": 182.81,
            "debt_ratio": 43.39,
            "inventory_turnover_ratio": 0.74,
            "account_receivable_turnover_ratio": 0.65,
            "reinvestment_rate": 72.19,
            "research_to_sale_ratio": 1.56,
            "price_fair": 59.4,
            "eps_avg_yearly": 1.7,
            "eps_latest_yearly": 1.56,
            "eps_growth_yearly": 763.51
        },
        "20192": {
            "year_quarter": 20192,
            "year": 2019,
            "quarter": 2,
            "eps": 0.12,
            "eps_growth_year": -81.25,
            "eps_4q": 1.53,
            "eps_4q_growth_year": -51.55,
            "roe": 0.82,
            "roe_4q": 10.01,
            "gross_profit": 109324,
            "gross_margin": 14.53,
            "gross_margin_4q_avg": 19.01,
            "net_income": 21333,
            "net_income_4q": null,
            "revenue": 752615,
            "revenue_4q": null,
            "common_shares": 1378705,
            "book_valuer_per_share": 15.33,
            "book_valuer_per_share_4q_avg": 15.99,
            "equity": 2507126,
            "current_ratio": 149,
            "debt_ratio": 47.59,
            "inventory_turnover_ratio": 0.89,
            "account_receivable_turnover_ratio": 0.68,
            "reinvestment_rate": 120.32,
            "research_to_sale_ratio": 1.5,
            "price_fair": 59.3,
            "eps_avg_yearly": 1.69,
            "eps_latest_yearly": 0.48,
            "eps_growth_yearly": 586.59
        },
        "20193": {
            "year_quarter": 20193,
            "year": 2019,
            "quarter": 3,
            "eps": 0.1,
            "eps_growth_year": -83.87,
            "eps_4q": 1.02,
            "eps_4q_growth_year": -55.38,
            "roe": 0.8,
            "roe_4q": 6.82,
            "gross_profit": 112592,
            "gross_margin": 16.53,
            "gross_margin_4q_avg": 17.92,
            "net_income": 19880,
            "net_income_4q": null,
            "revenue": 681300,
            "revenue_4q": null,
            "common_shares": 1363635,
            "book_valuer_per_share": 14.91,
            "book_valuer_per_share_4q_avg": 15.81,
            "equity": 2440564,
            "current_ratio": 162.99,
            "debt_ratio": 44.73,
            "inventory_turnover_ratio": 0.92,
            "account_receivable_turnover_ratio": 0.69,
            "reinvestment_rate": 88.86,
            "research_to_sale_ratio": 1.78,
            "price_fair": 57.7,
            "eps_avg_yearly": 1.65,
            "eps_latest_yearly": 0.4,
            "eps_growth_yearly": 553.25
        },
        "20194": {
            "year_quarter": 20194,
            "year": 2019,
            "quarter": 4,
            "eps": 0.27,
            "eps_growth_year": -31.33,
            "eps_4q": 0.89,
            "eps_4q_growth_year": -59.91,
            "roe": 1.95,
            "roe_4q": 5.9399999999999995,
            "gross_profit": 139429,
            "gross_margin": 18.21,
            "gross_margin_4q_avg": 17.02,
            "net_income": 47749,
            "net_income_4q": null,
            "revenue": 765669,
            "revenue_4q": null,
            "common_shares": 1363635,
            "book_valuer_per_share": 14.99,
            "book_valuer_per_share_4q_avg": 15.54,
            "equity": 2456227,
            "current_ratio": 164.81,
            "debt_ratio": 44.32,
            "inventory_turnover_ratio": 1.07,
            "account_receivable_turnover_ratio": 0.94,
            "reinvestment_rate": 68.27,
            "research_to_sale_ratio": 1.11,
            "price_fair": 56.37,
            "eps_avg_yearly": 1.61,
            "eps_latest_yearly": 1.08,
            "eps_growth_yearly": 561.7
        },
        "20201": {
            "year_quarter": 20201,
            "year": 2020,
            "quarter": 1,
            "eps": 0.3,
            "eps_growth_year": -23.08,
            "eps_4q": 0.8,
            "eps_4q_growth_year": -60.83,
            "roe": 2.13,
            "roe_4q": 5.7,
            "gross_profit": 135119,
            "gross_margin": 19.32,
            "gross_margin_4q_avg": 17.15,
            "net_income": 52589,
            "net_income_4q": null,
            "revenue": 699345,
            "revenue_4q": null,
            "common_shares": 1363635,
            "book_valuer_per_share": 15.13,
            "book_valuer_per_share_4q_avg": 15.09,
            "equity": 2481528,
            "current_ratio": 171.63,
            "debt_ratio": 43.52,
            "inventory_turnover_ratio": 0.92,
            "account_receivable_turnover_ratio": 0.9,
            "reinvestment_rate": 59.71,
            "research_to_sale_ratio": 3.05,
            "price_fair": 55.48,
            "eps_avg_yearly": 1.59,
            "eps_latest_yearly": 1.2,
            "eps_growth_yearly": 529.37
        },
        "20202": {
            "year_quarter": 20202,
            "year": 2020,
            "quarter": 2,
            "eps": 0.49,
            "eps_growth_year": 308.33,
            "eps_4q": 1.17,
            "eps_4q_growth_year": -23.77,
            "roe": 3.44,
            "roe_4q": 8.32,
            "gross_profit": 195728,
            "gross_margin": 23.14,
            "gross_margin_4q_avg": 19.3,
            "net_income": 84694,
            "net_income_4q": null,
            "revenue": 845999,
            "revenue_4q": null,
            "common_shares": 1363635,
            "book_valuer_per_share": 14.81,
            "book_valuer_per_share_4q_avg": 14.96,
            "equity": 2445762,
            "current_ratio": 161.04,
            "debt_ratio": 45.91,
            "inventory_turnover_ratio": 0.99,
            "account_receivable_turnover_ratio": 1.03,
            "reinvestment_rate": 47.59,
            "research_to_sale_ratio": 2.32,
            "price_fair": 59.68,
            "eps_avg_yearly": 1.71,
            "eps_latest_yearly": 1.96,
            "eps_growth_yearly": 567.08
        },
        "20203": {
            "year_quarter": 20203,
            "year": 2020,
            "quarter": 3,
            "eps": 0.61,
            "eps_growth_year": 510,
            "eps_4q": 1.68,
            "eps_4q_growth_year": 65.06,
            "roe": 4.02,
            "roe_4q": 11.54,
            "gross_profit": 189956,
            "gross_margin": 23.85,
            "gross_margin_4q_avg": 21.13,
            "net_income": 101497,
            "net_income_4q": null,
            "revenue": 796436,
            "revenue_4q": null,
            "common_shares": 1363635,
            "book_valuer_per_share": 15.78,
            "book_valuer_per_share_4q_avg": 15.18,
            "equity": 2605724,
            "current_ratio": 156.06,
            "debt_ratio": 45.98,
            "inventory_turnover_ratio": 0.92,
            "account_receivable_turnover_ratio": 0.88,
            "reinvestment_rate": 61.52,
            "research_to_sale_ratio": 1.1,
            "price_fair": 63.44,
            "eps_avg_yearly": 1.81,
            "eps_latest_yearly": 2.44,
            "eps_growth_yearly": 148.2
        },
        "20204": {
            "year_quarter": 20204,
            "year": 2020,
            "quarter": 4,
            "eps": 0.61,
            "eps_growth_year": 124.45,
            "eps_4q": 2.02,
            "eps_4q_growth_year": 126.19,
            "roe": 3.96,
            "roe_4q": 13.55,
            "gross_profit": 205704,
            "gross_margin": 22.28,
            "gross_margin_4q_avg": 22.15,
            "net_income": 105783,
            "net_income_4q": null,
            "revenue": 923122,
            "revenue_4q": null,
            "common_shares": 1363635,
            "book_valuer_per_share": 16.57,
            "book_valuer_per_share_4q_avg": 15.57,
            "equity": 2740707,
            "current_ratio": 165.69,
            "debt_ratio": 42.71,
            "inventory_turnover_ratio": 1.1,
            "account_receivable_turnover_ratio": 1,
            "reinvestment_rate": 62.98,
            "research_to_sale_ratio": 1.45,
            "price_fair": 66.33,
            "eps_avg_yearly": 1.9,
            "eps_latest_yearly": 2.44,
            "eps_growth_yearly": 134.32
        },
        "20211": {
            "year_quarter": 20211,
            "year": 2021,
            "quarter": 1,
            "eps": 0.82,
            "eps_growth_year": 173.33,
            "eps_4q": 2.48,
            "eps_4q_growth_year": 208.88,
            "roe": 4.79,
            "roe_4q": 16.21,
            "gross_profit": 221164,
            "gross_margin": 23.17,
            "gross_margin_4q_avg": 23.11,
            "net_income": 137564,
            "net_income_4q": null,
            "revenue": 954601,
            "revenue_4q": null,
            "common_shares": 1363635,
            "book_valuer_per_share": 18.32,
            "book_valuer_per_share_4q_avg": 16.37,
            "equity": 3006424,
            "current_ratio": 169.95,
            "debt_ratio": 38.84,
            "inventory_turnover_ratio": 1.13,
            "account_receivable_turnover_ratio": 0.95,
            "reinvestment_rate": 66.22,
            "research_to_sale_ratio": 1.82,
            "price_fair": 72.28,
            "eps_avg_yearly": 2.07,
            "eps_latest_yearly": 3.28,
            "eps_growth_yearly": 155.42
        },
        "20212": {
            "year_quarter": 20212,
            "year": 2021,
            "quarter": 2,
            "eps": 0.85,
            "eps_growth_year": 73.47,
            "eps_4q": 2.82,
            "eps_4q_growth_year": 141.38,
            "roe": 4.6,
            "roe_4q": 17.37,
            "gross_profit": 251387,
            "gross_margin": 24.76,
            "gross_margin_4q_avg": 23.52,
            "net_income": 142142,
            "net_income_4q": null,
            "revenue": 1015268,
            "revenue_4q": null,
            "common_shares": 1403048,
            "book_valuer_per_share": 18.89,
            "book_valuer_per_share_4q_avg": 17.39,
            "equity": 3176372,
            "current_ratio": 160.8,
            "debt_ratio": 38.76,
            "inventory_turnover_ratio": 1.16,
            "account_receivable_turnover_ratio": 0.97,
            "reinvestment_rate": 61.23,
            "research_to_sale_ratio": 2.31,
            "price_fair": 76.56,
            "eps_avg_yearly": 2.19,
            "eps_latest_yearly": 3.4,
            "eps_growth_yearly": 117.05
        },
        "20213": {
            "year_quarter": 20213,
            "year": 2021,
            "quarter": 3,
            "eps": 0.95,
            "eps_growth_year": 55.74,
            "eps_4q": 3.17,
            "eps_4q_growth_year": 88.89,
            "roe": 4.97,
            "roe_4q": 18.32,
            "gross_profit": 284082,
            "gross_margin": 25.82,
            "gross_margin_4q_avg": 24.01,
            "net_income": 159189,
            "net_income_4q": null,
            "revenue": 1100266,
            "revenue_4q": null,
            "common_shares": 1420703,
            "book_valuer_per_share": 18.76,
            "book_valuer_per_share_4q_avg": 18.14,
            "equity": 3231787,
            "current_ratio": 196.63,
            "debt_ratio": 40.71,
            "inventory_turnover_ratio": 1.28,
            "account_receivable_turnover_ratio": 0.96,
            "reinvestment_rate": 84.56,
            "research_to_sale_ratio": 2.5,
            "price_fair": 71.66,
            "eps_avg_yearly": 2.05,
            "eps_latest_yearly": 3.8,
            "eps_growth_yearly": 40.13
        },
        "20214": {
            "year_quarter": 20214,
            "year": 2021,
            "quarter": 4,
            "eps": 0.82,
            "eps_growth_year": 34.49,
            "eps_4q": 3.41,
            "eps_4q_growth_year": 68.92,
            "roe": 4.15,
            "roe_4q": 18.51,
            "gross_profit": 267112,
            "gross_margin": 23.89,
            "gross_margin_4q_avg": 24.41,
            "net_income": 137489,
            "net_income_4q": null,
            "revenue": 1118212,
            "revenue_4q": null,
            "common_shares": 1430048,
            "book_valuer_per_share": 19.74,
            "book_valuer_per_share_4q_avg": 18.93,
            "equity": 3397026,
            "current_ratio": 205.7,
            "debt_ratio": 38.79,
            "inventory_turnover_ratio": 1.25,
            "account_receivable_turnover_ratio": 0.94,
            "reinvestment_rate": 73.28,
            "research_to_sale_ratio": 1.83,
            "price_fair": 74.9,
            "eps_avg_yearly": 2.14,
            "eps_latest_yearly": 3.28,
            "eps_growth_yearly": 54.26
        },
        "20221": {
            "year_quarter": 20221,
            "year": 2022,
            "quarter": 1,
            "eps": 1.01,
            "eps_growth_year": 23.17,
            "eps_4q": 3.62,
            "eps_4q_growth_year": 45.99,
            "roe": 4.74,
            "roe_4q": 18.46,
            "gross_profit": 284715,
            "gross_margin": 25.69,
            "gross_margin_4q_avg": 25.04,
            "net_income": 167934,
            "net_income_4q": null,
            "revenue": 1108460,
            "revenue_4q": null,
            "common_shares": 1430823,
            "book_valuer_per_share": 21.46,
            "book_valuer_per_share_4q_avg": 19.71,
            "equity": 3693249,
            "current_ratio": 211.27,
            "debt_ratio": 37.8,
            "inventory_turnover_ratio": 1.06,
            "account_receivable_turnover_ratio": 0.98,
            "reinvestment_rate": 64.35,
            "research_to_sale_ratio": 2.54,
            "price_fair": 78.75,
            "eps_avg_yearly": 2.25,
            "eps_latest_yearly": 4.04,
            "eps_growth_yearly": 53.39
        },
        "20222": {
            "year_quarter": 20222,
            "year": 2022,
            "quarter": 2,
            "eps": 0.94,
            "eps_growth_year": 10.59,
            "eps_4q": 3.72,
            "eps_4q_growth_year": 31.97,
            "roe": 4.29,
            "roe_4q": 18.150000000000002,
            "gross_profit": 273083,
            "gross_margin": 27.11,
            "gross_margin_4q_avg": 25.63,
            "net_income": 156175,
            "net_income_4q": null,
            "revenue": 1007199,
            "revenue_4q": null,
            "common_shares": 1432196,
            "book_valuer_per_share": 20.59,
            "book_valuer_per_share_4q_avg": 20.14,
            "equity": 3580377,
            "current_ratio": 174.38,
            "debt_ratio": 39.8,
            "inventory_turnover_ratio": 0.81,
            "account_receivable_turnover_ratio": 0.92,
            "reinvestment_rate": 71.51,
            "research_to_sale_ratio": 2.22,
            "price_fair": 81.38,
            "eps_avg_yearly": 2.33,
            "eps_latest_yearly": 3.76,
            "eps_growth_yearly": 48.58
        },
        "20223": {
            "year_quarter": 20223,
            "year": 2022,
            "quarter": 3,
            "eps": 0.94,
            "eps_growth_year": -1.05,
            "eps_4q": 3.71,
            "eps_4q_growth_year": 17.15,
            "roe": 4.11,
            "roe_4q": 17.29,
            "gross_profit": 227315,
            "gross_margin": 27.93,
            "gross_margin_4q_avg": 26.16,
            "net_income": 150850,
            "net_income_4q": null,
            "revenue": 813751,
            "revenue_4q": null,
            "common_shares": 1432196,
            "book_valuer_per_share": 21.7,
            "book_valuer_per_share_4q_avg": 20.87,
            "equity": 3760215,
            "current_ratio": 167.98,
            "debt_ratio": 38.36,
            "inventory_turnover_ratio": 0.56,
            "account_receivable_turnover_ratio": 0.87,
            "reinvestment_rate": 80.07,
            "research_to_sale_ratio": 2.62,
            "price_fair": 84.18,
            "eps_avg_yearly": 2.41,
            "eps_latest_yearly": 3.76,
            "eps_growth_yearly": 49.36
        },
        "20224": {
            "year_quarter": 20224,
            "year": 2022,
            "quarter": 4,
            "eps": 0.64,
            "eps_growth_year": -22.76,
            "eps_4q": 3.55,
            "eps_4q_growth_year": 4.16,
            "roe": 2.6,
            "roe_4q": 15.74,
            "gross_profit": 178928,
            "gross_margin": 19.56,
            "gross_margin_4q_avg": 25.07,
            "net_income": 97993,
            "net_income_4q": null,
            "revenue": 914837,
            "revenue_4q": null,
            "common_shares": 1432196,
            "book_valuer_per_share": 22,
            "book_valuer_per_share_4q_avg": 21.44,
            "equity": 3777081,
            "current_ratio": 167.75,
            "debt_ratio": 37.98,
            "inventory_turnover_ratio": 0.69,
            "account_receivable_turnover_ratio": 1.06,
            "reinvestment_rate": 54.3,
            "research_to_sale_ratio": 1.89,
            "price_fair": 86.28,
            "eps_avg_yearly": 2.47,
            "eps_latest_yearly": 2.56,
            "eps_growth_yearly": 50.26
        },
        "20231": {
            "year_quarter": 20231,
            "year": 2023,
            "quarter": 1,
            "eps": 0.45,
            "eps_growth_year": -55.45,
            "eps_4q": 2.98,
            "eps_4q_growth_year": -17.5,
            "roe": 1.79,
            "roe_4q": 12.79,
            "gross_profit": 167733,
            "gross_margin": 20.26,
            "gross_margin_4q_avg": 23.72,
            "net_income": 68416,
            "net_income_4q": null,
            "revenue": 828105,
            "revenue_4q": null,
            "common_shares": 1432196,
            "book_valuer_per_share": 22.53,
            "book_valuer_per_share_4q_avg": 21.71,
            "equity": 3860360,
            "current_ratio": 137.32,
            "debt_ratio": 36.22,
            "inventory_turnover_ratio": 0.68,
            "account_receivable_turnover_ratio": 0.93,
            "reinvestment_rate": 50.94,
            "research_to_sale_ratio": 2.99,
            "price_fair": 86.8,
            "eps_avg_yearly": 2.48,
            "eps_latest_yearly": 1.8,
            "eps_growth_yearly": 43.46
        },
        "20232": {
            "year_quarter": 20232,
            "year": 2023,
            "quarter": 2,
            "eps": 0.61,
            "eps_growth_year": -35.11,
            "eps_4q": 2.65,
            "eps_4q_growth_year": -28.84,
            "roe": 2.69,
            "roe_4q": 11.190000000000001,
            "gross_profit": 201002,
            "gross_margin": 20.07,
            "gross_margin_4q_avg": 21.96,
            "net_income": 100127,
            "net_income_4q": null,
            "revenue": 1001688,
            "revenue_4q": null,
            "common_shares": 1432196,
            "book_valuer_per_share": 20.68,
            "book_valuer_per_share_4q_avg": 21.73,
            "equity": 3588986,
            "current_ratio": 128.29,
            "debt_ratio": 39.2,
            "inventory_turnover_ratio": 0.91,
            "account_receivable_turnover_ratio": 1.06,
            "reinvestment_rate": 28.66,
            "research_to_sale_ratio": 3.23,
            "price_fair": 91.09,
            "eps_avg_yearly": 2.6,
            "eps_latest_yearly": 2.44,
            "eps_growth_yearly": 69.66
        },
        "20233": {
            "year_quarter": 20233,
            "year": 2023,
            "quarter": 3,
            "eps": 0.65,
            "eps_growth_year": -30.85,
            "eps_4q": 2.35,
            "eps_4q_growth_year": -36.76,
            "roe": 2.75,
            "roe_4q": 9.83,
            "gross_profit": 170024,
            "gross_margin": 18.83,
            "gross_margin_4q_avg": 19.68,
            "net_income": 101788,
            "net_income_4q": null,
            "revenue": 902754,
            "revenue_4q": null,
            "common_shares": 1432196,
            "book_valuer_per_share": 21.98,
            "book_valuer_per_share_4q_avg": 21.8,
            "equity": 3803415,
            "current_ratio": 137.98,
            "debt_ratio": 36.24,
            "inventory_turnover_ratio": 0.87,
            "account_receivable_turnover_ratio": 0.89,
            "reinvestment_rate": 36.23,
            "research_to_sale_ratio": 3.41,
            "price_fair": 95.9,
            "eps_avg_yearly": 2.74,
            "eps_latest_yearly": 2.6,
            "eps_growth_yearly": 75.46
        },
        "20234": {
            "year_quarter": 20234,
            "year": 2023,
            "quarter": 4,
            "eps": 0.37,
            "eps_growth_year": -42.27,
            "eps_4q": 2.08,
            "eps_4q_growth_year": -41.43,
            "roe": 1.85,
            "roe_4q": 9.079999999999998,
            "gross_profit": 210035,
            "gross_margin": 22.26,
            "gross_margin_4q_avg": 20.36,
            "net_income": 70363,
            "net_income_4q": null,
            "revenue": 943548,
            "revenue_4q": null,
            "common_shares": 1432196,
            "book_valuer_per_share": 21.9,
            "book_valuer_per_share_4q_avg": 21.77,
            "equity": 3797173,
            "current_ratio": 153.87,
            "debt_ratio": 35.01,
            "inventory_turnover_ratio": 0.9,
            "account_receivable_turnover_ratio": 0.93,
            "reinvestment_rate": 40.53,
            "research_to_sale_ratio": 3.62,
            "price_fair": 89.01,
            "eps_avg_yearly": 2.77,
            "eps_latest_yearly": 1.48,
            "eps_growth_yearly": 22.19
        }
    },
    "months": {
        "2002-06": {
            "month": "2002-06",
            "price": "29.53",
            "revenue": 91170
        },
        "2002-07": {
            "month": "2002-07",
            "price": "27.61",
            "revenue": 97783
        },
        "2002-08": {
            "month": "2002-08",
            "price": "27.54",
            "revenue": 85548
        },
        "2002-09": {
            "month": "2002-09",
            "price": "22.04",
            "revenue": 93032
        },
        "2002-10": {
            "month": "2002-10",
            "price": "19.67",
            "revenue": 91812
        },
        "2002-11": {
            "month": "2002-11",
            "price": "18.11",
            "revenue": 73659
        },
        "2002-12": {
            "month": "2002-12",
            "price": "17.30",
            "revenue": 67356
        },
        "2003-01": {
            "month": "2003-01",
            "price": "16.98",
            "revenue": 85793
        },
        "2003-02": {
            "month": "2003-02",
            "price": "16.03",
            "revenue": 69706
        },
        "2003-03": {
            "month": "2003-03",
            "price": "15.31",
            "revenue": 102028
        },
        "2003-04": {
            "month": "2003-04",
            "price": "16.50",
            "revenue": 94724
        },
        "2003-05": {
            "month": "2003-05",
            "price": "17.66",
            "revenue": 77240
        },
        "2003-06": {
            "month": "2003-06",
            "price": "19.16",
            "revenue": 88933
        },
        "2003-07": {
            "month": "2003-07",
            "price": "19.63",
            "revenue": 91270
        },
        "2003-08": {
            "month": "2003-08",
            "price": "18.36",
            "revenue": 101969
        },
        "2003-09": {
            "month": "2003-09",
            "price": "16.33",
            "revenue": 120133
        },
        "2003-10": {
            "month": "2003-10",
            "price": "16.12",
            "revenue": 141240
        },
        "2003-11": {
            "month": "2003-11",
            "price": "16.88",
            "revenue": 124415
        },
        "2003-12": {
            "month": "2003-12",
            "price": "17.19",
            "revenue": 143186
        },
        "2004-01": {
            "month": "2004-01",
            "price": "16.93",
            "revenue": 143455
        },
        "2004-02": {
            "month": "2004-02",
            "price": "18.43",
            "revenue": 145114
        },
        "2004-03": {
            "month": "2004-03",
            "price": "22.37",
            "revenue": 158379
        },
        "2004-04": {
            "month": "2004-04",
            "price": "24.29",
            "revenue": 163320
        },
        "2004-05": {
            "month": "2004-05",
            "price": "20.03",
            "revenue": 154306
        },
        "2004-06": {
            "month": "2004-06",
            "price": "17.56",
            "revenue": 136975
        },
        "2004-07": {
            "month": "2004-07",
            "price": "15.71",
            "revenue": 133897
        },
        "2004-08": {
            "month": "2004-08",
            "price": "14.62",
            "revenue": 99475
        },
        "2004-09": {
            "month": "2004-09",
            "price": "13.85",
            "revenue": 126760
        },
        "2004-10": {
            "month": "2004-10",
            "price": "11.64",
            "revenue": 106633
        },
        "2004-11": {
            "month": "2004-11",
            "price": "10.67",
            "revenue": 109220
        },
        "2004-12": {
            "month": "2004-12",
            "price": "10.20",
            "revenue": 69580
        },
        "2005-01": {
            "month": "2005-01",
            "price": "9.89",
            "revenue": 102349
        },
        "2005-02": {
            "month": "2005-02",
            "price": "10.18",
            "revenue": 86357
        },
        "2005-03": {
            "month": "2005-03",
            "price": "10.17",
            "revenue": 102360
        },
        "2005-04": {
            "month": "2005-04",
            "price": "9.15",
            "revenue": 128291
        },
        "2005-05": {
            "month": "2005-05",
            "price": "8.82",
            "revenue": 127747
        },
        "2005-06": {
            "month": "2005-06",
            "price": "8.68",
            "revenue": 116142
        },
        "2005-07": {
            "month": "2005-07",
            "price": "9.18",
            "revenue": 128716
        },
        "2005-08": {
            "month": "2005-08",
            "price": "8.32",
            "revenue": 143204
        },
        "2005-09": {
            "month": "2005-09",
            "price": "7.60",
            "revenue": 140114
        },
        "2005-10": {
            "month": "2005-10",
            "price": "6.73",
            "revenue": 150379
        },
        "2005-11": {
            "month": "2005-11",
            "price": "6.23",
            "revenue": 141448
        },
        "2005-12": {
            "month": "2005-12",
            "price": "7.46",
            "revenue": 106553
        },
        "2006-01": {
            "month": "2006-01",
            "price": "7.86",
            "revenue": 126612
        },
        "2006-02": {
            "month": "2006-02",
            "price": "7.23",
            "revenue": 117201
        },
        "2006-03": {
            "month": "2006-03",
            "price": "7.13",
            "revenue": 131467
        },
        "2006-04": {
            "month": "2006-04",
            "price": "7.91",
            "revenue": 104710
        },
        "2006-05": {
            "month": "2006-05",
            "price": "7.38",
            "revenue": 108467
        },
        "2006-06": {
            "month": "2006-06",
            "price": "6.27",
            "revenue": 89853
        },
        "2006-07": {
            "month": "2006-07",
            "price": "6.01",
            "revenue": 129191
        },
        "2006-08": {
            "month": "2006-08",
            "price": "6.09",
            "revenue": 132160
        },
        "2006-09": {
            "month": "2006-09",
            "price": "5.92",
            "revenue": 144403
        },
        "2006-10": {
            "month": "2006-10",
            "price": "6.71",
            "revenue": 110667
        },
        "2006-11": {
            "month": "2006-11",
            "price": "6.79",
            "revenue": 116213
        },
        "2006-12": {
            "month": "2006-12",
            "price": "7.71",
            "revenue": 95439
        },
        "2007-01": {
            "month": "2007-01",
            "price": "8.03",
            "revenue": 111680
        },
        "2007-02": {
            "month": "2007-02",
            "price": "7.99",
            "revenue": 74257
        },
        "2007-03": {
            "month": "2007-03",
            "price": "7.82",
            "revenue": 122585
        },
        "2007-04": {
            "month": "2007-04",
            "price": "9.25",
            "revenue": 112906
        },
        "2007-05": {
            "month": "2007-05",
            "price": "8.59",
            "revenue": 116773
        },
        "2007-06": {
            "month": "2007-06",
            "price": "9.50",
            "revenue": 123236
        },
        "2007-07": {
            "month": "2007-07",
            "price": "10.88",
            "revenue": 109982
        },
        "2007-08": {
            "month": "2007-08",
            "price": "9.83",
            "revenue": 136785
        },
        "2007-09": {
            "month": "2007-09",
            "price": "9.02",
            "revenue": 132840
        },
        "2007-10": {
            "month": "2007-10",
            "price": "9.04",
            "revenue": 143654
        },
        "2007-11": {
            "month": "2007-11",
            "price": "8.23",
            "revenue": 143793
        },
        "2007-12": {
            "month": "2007-12",
            "price": "7.53",
            "revenue": 107348
        },
        "2008-01": {
            "month": "2008-01",
            "price": "7.13",
            "revenue": 113252
        },
        "2008-02": {
            "month": "2008-02",
            "price": "7.21",
            "revenue": 91602
        },
        "2008-03": {
            "month": "2008-03",
            "price": "7.94",
            "revenue": 134306
        },
        "2008-04": {
            "month": "2008-04",
            "price": "8.03",
            "revenue": 147652
        },
        "2008-05": {
            "month": "2008-05",
            "price": "7.84",
            "revenue": 155431
        },
        "2008-06": {
            "month": "2008-06",
            "price": "6.76",
            "revenue": 105075
        },
        "2008-07": {
            "month": "2008-07",
            "price": "5.68",
            "revenue": 131307
        },
        "2008-08": {
            "month": "2008-08",
            "price": "5.52",
            "revenue": 146786
        },
        "2008-09": {
            "month": "2008-09",
            "price": "5.46",
            "revenue": 107240
        },
        "2008-10": {
            "month": "2008-10",
            "price": "5.06",
            "revenue": 94932
        },
        "2008-11": {
            "month": "2008-11",
            "price": "4.51",
            "revenue": 57057
        },
        "2008-12": {
            "month": "2008-12",
            "price": "4.31",
            "revenue": 48031
        },
        "2009-01": {
            "month": "2009-01",
            "price": "4.00",
            "revenue": 44835
        },
        "2009-02": {
            "month": "2009-02",
            "price": "4.06",
            "revenue": 75912
        },
        "2009-03": {
            "month": "2009-03",
            "price": "4.29",
            "revenue": 125149
        },
        "2009-04": {
            "month": "2009-04",
            "price": "4.82",
            "revenue": 112615
        },
        "2009-05": {
            "month": "2009-05",
            "price": "5.09",
            "revenue": 122135
        },
        "2009-06": {
            "month": "2009-06",
            "price": "4.79",
            "revenue": 96341
        },
        "2009-07": {
            "month": "2009-07",
            "price": "4.54",
            "revenue": 140510
        },
        "2009-08": {
            "month": "2009-08",
            "price": "5.03",
            "revenue": 131894
        },
        "2009-09": {
            "month": "2009-09",
            "price": "5.54",
            "revenue": 127019
        },
        "2009-10": {
            "month": "2009-10",
            "price": "6.46",
            "revenue": 124319
        },
        "2009-11": {
            "month": "2009-11",
            "price": "6.74",
            "revenue": 100832
        },
        "2009-12": {
            "month": "2009-12",
            "price": "7.55",
            "revenue": 97485
        },
        "2010-01": {
            "month": "2010-01",
            "price": "8.04",
            "revenue": 139559
        },
        "2010-02": {
            "month": "2010-02",
            "price": "7.09",
            "revenue": 105965
        },
        "2010-03": {
            "month": "2010-03",
            "price": "9.41",
            "revenue": 132930
        },
        "2010-04": {
            "month": "2010-04",
            "price": "15.00",
            "revenue": 157289
        },
        "2010-05": {
            "month": "2010-05",
            "price": "14.75",
            "revenue": 140028
        },
        "2010-06": {
            "month": "2010-06",
            "price": "14.70",
            "revenue": 130570
        },
        "2010-07": {
            "month": "2010-07",
            "price": "15.75",
            "revenue": 174552
        },
        "2010-08": {
            "month": "2010-08",
            "price": "26.38",
            "revenue": 143112
        },
        "2010-09": {
            "month": "2010-09",
            "price": "27.68",
            "revenue": 159306
        },
        "2010-10": {
            "month": "2010-10",
            "price": "24.23",
            "revenue": 163556
        },
        "2010-11": {
            "month": "2010-11",
            "price": "23.05",
            "revenue": 129382
        },
        "2010-12": {
            "month": "2010-12",
            "price": "26.62",
            "revenue": 136828
        },
        "2011-01": {
            "month": "2011-01",
            "price": "26.20",
            "revenue": 141879
        },
        "2011-02": {
            "month": "2011-02",
            "price": "23.92",
            "revenue": 159697
        },
        "2011-03": {
            "month": "2011-03",
            "price": "26.14",
            "revenue": 205057
        },
        "2011-04": {
            "month": "2011-04",
            "price": "31.27",
            "revenue": 231464
        },
        "2011-05": {
            "month": "2011-05",
            "price": "33.12",
            "revenue": 239051
        },
        "2011-06": {
            "month": "2011-06",
            "price": "31.01",
            "revenue": 255548
        },
        "2011-07": {
            "month": "2011-07",
            "price": "31.80",
            "revenue": 269575
        },
        "2011-08": {
            "month": "2011-08",
            "price": "33.14",
            "revenue": 238268
        },
        "2011-09": {
            "month": "2011-09",
            "price": "28.40",
            "revenue": 154609
        },
        "2011-10": {
            "month": "2011-10",
            "price": "24.51",
            "revenue": 117413
        },
        "2011-11": {
            "month": "2011-11",
            "price": "20.25",
            "revenue": 129729
        },
        "2011-12": {
            "month": "2011-12",
            "price": "16.90",
            "revenue": 124579
        },
        "2012-01": {
            "month": "2012-01",
            "price": "18.61",
            "revenue": 131538
        },
        "2012-02": {
            "month": "2012-02",
            "price": "22.89",
            "revenue": 118179
        },
        "2012-03": {
            "month": "2012-03",
            "price": "23.21",
            "revenue": 166018
        },
        "2012-04": {
            "month": "2012-04",
            "price": "20.52",
            "revenue": 146622
        },
        "2012-05": {
            "month": "2012-05",
            "price": "17.17",
            "revenue": 133607
        },
        "2012-06": {
            "month": "2012-06",
            "price": "16.01",
            "revenue": 157196
        },
        "2012-07": {
            "month": "2012-07",
            "price": "15.16",
            "revenue": 161919
        },
        "2012-08": {
            "month": "2012-08",
            "price": "13.92",
            "revenue": 155301
        },
        "2012-09": {
            "month": "2012-09",
            "price": "12.16",
            "revenue": 154198
        },
        "2012-10": {
            "month": "2012-10",
            "price": "11.47",
            "revenue": 129178
        },
        "2012-11": {
            "month": "2012-11",
            "price": "9.91",
            "revenue": 150530
        },
        "2012-12": {
            "month": "2012-12",
            "price": "10.35",
            "revenue": 160052
        },
        "2013-01": {
            "month": "2013-01",
            "price": "11.61",
            "revenue": 140688
        },
        "2013-02": {
            "month": "2013-02",
            "price": "11.01",
            "revenue": 118298
        },
        "2013-03": {
            "month": "2013-03",
            "price": "11.50",
            "revenue": 141761
        },
        "2013-04": {
            "month": "2013-04",
            "price": "11.57",
            "revenue": 161775
        },
        "2013-05": {
            "month": "2013-05",
            "price": "12.08",
            "revenue": 172562
        },
        "2013-06": {
            "month": "2013-06",
            "price": "12.48",
            "revenue": 151688
        },
        "2013-07": {
            "month": "2013-07",
            "price": "12.07",
            "revenue": 143521
        },
        "2013-08": {
            "month": "2013-08",
            "price": "12.42",
            "revenue": 138178
        },
        "2013-09": {
            "month": "2013-09",
            "price": "11.68",
            "revenue": 141220
        },
        "2013-10": {
            "month": "2013-10",
            "price": "11.32",
            "revenue": 127850
        },
        "2013-11": {
            "month": "2013-11",
            "price": "10.77",
            "revenue": 136775
        },
        "2013-12": {
            "month": "2013-12",
            "price": "11.92",
            "revenue": 130552
        },
        "2014-01": {
            "month": "2014-01",
            "price": "13.47",
            "revenue": 133483
        },
        "2014-02": {
            "month": "2014-02",
            "price": "17.27",
            "revenue": 144152
        },
        "2014-03": {
            "month": "2014-03",
            "price": "19.27",
            "revenue": 150990
        },
        "2014-04": {
            "month": "2014-04",
            "price": "16.13",
            "revenue": 177209
        },
        "2014-05": {
            "month": "2014-05",
            "price": "14.90",
            "revenue": 171026
        },
        "2014-06": {
            "month": "2014-06",
            "price": "16.18",
            "revenue": 154316
        },
        "2014-07": {
            "month": "2014-07",
            "price": "16.65",
            "revenue": 174335
        },
        "2014-08": {
            "month": "2014-08",
            "price": "16.71",
            "revenue": 163732
        },
        "2014-09": {
            "month": "2014-09",
            "price": "16.09",
            "revenue": 155800
        },
        "2014-10": {
            "month": "2014-10",
            "price": "15.23",
            "revenue": 154956
        },
        "2014-11": {
            "month": "2014-11",
            "price": "17.08",
            "revenue": 141134
        },
        "2014-12": {
            "month": "2014-12",
            "price": "19.33",
            "revenue": 154971
        },
        "2015-01": {
            "month": "2015-01",
            "price": "18.93",
            "revenue": 183589
        },
        "2015-02": {
            "month": "2015-02",
            "price": "18.83",
            "revenue": 139078
        },
        "2015-03": {
            "month": "2015-03",
            "price": "18.45",
            "revenue": 176442
        },
        "2015-04": {
            "month": "2015-04",
            "price": "16.76",
            "revenue": 181068
        },
        "2015-05": {
            "month": "2015-05",
            "price": "14.91",
            "revenue": 174124
        },
        "2015-06": {
            "month": "2015-06",
            "price": "13.17",
            "revenue": 157974
        },
        "2015-07": {
            "month": "2015-07",
            "price": "13.44",
            "revenue": 178400
        },
        "2015-08": {
            "month": "2015-08",
            "price": "12.92",
            "revenue": 153456
        },
        "2015-09": {
            "month": "2015-09",
            "price": "12.85",
            "revenue": 160686
        },
        "2015-10": {
            "month": "2015-10",
            "price": "12.82",
            "revenue": 133875
        },
        "2015-11": {
            "month": "2015-11",
            "price": "12.61",
            "revenue": 146910
        },
        "2015-12": {
            "month": "2015-12",
            "price": "13.13",
            "revenue": 153498
        },
        "2016-01": {
            "month": "2016-01",
            "price": "12.95",
            "revenue": 158524
        },
        "2016-02": {
            "month": "2016-02",
            "price": "12.88",
            "revenue": 156290
        },
        "2016-03": {
            "month": "2016-03",
            "price": "13.91",
            "revenue": 175123
        },
        "2016-04": {
            "month": "2016-04",
            "price": "12.94",
            "revenue": 201108
        },
        "2016-05": {
            "month": "2016-05",
            "price": "12.04",
            "revenue": 193468
        },
        "2016-06": {
            "month": "2016-06",
            "price": "11.78",
            "revenue": 204299
        },
        "2016-07": {
            "month": "2016-07",
            "price": "13.50",
            "revenue": 175398
        },
        "2016-08": {
            "month": "2016-08",
            "price": "14.23",
            "revenue": 205145
        },
        "2016-09": {
            "month": "2016-09",
            "price": "13.80",
            "revenue": 197394
        },
        "2016-10": {
            "month": "2016-10",
            "price": "13.51",
            "revenue": 191752
        },
        "2016-11": {
            "month": "2016-11",
            "price": "13.24",
            "revenue": 200026
        },
        "2016-12": {
            "month": "2016-12",
            "price": "13.45",
            "revenue": 213189
        },
        "2017-01": {
            "month": "2017-01",
            "price": "16.27",
            "revenue": 191703
        },
        "2017-02": {
            "month": "2017-02",
            "price": "18.11",
            "revenue": 180248
        },
        "2017-03": {
            "month": "2017-03",
            "price": "18.39",
            "revenue": 224122
        },
        "2017-04": {
            "month": "2017-04",
            "price": "17.77",
            "revenue": 237627
        },
        "2017-05": {
            "month": "2017-05",
            "price": "19.04",
            "revenue": 244997
        },
        "2017-06": {
            "month": "2017-06",
            "price": "19.30",
            "revenue": 216695
        },
        "2017-07": {
            "month": "2017-07",
            "price": "19.47",
            "revenue": 255966
        },
        "2017-08": {
            "month": "2017-08",
            "price": "22.86",
            "revenue": 242932
        },
        "2017-09": {
            "month": "2017-09",
            "price": "23.25",
            "revenue": 254888
        },
        "2017-10": {
            "month": "2017-10",
            "price": "23.97",
            "revenue": 271036
        },
        "2017-11": {
            "month": "2017-11",
            "price": "28.65",
            "revenue": 260085
        },
        "2017-12": {
            "month": "2017-12",
            "price": "34.05",
            "revenue": 256027
        },
        "2018-01": {
            "month": "2018-01",
            "price": "42.19",
            "revenue": 266343
        },
        "2018-02": {
            "month": "2018-02",
            "price": "37.25",
            "revenue": 243168
        },
        "2018-03": {
            "month": "2018-03",
            "price": "38.78",
            "revenue": 325304
        },
        "2018-04": {
            "month": "2018-04",
            "price": "42.75",
            "revenue": 312409
        },
        "2018-05": {
            "month": "2018-05",
            "price": "46.34",
            "revenue": 310778
        },
        "2018-06": {
            "month": "2018-06",
            "price": "60.96",
            "revenue": 330217
        },
        "2018-07": {
            "month": "2018-07",
            "price": "55.94",
            "revenue": 336369
        },
        "2018-08": {
            "month": "2018-08",
            "price": "44.07",
            "revenue": 336822
        },
        "2018-09": {
            "month": "2018-09",
            "price": "32.83",
            "revenue": 330069
        },
        "2018-10": {
            "month": "2018-10",
            "price": "27.02",
            "revenue": 265630
        },
        "2018-11": {
            "month": "2018-11",
            "price": "25.47",
            "revenue": 235391
        },
        "2018-12": {
            "month": "2018-12",
            "price": "27.40",
            "revenue": 243696
        },
        "2019-01": {
            "month": "2019-01",
            "price": "25.65",
            "revenue": 245132
        },
        "2019-02": {
            "month": "2019-02",
            "price": "28.55",
            "revenue": 189097
        },
        "2019-03": {
            "month": "2019-03",
            "price": "26.94",
            "revenue": 283250
        },
        "2019-04": {
            "month": "2019-04",
            "price": "27.22",
            "revenue": 257117
        },
        "2019-05": {
            "month": "2019-05",
            "price": "23.53",
            "revenue": 274382
        },
        "2019-06": {
            "month": "2019-06",
            "price": "23.12",
            "revenue": 221080
        },
        "2019-07": {
            "month": "2019-07",
            "price": "24.37",
            "revenue": 226678
        },
        "2019-08": {
            "month": "2019-08",
            "price": "20.95",
            "revenue": 218768
        },
        "2019-09": {
            "month": "2019-09",
            "price": "21.37",
            "revenue": 235854
        },
        "2019-10": {
            "month": "2019-10",
            "price": "22.16",
            "revenue": 231830
        },
        "2019-11": {
            "month": "2019-11",
            "price": "20.81",
            "revenue": 258978
        },
        "2019-12": {
            "month": "2019-12",
            "price": "21.64",
            "revenue": 274861
        },
        "2020-01": {
            "month": "2020-01",
            "price": "22.67",
            "revenue": 240554
        },
        "2020-02": {
            "month": "2020-02",
            "price": "20.60",
            "revenue": 179377
        },
        "2020-03": {
            "month": "2020-03",
            "price": "15.67",
            "revenue": 279414
        },
        "2020-04": {
            "month": "2020-04",
            "price": "17.38",
            "revenue": 269556
        },
        "2020-05": {
            "month": "2020-05",
            "price": "18.70",
            "revenue": 292741
        },
        "2020-06": {
            "month": "2020-06",
            "price": "19.97",
            "revenue": 283756
        },
        "2020-07": {
            "month": "2020-07",
            "price": "22.91",
            "revenue": 234250
        },
        "2020-08": {
            "month": "2020-08",
            "price": "22.96",
            "revenue": 266497
        },
        "2020-09": {
            "month": "2020-09",
            "price": "22.20",
            "revenue": 295631
        },
        "2020-10": {
            "month": "2020-10",
            "price": "21.18",
            "revenue": 277933
        },
        "2020-11": {
            "month": "2020-11",
            "price": "23.60",
            "revenue": 312203
        },
        "2020-12": {
            "month": "2020-12",
            "price": "30.49",
            "revenue": 332989
        },
        "2021-01": {
            "month": "2021-01",
            "price": "36.84",
            "revenue": 315441
        },
        "2021-02": {
            "month": "2021-02",
            "price": "36.10",
            "revenue": 303151
        },
        "2021-03": {
            "month": "2021-03",
            "price": "38.36",
            "revenue": 335987
        },
        "2021-04": {
            "month": "2021-04",
            "price": "41.22",
            "revenue": 331156
        },
        "2021-05": {
            "month": "2021-05",
            "price": "34.07",
            "revenue": 328199
        },
        "2021-06": {
            "month": "2021-06",
            "price": "37.75",
            "revenue": 355935
        },
        "2021-07": {
            "month": "2021-07",
            "price": "48.68",
            "revenue": 331027
        },
        "2021-08": {
            "month": "2021-08",
            "price": "48.21",
            "revenue": 374000
        },
        "2021-09": {
            "month": "2021-09",
            "price": "49.67",
            "revenue": 395239
        },
        "2021-10": {
            "month": "2021-10",
            "price": "43.77",
            "revenue": 362732
        },
        "2021-11": {
            "month": "2021-11",
            "price": "44.52",
            "revenue": 379708
        },
        "2021-12": {
            "month": "2021-12",
            "price": "46.89",
            "revenue": 385115
        },
        "2022-01": {
            "month": "2022-01",
            "price": "44.59",
            "revenue": 381599
        },
        "2022-02": {
            "month": "2022-02",
            "price": "45.19",
            "revenue": 342699
        },
        "2022-03": {
            "month": "2022-03",
            "price": "43.65",
            "revenue": 374820
        },
        "2022-04": {
            "month": "2022-04",
            "price": "39.45",
            "revenue": 352391
        },
        "2022-05": {
            "month": "2022-05",
            "price": "37.20",
            "revenue": 321559
        },
        "2022-06": {
            "month": "2022-06",
            "price": "36.94",
            "revenue": 333249
        },
        "2022-07": {
            "month": "2022-07",
            "price": "31.70",
            "revenue": 280872
        },
        "2022-08": {
            "month": "2022-08",
            "price": "31.77",
            "revenue": 263343
        },
        "2022-09": {
            "month": "2022-09",
            "price": "29.86",
            "revenue": 269536
        },
        "2022-10": {
            "month": "2022-10",
            "price": "25.26",
            "revenue": 270208
        },
        "2022-11": {
            "month": "2022-11",
            "price": "28.65",
            "revenue": 306132
        },
        "2022-12": {
            "month": "2022-12",
            "price": "32.31",
            "revenue": 338499
        },
        "2023-01": {
            "month": "2023-01",
            "price": "33.16",
            "revenue": 246669
        },
        "2023-02": {
            "month": "2023-02",
            "price": "36.22",
            "revenue": 253652
        },
        "2023-03": {
            "month": "2023-03",
            "price": "37.87",
            "revenue": 327783
        },
        "2023-04": {
            "month": "2023-04",
            "price": "39.18",
            "revenue": 335138
        },
        "2023-05": {
            "month": "2023-05",
            "price": "38.23",
            "revenue": 317206
        },
        "2023-06": {
            "month": "2023-06",
            "price": "38.46",
            "revenue": 349345
        },
        "2023-07": {
            "month": "2023-07",
            "price": "38.08",
            "revenue": 289830
        },
        "2023-08": {
            "month": "2023-08",
            "price": "35.40",
            "revenue": 311503
        },
        "2023-09": {
            "month": "2023-09",
            "price": "37.42",
            "revenue": 301207
        },
        "2023-10": {
            "month": "2023-10",
            "price": "34.88",
            "revenue": 314521
        },
        "2023-11": {
            "month": "2023-11",
            "price": "35.74",
            "revenue": 310930
        },
        "2023-12": {
            "month": "2023-12",
            "price": "37.80",
            "revenue": 319894
        },
        "2024-01": {
            "month": "2024-01",
            "price": "35.54",
            "revenue": 326856
        },
        "2024-02": {
            "month": "2024-02",
            "price": "35.51",
            "revenue": 253591
        }
    }
}
