{
    "summary": {
        "stock_name": "瑞儀",
        "stock_id": "6176",
        "category": "光電",
        "main_business": "CC01080電子零組件製造業<br>CQ01010模具製造業<br>CC01040照明設備製造業",
        "website_url": "http://www.radiant.com.tw",
        "ceo": "王昱超",
        "pe_ratio": 13,
        "report_year_from": 2001,
        "report_year_to": 2023,
        "age": 23,
        "eps_negative_percentage": 0,
        "eps_growth_avg": {
            "last_all": 11.51,
            "last_2y": 2.46,
            "last_4y": 2.62,
            "last_8y": 6.64,
            "last_12y": 8.22,
            "last_16y": 9.59,
            "last_20y": 7.3,
            "at_2006_last_3y": -2.44,
            "at_2007_last_3y": 9.93,
            "at_2008_last_3y": -24.48,
            "at_2009_last_3y": -18.86,
            "at_2010_last_3y": 14.06,
            "at_2011_last_3y": 29.19,
            "at_2012_last_3y": 43.66,
            "at_2013_last_3y": 38.54,
            "at_2014_last_3y": 11.78,
            "at_2015_last_3y": -8.67,
            "at_2016_last_3y": -12.89,
            "at_2017_last_3y": -9.83,
            "at_2018_last_3y": 11.66,
            "at_2019_last_3y": 20.22,
            "at_2020_last_3y": 16.65,
            "at_2021_last_3y": 17.36,
            "at_2022_last_3y": 8.66,
            "at_2023_last_3y": -0.89,
            "at_2024_last_3y": -0.89,
            "at_2006_last_all": 18.05,
            "at_2007_last_all": 15.65,
            "at_2008_last_all": 8.03,
            "at_2009_last_all": 7.62,
            "at_2010_last_all": 16.28,
            "at_2011_last_all": 21.07,
            "at_2012_last_all": 20.99,
            "at_2013_last_all": 17.93,
            "at_2014_last_all": 14.89,
            "at_2015_last_all": 12.57,
            "at_2016_last_all": 11.95,
            "at_2017_last_all": 10.99,
            "at_2018_last_all": 14.13,
            "at_2019_last_all": 14.27,
            "at_2020_last_all": 12.94,
            "at_2021_last_all": 12.26,
            "at_2022_last_all": 13.09,
            "at_2023_last_all": 11.51,
            "at_2024_last_all": 11.51
        },
        "latest_eps": 11.35,
        "latest_price": 151,
        "latest_roe": 15.45,
        "latest_gross_margin": 20.9,
        "latest_equity": 34336953,
        "latest_revenue": 11635874,
        "latest_gross_profit": 2432460,
        "latest_net_income": 404917,
        "latest_debt_ratio": 43.66,
        "latest_current_ratio": 252,
        "latest_account_receivable_turnover_ratio": 1.08,
        "latest_inventory_turnover_ratio": 4.85,
        "latest_reinvestment_rate": -1.21,
        "latest_research_to_sale_ratio": 4.32
    },
    "eps_dividends": {
        "2001": {
            "cash": 1.2,
            "stock": 1.2,
            "eps": 4.89
        },
        "2002": {
            "cash": 3.5,
            "stock": 3.5,
            "eps": 10.06
        },
        "2003": {
            "cash": 1,
            "stock": 0.35,
            "eps": 5.45
        },
        "2004": {
            "cash": 1.5,
            "stock": 2,
            "eps": 11.05
        },
        "2005": {
            "cash": 3.3,
            "stock": 2.2,
            "eps": 9.09
        },
        "2006": {
            "cash": 4,
            "stock": 0.5,
            "eps": 4.89
        },
        "2007": {
            "cash": 2.5,
            "stock": 0.3,
            "eps": 5.07
        },
        "2008": {
            "cash": 3,
            "stock": 0.3,
            "eps": 3.16
        },
        "2009": {
            "cash": 1.7,
            "stock": 0.3,
            "eps": 3.31
        },
        "2010": {
            "cash": 2.3,
            "stock": 0.3,
            "eps": 6.14
        },
        "2011": {
            "cash": 10.3,
            "stock": 0.6,
            "eps": 10.08
        },
        "2012": {
            "cash": 0,
            "stock": 0,
            "eps": 12.12
        },
        "2013": {
            "cash": 8,
            "stock": 0.3,
            "eps": 10.21
        },
        "2014": {
            "cash": 7,
            "stock": 0,
            "eps": 8.01
        },
        "2015": {
            "cash": 5.5,
            "stock": 0,
            "eps": 6.6
        },
        "2016": {
            "cash": 4.5,
            "stock": 0,
            "eps": 6.82
        },
        "2017": {
            "cash": 4.5,
            "stock": 0,
            "eps": 6.58
        },
        "2018": {
            "cash": 4.8,
            "stock": 0,
            "eps": 10.82
        },
        "2019": {
            "cash": 7,
            "stock": 0,
            "eps": 12.62
        },
        "2020": {
            "cash": 8,
            "stock": 0,
            "eps": 11.24
        },
        "2021": {
            "cash": 8,
            "stock": 0,
            "eps": 11.16
        },
        "2022": {
            "cash": 8,
            "stock": 0,
            "eps": 14.47
        },
        "2023": {
            "cash": 10,
            "stock": 0,
            "eps": 11.35
        }
    },
    "dividends": {
        "2001-05-02": {
            "cash": 1.2,
            "stock": 1.2
        },
        "2002-04-26": {
            "cash": 3.5,
            "stock": 3.5
        },
        "2003-04-18": {
            "cash": 1,
            "stock": 0.35
        },
        "2004-04-28": {
            "cash": 1.5,
            "stock": 2
        },
        "2005-04-28": {
            "cash": 3.3,
            "stock": 2.2
        },
        "2006-04-27": {
            "cash": 4,
            "stock": 0.5
        },
        "2007-04-26": {
            "cash": 2.5,
            "stock": 0.3
        },
        "2008-04-24": {
            "cash": 3,
            "stock": 0.3
        },
        "2009-04-27": {
            "cash": 1.7,
            "stock": 0.3
        },
        "2010-04-27": {
            "cash": 2.3,
            "stock": 0.3
        },
        "2011-01-01": {
            "cash": 6.5,
            "stock": 0.3
        },
        "2011-03-24": {
            "cash": 3.8,
            "stock": 0.3
        },
        "2013-04-24": {
            "cash": 8,
            "stock": 0.3
        },
        "2014-08-27": {
            "cash": 7,
            "stock": 0
        },
        "2015-08-19": {
            "cash": 5.5,
            "stock": 0
        },
        "2016-08-17": {
            "cash": 4.5,
            "stock": 0
        },
        "2017-08-17": {
            "cash": 4.5,
            "stock": 0
        },
        "2018-08-23": {
            "cash": 4.8,
            "stock": 0
        },
        "2019-07-31": {
            "cash": 7,
            "stock": 0
        },
        "2020-08-03": {
            "cash": 8,
            "stock": 0
        },
        "2021-08-24": {
            "cash": 8,
            "stock": 0
        },
        "2022-07-22": {
            "cash": 8,
            "stock": 0
        },
        "2023-07-21": {
            "cash": 10,
            "stock": 0
        }
    },
    "prices": {
        "200101": "無",
        "200102": "無",
        "200103": "無",
        "200104": "無",
        "200105": "無",
        "200106": "無",
        "200107": "無",
        "200108": "無",
        "200109": "無",
        "200110": "無",
        "200111": "無",
        "200112": "無",
        "200201": "無",
        "200202": "無",
        "200203": "無",
        "200204": "110.50",
        "200205": "132.25",
        "200206": "105.35",
        "200207": "104.39",
        "200208": "96.14",
        "200209": "77.15",
        "200210": "67.84",
        "200211": "78.57",
        "200212": "70.93",
        "200301": "66.45",
        "200302": "63.81",
        "200303": "61.26",
        "200304": "56.11",
        "200305": "48.98",
        "200306": "66.25",
        "200307": "80.41",
        "200308": "70.81",
        "200309": "75.98",
        "200310": "77.02",
        "200311": "70.18",
        "200312": "74.85",
        "200401": "74.87",
        "200402": "90.42",
        "200403": "93.41",
        "200404": "96.84",
        "200405": "86.10",
        "200406": "73.10",
        "200407": "61.45",
        "200408": "57.50",
        "200409": "66.88",
        "200410": "62.10",
        "200411": "63.64",
        "200412": "74.09",
        "200501": "78.14",
        "200502": "90.23",
        "200503": "94.02",
        "200504": "109.38",
        "200505": "104.58",
        "200506": "104.28",
        "200507": "110.90",
        "200508": "106.87",
        "200509": "81.87",
        "200510": "73.12",
        "200511": "74.30",
        "200512": "80.62",
        "200601": "78.23",
        "200602": "77.64",
        "200603": "81.31",
        "200604": "76.40",
        "200605": "68.66",
        "200606": "55.15",
        "200607": "53.81",
        "200608": "47.54",
        "200609": "47.92",
        "200610": "46.14",
        "200611": "49.23",
        "200612": "50.60",
        "200701": "52.51",
        "200702": "53.50",
        "200703": "50.10",
        "200704": "54.80",
        "200705": "50.88",
        "200706": "52.92",
        "200707": "55.89",
        "200708": "50.73",
        "200709": "51.59",
        "200710": "54.73",
        "200711": "47.54",
        "200712": "41.16",
        "200801": "36.79",
        "200802": "36.60",
        "200803": "37.47",
        "200804": "39.93",
        "200805": "45.97",
        "200806": "43.37",
        "200807": "33.86",
        "200808": "32.14",
        "200809": "27.94",
        "200810": "28.10",
        "200811": "22.25",
        "200812": "19.83",
        "200901": "21.60",
        "200902": "25.28",
        "200903": "28.50",
        "200904": "36.55",
        "200905": "39.28",
        "200906": "38.72",
        "200907": "44.55",
        "200908": "43.77",
        "200909": "40.24",
        "200910": "38.28",
        "200911": "38.49",
        "200912": "44.80",
        "201001": "45.32",
        "201002": "40.95",
        "201003": "42.62",
        "201004": "46.05",
        "201005": "44.31",
        "201006": "43.27",
        "201007": "44.08",
        "201008": "42.13",
        "201009": "42.00",
        "201010": "44.97",
        "201011": "46.95",
        "201012": "58.40",
        "201101": "60.01",
        "201102": "65.01",
        "201103": "68.59",
        "201104": "77.38",
        "201105": "98.52",
        "201106": "102.08",
        "201107": "106.74",
        "201108": "95.46",
        "201109": "95.41",
        "201110": "91.27",
        "201111": "91.60",
        "201112": "84.02",
        "201201": "93.65",
        "201202": "120.70",
        "201203": "129.85",
        "201204": "124.50",
        "201205": "131.05",
        "201206": "140.57",
        "201207": "133.16",
        "201208": "127.23",
        "201209": "132.50",
        "201210": "126.34",
        "201211": "126.16",
        "201212": "126.19",
        "201301": "110.25",
        "201302": "108.69",
        "201303": "116.02",
        "201304": "117.70",
        "201305": "116.50",
        "201306": "97.40",
        "201307": "103.80",
        "201308": "91.32",
        "201309": "104.73",
        "201310": "110.16",
        "201311": "103.97",
        "201312": "106.34",
        "201401": "126.31",
        "201402": "127.47",
        "201403": "121.07",
        "201404": "127.48",
        "201405": "120.88",
        "201406": "126.48",
        "201407": "135.80",
        "201408": "124.76",
        "201409": "124.19",
        "201410": "111.16",
        "201411": "105.02",
        "201412": "102.78",
        "201501": "99.72",
        "201502": "101.53",
        "201503": "98.88",
        "201504": "95.10",
        "201505": "109.88",
        "201506": "111.05",
        "201507": "99.67",
        "201508": "83.78",
        "201509": "100.23",
        "201510": "103.22",
        "201511": "93.75",
        "201512": "79.83",
        "201601": "62.98",
        "201602": "64.72",
        "201603": "67.67",
        "201604": "56.80",
        "201605": "47.42",
        "201606": "49.34",
        "201607": "52.16",
        "201608": "51.82",
        "201609": "51.62",
        "201610": "48.74",
        "201611": "56.32",
        "201612": "57.23",
        "201701": "56.60",
        "201702": "61.14",
        "201703": "62.61",
        "201704": "61.78",
        "201705": "64.50",
        "201706": "66.91",
        "201707": "69.03",
        "201708": "77.11",
        "201709": "73.51",
        "201710": "74.40",
        "201711": "64.93",
        "201712": "69.03",
        "201801": "71.79",
        "201802": "76.44",
        "201803": "76.85",
        "201804": "70.79",
        "201805": "61.76",
        "201806": "62.30",
        "201807": "60.85",
        "201808": "66.21",
        "201809": "67.47",
        "201810": "68.94",
        "201811": "81.94",
        "201812": "83.75",
        "201901": "84.28",
        "201902": "93.48",
        "201903": "96.61",
        "201904": "104.33",
        "201905": "101.54",
        "201906": "101.07",
        "201907": "113.75",
        "201908": "117.45",
        "201909": "119.82",
        "201910": "119.40",
        "201911": "118.40",
        "201912": "118.86",
        "202001": "115.37",
        "202002": "103.48",
        "202003": "85.60",
        "202004": "91.58",
        "202005": "99.72",
        "202006": "114.42",
        "202007": "116.09",
        "202008": "115.64",
        "202009": "109.23",
        "202010": "109.03",
        "202011": "110.62",
        "202012": "115.11",
        "202101": "117.68",
        "202102": "117.50",
        "202103": "122.70",
        "202104": "126.00",
        "202105": "119.67",
        "202106": "118.55",
        "202107": "121.07",
        "202108": "98.45",
        "202109": "94.83",
        "202110": "92.74",
        "202111": "97.60",
        "202112": "98.35",
        "202201": "101.86",
        "202202": "101.65",
        "202203": "102.15",
        "202204": "103.95",
        "202205": "103.05",
        "202206": "100.30",
        "202207": "85.39",
        "202208": "98.37",
        "202209": "98.99",
        "202210": "96.75",
        "202211": "101.97",
        "202212": "105.68",
        "202301": "100.96",
        "202302": "104.00",
        "202303": "107.33",
        "202304": "111.94",
        "202305": "115.55",
        "202306": "120.38",
        "202307": "110.57",
        "202308": "117.52",
        "202309": "126.02",
        "202310": "124.25",
        "202311": "128.75",
        "202312": "133.00"
    },
    "quarters": {
        "20011": {
            "year_quarter": 20011,
            "year": 2001,
            "quarter": 1,
            "eps": 0.19,
            "eps_growth_year": null,
            "eps_4q": null,
            "eps_4q_growth_year": null,
            "roe": 1.63,
            "roe_4q": 1.63,
            "gross_profit": 27404,
            "gross_margin": 11.55,
            "gross_margin_4q_avg": 11.55,
            "net_income": 11618,
            "net_income_4q": null,
            "revenue": 237182,
            "revenue_4q": null,
            "common_shares": 600000,
            "book_valuer_per_share": 11.95,
            "book_valuer_per_share_4q_avg": 11.95,
            "equity": 717136,
            "current_ratio": 215.38,
            "debt_ratio": 30.8,
            "inventory_turnover_ratio": 1.04,
            "account_receivable_turnover_ratio": null,
            "reinvestment_rate": null,
            "research_to_sale_ratio": null,
            "price_fair": 0,
            "eps_avg_yearly": 0,
            "eps_latest_yearly": 0,
            "eps_growth_yearly": 0
        },
        "20012": {
            "year_quarter": 20012,
            "year": 2001,
            "quarter": 2,
            "eps": 0.4,
            "eps_growth_year": null,
            "eps_4q": null,
            "eps_4q_growth_year": null,
            "roe": 3.29,
            "roe_4q": 4.92,
            "gross_profit": 68656,
            "gross_margin": 19.85,
            "gross_margin_4q_avg": 15.7,
            "net_income": 23929,
            "net_income_4q": null,
            "revenue": 345884,
            "revenue_4q": null,
            "common_shares": 600000,
            "book_valuer_per_share": 12.29,
            "book_valuer_per_share_4q_avg": 12.12,
            "equity": 737407,
            "current_ratio": 216.23,
            "debt_ratio": 29.62,
            "inventory_turnover_ratio": 1.4,
            "account_receivable_turnover_ratio": null,
            "reinvestment_rate": null,
            "research_to_sale_ratio": null,
            "price_fair": 0,
            "eps_avg_yearly": 0,
            "eps_latest_yearly": 0,
            "eps_growth_yearly": 0
        },
        "20013": {
            "year_quarter": 20013,
            "year": 2001,
            "quarter": 3,
            "eps": 1.51,
            "eps_growth_year": null,
            "eps_4q": null,
            "eps_4q_growth_year": null,
            "roe": 11.57,
            "roe_4q": 16.49,
            "gross_profit": 161491,
            "gross_margin": 21.79,
            "gross_margin_4q_avg": 17.73,
            "net_income": 90566,
            "net_income_4q": null,
            "revenue": 740996,
            "revenue_4q": null,
            "common_shares": 600000,
            "book_valuer_per_share": 13.8,
            "book_valuer_per_share_4q_avg": 12.68,
            "equity": 828186,
            "current_ratio": 159.68,
            "debt_ratio": 46.83,
            "inventory_turnover_ratio": 2.71,
            "account_receivable_turnover_ratio": null,
            "reinvestment_rate": null,
            "research_to_sale_ratio": null,
            "price_fair": 0,
            "eps_avg_yearly": 0,
            "eps_latest_yearly": 0,
            "eps_growth_yearly": 0
        },
        "20014": {
            "year_quarter": 20014,
            "year": 2001,
            "quarter": 4,
            "eps": 2.79,
            "eps_growth_year": null,
            "eps_4q": 4.64,
            "eps_4q_growth_year": null,
            "roe": 20.61,
            "roe_4q": 37.1,
            "gross_profit": 285825,
            "gross_margin": 25.18,
            "gross_margin_4q_avg": 19.59,
            "net_income": 190288,
            "net_income_4q": null,
            "revenue": 1135225,
            "revenue_4q": null,
            "common_shares": 681190,
            "book_valuer_per_share": 14.95,
            "book_valuer_per_share_4q_avg": 13.25,
            "equity": 1018561,
            "current_ratio": 167.91,
            "debt_ratio": 51.13,
            "inventory_turnover_ratio": 3.02,
            "account_receivable_turnover_ratio": null,
            "reinvestment_rate": null,
            "research_to_sale_ratio": null,
            "price_fair": 0,
            "eps_avg_yearly": 0,
            "eps_latest_yearly": 0,
            "eps_growth_yearly": 0
        },
        "20021": {
            "year_quarter": 20021,
            "year": 2002,
            "quarter": 1,
            "eps": 3.05,
            "eps_growth_year": 1505.26,
            "eps_4q": 7.53,
            "eps_4q_growth_year": null,
            "roe": 18.51,
            "roe_4q": 53.980000000000004,
            "gross_profit": 304525,
            "gross_margin": 22.74,
            "gross_margin_4q_avg": 22.39,
            "net_income": 207717,
            "net_income_4q": null,
            "revenue": 1339095,
            "revenue_4q": null,
            "common_shares": 681190,
            "book_valuer_per_share": 18,
            "book_valuer_per_share_4q_avg": 14.76,
            "equity": 1226278,
            "current_ratio": 149.79,
            "debt_ratio": 53.51,
            "inventory_turnover_ratio": 3.43,
            "account_receivable_turnover_ratio": null,
            "reinvestment_rate": null,
            "research_to_sale_ratio": null,
            "price_fair": 427,
            "eps_avg_yearly": 12.2,
            "eps_latest_yearly": 12.2,
            "eps_growth_yearly": 37.28
        },
        "20022": {
            "year_quarter": 20022,
            "year": 2002,
            "quarter": 2,
            "eps": 3.04,
            "eps_growth_year": 660,
            "eps_4q": 10.2,
            "eps_4q_growth_year": null,
            "roe": 15.87,
            "roe_4q": 66.56,
            "gross_profit": 333868,
            "gross_margin": 25.96,
            "gross_margin_4q_avg": 23.92,
            "net_income": 207396,
            "net_income_4q": null,
            "revenue": 1286042,
            "revenue_4q": null,
            "common_shares": 681190,
            "book_valuer_per_share": 20.37,
            "book_valuer_per_share_4q_avg": 16.78,
            "equity": 1387704,
            "current_ratio": 137.85,
            "debt_ratio": 56.44,
            "inventory_turnover_ratio": 2.74,
            "account_receivable_turnover_ratio": null,
            "reinvestment_rate": null,
            "research_to_sale_ratio": null,
            "price_fair": 340.82,
            "eps_avg_yearly": 12.18,
            "eps_latest_yearly": 12.16,
            "eps_growth_yearly": 17.98
        },
        "20023": {
            "year_quarter": 20023,
            "year": 2002,
            "quarter": 3,
            "eps": 2.13,
            "eps_growth_year": 41.06,
            "eps_4q": 8.77,
            "eps_4q_growth_year": null,
            "roe": 11.63,
            "roe_4q": 66.62,
            "gross_profit": 293547,
            "gross_margin": 22.51,
            "gross_margin_4q_avg": 24.1,
            "net_income": 194310,
            "net_income_4q": null,
            "revenue": 1303885,
            "revenue_4q": null,
            "common_shares": 914006,
            "book_valuer_per_share": 21.37,
            "book_valuer_per_share_4q_avg": 18.67,
            "equity": 1952911,
            "current_ratio": 162.63,
            "debt_ratio": 48.46,
            "inventory_turnover_ratio": 2.55,
            "account_receivable_turnover_ratio": null,
            "reinvestment_rate": null,
            "research_to_sale_ratio": null,
            "price_fair": 32.88,
            "eps_avg_yearly": 10.96,
            "eps_latest_yearly": 8.52,
            "eps_growth_yearly": -27.92
        },
        "20024": {
            "year_quarter": 20024,
            "year": 2002,
            "quarter": 4,
            "eps": 1.84,
            "eps_growth_year": -34.05,
            "eps_4q": 8.34,
            "eps_4q_growth_year": 79.71,
            "roe": 7.48,
            "roe_4q": 53.489999999999995,
            "gross_profit": 303316,
            "gross_margin": 20.97,
            "gross_margin_4q_avg": 23.05,
            "net_income": 172593,
            "net_income_4q": null,
            "revenue": 1446436,
            "revenue_4q": null,
            "common_shares": 1064006,
            "book_valuer_per_share": 25.01,
            "book_valuer_per_share_4q_avg": 21.19,
            "equity": 2661427,
            "current_ratio": 220.67,
            "debt_ratio": 33.55,
            "inventory_turnover_ratio": 2.44,
            "account_receivable_turnover_ratio": null,
            "reinvestment_rate": null,
            "research_to_sale_ratio": null,
            "price_fair": 30.18,
            "eps_avg_yearly": 10.06,
            "eps_latest_yearly": 7.36,
            "eps_growth_yearly": -34.56
        },
        "20031": {
            "year_quarter": 20031,
            "year": 2003,
            "quarter": 1,
            "eps": 1.27,
            "eps_growth_year": -58.36,
            "eps_4q": 6.65,
            "eps_4q_growth_year": -11.58,
            "roe": 4.96,
            "roe_4q": 39.94,
            "gross_profit": 230670,
            "gross_margin": 16.18,
            "gross_margin_4q_avg": 21.41,
            "net_income": 135472,
            "net_income_4q": null,
            "revenue": 1425561,
            "revenue_4q": null,
            "common_shares": 1064006,
            "book_valuer_per_share": 26.29,
            "book_valuer_per_share_4q_avg": 23.26,
            "equity": 2796899,
            "current_ratio": 228.81,
            "debt_ratio": 33.24,
            "inventory_turnover_ratio": 2.04,
            "account_receivable_turnover_ratio": null,
            "reinvestment_rate": null,
            "research_to_sale_ratio": null,
            "price_fair": 27.19,
            "eps_avg_yearly": 9.06,
            "eps_latest_yearly": 5.08,
            "eps_growth_yearly": -52.43
        },
        "20032": {
            "year_quarter": 20032,
            "year": 2003,
            "quarter": 2,
            "eps": 0.92,
            "eps_growth_year": -69.74,
            "eps_4q": 4.31,
            "eps_4q_growth_year": -57.77,
            "roe": 4.88,
            "roe_4q": 28.950000000000003,
            "gross_profit": 274471,
            "gross_margin": 17.65,
            "gross_margin_4q_avg": 19.33,
            "net_income": 136411,
            "net_income_4q": null,
            "revenue": 1554834,
            "revenue_4q": null,
            "common_shares": 1064006,
            "book_valuer_per_share": 26.2,
            "book_valuer_per_share_4q_avg": 24.72,
            "equity": 2788162,
            "current_ratio": 290.31,
            "debt_ratio": 47.36,
            "inventory_turnover_ratio": 1.86,
            "account_receivable_turnover_ratio": null,
            "reinvestment_rate": null,
            "research_to_sale_ratio": null,
            "price_fair": 24.5,
            "eps_avg_yearly": 8.17,
            "eps_latest_yearly": 3.68,
            "eps_growth_yearly": -62.06
        },
        "20033": {
            "year_quarter": 20033,
            "year": 2003,
            "quarter": 3,
            "eps": 1.1,
            "eps_growth_year": -48.36,
            "eps_4q": 4.06,
            "eps_4q_growth_year": -53.66,
            "roe": 5.48,
            "roe_4q": 22.8,
            "gross_profit": 302616,
            "gross_margin": 17.29,
            "gross_margin_4q_avg": 18.02,
            "net_income": 165039,
            "net_income_4q": null,
            "revenue": 1749959,
            "revenue_4q": null,
            "common_shares": 1571386,
            "book_valuer_per_share": 20.62,
            "book_valuer_per_share_4q_avg": 24.53,
            "equity": 3239833,
            "current_ratio": 245.38,
            "debt_ratio": 44.19,
            "inventory_turnover_ratio": 1.58,
            "account_receivable_turnover_ratio": null,
            "reinvestment_rate": null,
            "research_to_sale_ratio": null,
            "price_fair": 22.89,
            "eps_avg_yearly": 7.63,
            "eps_latest_yearly": 4.4,
            "eps_growth_yearly": -42.02
        },
        "20034": {
            "year_quarter": 20034,
            "year": 2003,
            "quarter": 4,
            "eps": 2.16,
            "eps_growth_year": 17.39,
            "eps_4q": 5.02,
            "eps_4q_growth_year": -39.85,
            "roe": 9.44,
            "roe_4q": 24.76,
            "gross_profit": 404838,
            "gross_margin": 14.45,
            "gross_margin_4q_avg": 16.39,
            "net_income": 330561,
            "net_income_4q": null,
            "revenue": 2801263,
            "revenue_4q": null,
            "common_shares": 1624128,
            "book_valuer_per_share": 23.19,
            "book_valuer_per_share_4q_avg": 24.08,
            "equity": 3766786,
            "current_ratio": 186.38,
            "debt_ratio": 49.57,
            "inventory_turnover_ratio": 1.98,
            "account_receivable_turnover_ratio": null,
            "reinvestment_rate": null,
            "research_to_sale_ratio": null,
            "price_fair": 166.09,
            "eps_avg_yearly": 7.76,
            "eps_latest_yearly": 8.64,
            "eps_growth_yearly": 11.42
        },
        "20041": {
            "year_quarter": 20041,
            "year": 2004,
            "quarter": 1,
            "eps": 2.56,
            "eps_growth_year": 101.57,
            "eps_4q": 6.38,
            "eps_4q_growth_year": -4.18,
            "roe": 10.5,
            "roe_4q": 30.299999999999997,
            "gross_profit": 448748,
            "gross_margin": 17.59,
            "gross_margin_4q_avg": 16.75,
            "net_income": 424004,
            "net_income_4q": null,
            "revenue": 2551476,
            "revenue_4q": null,
            "common_shares": 1661140,
            "book_valuer_per_share": 25.92,
            "book_valuer_per_share_4q_avg": 23.98,
            "equity": 4305799,
            "current_ratio": 218.87,
            "debt_ratio": 41.07,
            "inventory_turnover_ratio": 1.87,
            "account_receivable_turnover_ratio": null,
            "reinvestment_rate": null,
            "research_to_sale_ratio": null,
            "price_fair": 227.91,
            "eps_avg_yearly": 8.03,
            "eps_latest_yearly": 10.24,
            "eps_growth_yearly": 18.38
        },
        "20042": {
            "year_quarter": 20042,
            "year": 2004,
            "quarter": 2,
            "eps": 3.04,
            "eps_growth_year": 230.43,
            "eps_4q": 8.59,
            "eps_4q_growth_year": 99.34,
            "roe": 11.39,
            "roe_4q": 36.81,
            "gross_profit": 433473,
            "gross_margin": 16.73,
            "gross_margin_4q_avg": 16.52,
            "net_income": 503882,
            "net_income_4q": null,
            "revenue": 2590527,
            "revenue_4q": null,
            "common_shares": 1661140,
            "book_valuer_per_share": 27.36,
            "book_valuer_per_share_4q_avg": 24.27,
            "equity": 4545481,
            "current_ratio": 192.39,
            "debt_ratio": 44.54,
            "inventory_turnover_ratio": 2.3,
            "account_receivable_turnover_ratio": null,
            "reinvestment_rate": null,
            "research_to_sale_ratio": null,
            "price_fair": 287.44,
            "eps_avg_yearly": 8.44,
            "eps_latest_yearly": 12.16,
            "eps_growth_yearly": 24.04
        },
        "20043": {
            "year_quarter": 20043,
            "year": 2004,
            "quarter": 3,
            "eps": 2.78,
            "eps_growth_year": 152.73,
            "eps_4q": 8.94,
            "eps_4q_growth_year": 120.09,
            "roe": 11.13,
            "roe_4q": 42.46,
            "gross_profit": 526770,
            "gross_margin": 18.06,
            "gross_margin_4q_avg": 16.71,
            "net_income": 567826,
            "net_income_4q": null,
            "revenue": 2916320,
            "revenue_4q": null,
            "common_shares": 2145296,
            "book_valuer_per_share": 26.36,
            "book_valuer_per_share_4q_avg": 25.71,
            "equity": 5654832,
            "current_ratio": 286.45,
            "debt_ratio": 43.25,
            "inventory_turnover_ratio": 2.44,
            "account_receivable_turnover_ratio": null,
            "reinvestment_rate": null,
            "research_to_sale_ratio": null,
            "price_fair": 249.72,
            "eps_avg_yearly": 8.69,
            "eps_latest_yearly": 11.12,
            "eps_growth_yearly": 18.75
        },
        "20044": {
            "year_quarter": 20044,
            "year": 2004,
            "quarter": 4,
            "eps": 2.67,
            "eps_growth_year": 23.61,
            "eps_4q": 9.89,
            "eps_4q_growth_year": 97.28,
            "roe": 9.16,
            "roe_4q": 42.18,
            "gross_profit": 500328,
            "gross_margin": 15.63,
            "gross_margin_4q_avg": 17,
            "net_income": 552833,
            "net_income_4q": null,
            "revenue": 3200430,
            "revenue_4q": null,
            "common_shares": 2237309,
            "book_valuer_per_share": 28.67,
            "book_valuer_per_share_4q_avg": 27.08,
            "equity": 6414991,
            "current_ratio": 205.43,
            "debt_ratio": 48.82,
            "inventory_turnover_ratio": 2.06,
            "account_receivable_turnover_ratio": null,
            "reinvestment_rate": 52.3,
            "research_to_sale_ratio": null,
            "price_fair": 228.98,
            "eps_avg_yearly": 8.85,
            "eps_latest_yearly": 10.68,
            "eps_growth_yearly": 15.86
        },
        "20051": {
            "year_quarter": 20051,
            "year": 2005,
            "quarter": 1,
            "eps": 2.81,
            "eps_growth_year": 9.77,
            "eps_4q": 9.81,
            "eps_4q_growth_year": 53.86,
            "roe": 9.31,
            "roe_4q": 40.99,
            "gross_profit": 517135,
            "gross_margin": 12.79,
            "gross_margin_4q_avg": 15.8,
            "net_income": 652161,
            "net_income_4q": null,
            "revenue": 4042757,
            "revenue_4q": null,
            "common_shares": 2369589,
            "book_valuer_per_share": 32.05,
            "book_valuer_per_share_4q_avg": 28.61,
            "equity": 7594878,
            "current_ratio": 259.68,
            "debt_ratio": 35.07,
            "inventory_turnover_ratio": 2.34,
            "account_receivable_turnover_ratio": null,
            "reinvestment_rate": 13.79,
            "research_to_sale_ratio": null,
            "price_fair": 237.28,
            "eps_avg_yearly": 9.04,
            "eps_latest_yearly": 11.24,
            "eps_growth_yearly": 16.26
        },
        "20052": {
            "year_quarter": 20052,
            "year": 2005,
            "quarter": 2,
            "eps": 2.34,
            "eps_growth_year": -23.03,
            "eps_4q": 9.89,
            "eps_4q_growth_year": 15.19,
            "roe": 7.4,
            "roe_4q": 37,
            "gross_profit": 379176,
            "gross_margin": 9.01,
            "gross_margin_4q_avg": 13.87,
            "net_income": 549250,
            "net_income_4q": null,
            "revenue": 4209178,
            "revenue_4q": null,
            "common_shares": 2370866,
            "book_valuer_per_share": 30.55,
            "book_valuer_per_share_4q_avg": 29.41,
            "equity": 7244022,
            "current_ratio": 200.96,
            "debt_ratio": 41.15,
            "inventory_turnover_ratio": 2.97,
            "account_receivable_turnover_ratio": null,
            "reinvestment_rate": 12.92,
            "research_to_sale_ratio": null,
            "price_fair": 184.07,
            "eps_avg_yearly": 9.06,
            "eps_latest_yearly": 9.36,
            "eps_growth_yearly": 10.32
        },
        "20053": {
            "year_quarter": 20053,
            "year": 2005,
            "quarter": 3,
            "eps": 2.04,
            "eps_growth_year": -26.62,
            "eps_4q": 7.93,
            "eps_4q_growth_year": -11.25,
            "roe": 6.98,
            "roe_4q": 32.85,
            "gross_profit": 379872,
            "gross_margin": 9.77,
            "gross_margin_4q_avg": 11.8,
            "net_income": 607073,
            "net_income_4q": null,
            "revenue": 3887883,
            "revenue_4q": null,
            "common_shares": 3255875,
            "book_valuer_per_share": 31.16,
            "book_valuer_per_share_4q_avg": 30.61,
            "equity": 10145567,
            "current_ratio": 319.24,
            "debt_ratio": 27,
            "inventory_turnover_ratio": 3.03,
            "account_receivable_turnover_ratio": null,
            "reinvestment_rate": 11.18,
            "research_to_sale_ratio": null,
            "price_fair": 145.89,
            "eps_avg_yearly": 9,
            "eps_latest_yearly": 8.16,
            "eps_growth_yearly": 6.21
        },
        "20054": {
            "year_quarter": 20054,
            "year": 2005,
            "quarter": 4,
            "eps": 1.9,
            "eps_growth_year": -28.84,
            "eps_4q": 7.84,
            "eps_4q_growth_year": -20.76,
            "roe": 5.55,
            "roe_4q": 29.240000000000002,
            "gross_profit": 300728,
            "gross_margin": 7.97,
            "gross_margin_4q_avg": 9.89,
            "net_income": 578530,
            "net_income_4q": null,
            "revenue": 3772300,
            "revenue_4q": null,
            "common_shares": 3255875,
            "book_valuer_per_share": 32.86,
            "book_valuer_per_share_4q_avg": 31.66,
            "equity": 10698029,
            "current_ratio": 261.36,
            "debt_ratio": 41.98,
            "inventory_turnover_ratio": 2.46,
            "account_receivable_turnover_ratio": null,
            "reinvestment_rate": 45.03,
            "research_to_sale_ratio": null,
            "price_fair": 125.73,
            "eps_avg_yearly": 8.91,
            "eps_latest_yearly": 7.6,
            "eps_growth_yearly": 4.11
        },
        "20061": {
            "year_quarter": 20061,
            "year": 2006,
            "quarter": 1,
            "eps": 1.49,
            "eps_growth_year": -46.98,
            "eps_4q": 6.82,
            "eps_4q_growth_year": -30.52,
            "roe": 4.44,
            "roe_4q": 24.369999999999997,
            "gross_profit": 271359,
            "gross_margin": 8.77,
            "gross_margin_4q_avg": 8.88,
            "net_income": 485400,
            "net_income_4q": null,
            "revenue": 3093769,
            "revenue_4q": null,
            "common_shares": 3255875,
            "book_valuer_per_share": 34.31,
            "book_valuer_per_share_4q_avg": 32.22,
            "equity": 11171804,
            "current_ratio": 262.99,
            "debt_ratio": 26,
            "inventory_turnover_ratio": 2.15,
            "account_receivable_turnover_ratio": null,
            "reinvestment_rate": 6.56,
            "research_to_sale_ratio": null,
            "price_fair": 25.57,
            "eps_avg_yearly": 8.52,
            "eps_latest_yearly": 5.96,
            "eps_growth_yearly": -3.62
        },
        "20062": {
            "year_quarter": 20062,
            "year": 2006,
            "quarter": 2,
            "eps": 0.83,
            "eps_growth_year": -64.53,
            "eps_4q": 5.51,
            "eps_4q_growth_year": -44.31,
            "roe": 2.73,
            "roe_4q": 19.7,
            "gross_profit": 292786,
            "gross_margin": 8.68,
            "gross_margin_4q_avg": 8.8,
            "net_income": 296409,
            "net_income_4q": null,
            "revenue": 3373139,
            "revenue_4q": null,
            "common_shares": 3414335,
            "book_valuer_per_share": 30.87,
            "book_valuer_per_share_4q_avg": 32.3,
            "equity": 10540934,
            "current_ratio": 212.73,
            "debt_ratio": 31.86,
            "inventory_turnover_ratio": 3.38,
            "account_receivable_turnover_ratio": null,
            "reinvestment_rate": 4.32,
            "research_to_sale_ratio": null,
            "price_fair": 23.91,
            "eps_avg_yearly": 7.97,
            "eps_latest_yearly": 3.32,
            "eps_growth_yearly": -14.61
        },
        "20063": {
            "year_quarter": 20063,
            "year": 2006,
            "quarter": 3,
            "eps": 1.3,
            "eps_growth_year": -36.27,
            "eps_4q": 5.08,
            "eps_4q_growth_year": -36.01,
            "roe": 4.32,
            "roe_4q": 17.040000000000003,
            "gross_profit": 273658,
            "gross_margin": 7.69,
            "gross_margin_4q_avg": 8.28,
            "net_income": 468134,
            "net_income_4q": null,
            "revenue": 3559601,
            "revenue_4q": null,
            "common_shares": 3670982,
            "book_valuer_per_share": 30.38,
            "book_valuer_per_share_4q_avg": 32.11,
            "equity": 11153038,
            "current_ratio": 234.43,
            "debt_ratio": 27.38,
            "inventory_turnover_ratio": 3.83,
            "account_receivable_turnover_ratio": null,
            "reinvestment_rate": 3.83,
            "research_to_sale_ratio": null,
            "price_fair": 132.2,
            "eps_avg_yearly": 7.76,
            "eps_latest_yearly": 5.2,
            "eps_growth_yearly": 7.03
        },
        "20064": {
            "year_quarter": 20064,
            "year": 2006,
            "quarter": 4,
            "eps": 1.27,
            "eps_growth_year": -33.16,
            "eps_4q": 4.71,
            "eps_4q_growth_year": -39.96,
            "roe": 4.01,
            "roe_4q": 15.5,
            "gross_profit": 300161,
            "gross_margin": 8.37,
            "gross_margin_4q_avg": 8.38,
            "net_income": 461875,
            "net_income_4q": null,
            "revenue": 3584966,
            "revenue_4q": null,
            "common_shares": 3670982,
            "book_valuer_per_share": 31.54,
            "book_valuer_per_share_4q_avg": 31.78,
            "equity": 11871405,
            "current_ratio": 196.93,
            "debt_ratio": 47.89,
            "inventory_turnover_ratio": 2.11,
            "account_receivable_turnover_ratio": null,
            "reinvestment_rate": 50.13,
            "research_to_sale_ratio": null,
            "price_fair": 151.31,
            "eps_avg_yearly": 7.62,
            "eps_latest_yearly": 5.08,
            "eps_growth_yearly": 9.86
        },
        "20071": {
            "year_quarter": 20071,
            "year": 2007,
            "quarter": 1,
            "eps": 0.77,
            "eps_growth_year": -48.32,
            "eps_4q": 4.13,
            "eps_4q_growth_year": -39.46,
            "roe": 2.36,
            "roe_4q": 13.42,
            "gross_profit": 172089,
            "gross_margin": 7.22,
            "gross_margin_4q_avg": 7.99,
            "net_income": 281368,
            "net_income_4q": null,
            "revenue": 2382753,
            "revenue_4q": null,
            "common_shares": 3670982,
            "book_valuer_per_share": 32.65,
            "book_valuer_per_share_4q_avg": 31.36,
            "equity": 11985808,
            "current_ratio": 284.46,
            "debt_ratio": 20.12,
            "inventory_turnover_ratio": 1.54,
            "account_receivable_turnover_ratio": null,
            "reinvestment_rate": 2.02,
            "research_to_sale_ratio": null,
            "price_fair": 133.11,
            "eps_avg_yearly": 7.5,
            "eps_latest_yearly": 3.08,
            "eps_growth_yearly": 7.76
        },
        "20072": {
            "year_quarter": 20072,
            "year": 2007,
            "quarter": 2,
            "eps": 1.29,
            "eps_growth_year": 55.42,
            "eps_4q": 4.45,
            "eps_4q_growth_year": -19.15,
            "roe": 4.21,
            "roe_4q": 14.9,
            "gross_profit": 160864,
            "gross_margin": 6.58,
            "gross_margin_4q_avg": 7.47,
            "net_income": 493900,
            "net_income_4q": null,
            "revenue": 2445906,
            "revenue_4q": null,
            "common_shares": 3670982,
            "book_valuer_per_share": 31.22,
            "book_valuer_per_share_4q_avg": 31.45,
            "equity": 11459148,
            "current_ratio": 215.62,
            "debt_ratio": 25.28,
            "inventory_turnover_ratio": 3.61,
            "account_receivable_turnover_ratio": null,
            "reinvestment_rate": 2.33,
            "research_to_sale_ratio": null,
            "price_fair": 265.56,
            "eps_avg_yearly": 7.59,
            "eps_latest_yearly": 5.16,
            "eps_growth_yearly": 31.53
        },
        "20073": {
            "year_quarter": 20073,
            "year": 2007,
            "quarter": 3,
            "eps": 1.49,
            "eps_growth_year": 14.62,
            "eps_4q": 4.72,
            "eps_4q_growth_year": -7.1,
            "roe": 4.85,
            "roe_4q": 15.429999999999998,
            "gross_profit": 348432,
            "gross_margin": 9.24,
            "gross_margin_4q_avg": 7.85,
            "net_income": 571231,
            "net_income_4q": null,
            "revenue": 3772488,
            "revenue_4q": null,
            "common_shares": 3839651,
            "book_valuer_per_share": 31.47,
            "book_valuer_per_share_4q_avg": 31.72,
            "equity": 12082647,
            "current_ratio": 221.15,
            "debt_ratio": 24.04,
            "inventory_turnover_ratio": 5.08,
            "account_receivable_turnover_ratio": null,
            "reinvestment_rate": 1.62,
            "research_to_sale_ratio": null,
            "price_fair": 268.98,
            "eps_avg_yearly": 7.69,
            "eps_latest_yearly": 5.96,
            "eps_growth_yearly": 30.52
        },
        "20074": {
            "year_quarter": 20074,
            "year": 2007,
            "quarter": 4,
            "eps": 1.52,
            "eps_growth_year": 19.68,
            "eps_4q": 5.02,
            "eps_4q_growth_year": 6.75,
            "roe": 4.64,
            "roe_4q": 16.06,
            "gross_profit": 308686,
            "gross_margin": 9.2,
            "gross_margin_4q_avg": 8.06,
            "net_income": 583959,
            "net_income_4q": null,
            "revenue": 3356681,
            "revenue_4q": null,
            "common_shares": 3839652,
            "book_valuer_per_share": 33.38,
            "book_valuer_per_share_4q_avg": 32.18,
            "equity": 13087301,
            "current_ratio": 175.03,
            "debt_ratio": 52.77,
            "inventory_turnover_ratio": 2.53,
            "account_receivable_turnover_ratio": null,
            "reinvestment_rate": 37.55,
            "research_to_sale_ratio": null,
            "price_fair": 127.39,
            "eps_avg_yearly": 7.53,
            "eps_latest_yearly": 6.08,
            "eps_growth_yearly": 6.93
        },
        "20081": {
            "year_quarter": 20081,
            "year": 2008,
            "quarter": 1,
            "eps": 0.84,
            "eps_growth_year": 9.09,
            "eps_4q": 5.22,
            "eps_4q_growth_year": 26.52,
            "roe": 2.42,
            "roe_4q": 16.12,
            "gross_profit": 844593,
            "gross_margin": 9.42,
            "gross_margin_4q_avg": 8.61,
            "net_income": 317205,
            "net_income_4q": null,
            "revenue": 8966538,
            "revenue_4q": null,
            "common_shares": 3839652,
            "book_valuer_per_share": 33.63,
            "book_valuer_per_share_4q_avg": 32.43,
            "equity": 13179378,
            "current_ratio": 179.81,
            "debt_ratio": 50.51,
            "inventory_turnover_ratio": 4.83,
            "account_receivable_turnover_ratio": null,
            "reinvestment_rate": 54.39,
            "research_to_sale_ratio": null,
            "price_fair": 21.29,
            "eps_avg_yearly": 7.1,
            "eps_latest_yearly": 3.36,
            "eps_growth_yearly": -8.88
        },
        "20082": {
            "year_quarter": 20082,
            "year": 2008,
            "quarter": 2,
            "eps": 1.06,
            "eps_growth_year": -17.83,
            "eps_4q": 4.77,
            "eps_4q_growth_year": 7.12,
            "roe": 3.3,
            "roe_4q": 15.209999999999999,
            "gross_profit": 970583,
            "gross_margin": 10.52,
            "gross_margin_4q_avg": 9.6,
            "net_income": 422958,
            "net_income_4q": null,
            "revenue": 9224108,
            "revenue_4q": null,
            "common_shares": 3839652,
            "book_valuer_per_share": 31.72,
            "book_valuer_per_share_4q_avg": 32.55,
            "equity": 12444122,
            "current_ratio": 159.67,
            "debt_ratio": 55.23,
            "inventory_turnover_ratio": 4.99,
            "account_receivable_turnover_ratio": null,
            "reinvestment_rate": 60.58,
            "research_to_sale_ratio": null,
            "price_fair": 19.8,
            "eps_avg_yearly": 6.6,
            "eps_latest_yearly": 4.24,
            "eps_growth_yearly": -7.02
        },
        "20083": {
            "year_quarter": 20083,
            "year": 2008,
            "quarter": 3,
            "eps": 1.13,
            "eps_growth_year": -24.16,
            "eps_4q": 4.5,
            "eps_4q_growth_year": -4.7,
            "roe": 3.48,
            "roe_4q": 13.84,
            "gross_profit": 1120360,
            "gross_margin": 12.03,
            "gross_margin_4q_avg": 10.29,
            "net_income": 449274,
            "net_income_4q": null,
            "revenue": 9309479,
            "revenue_4q": null,
            "common_shares": 4014866,
            "book_valuer_per_share": 32.75,
            "book_valuer_per_share_4q_avg": 32.87,
            "equity": 13409100,
            "current_ratio": 163.33,
            "debt_ratio": 54.61,
            "inventory_turnover_ratio": 4.27,
            "account_receivable_turnover_ratio": null,
            "reinvestment_rate": 68.64,
            "research_to_sale_ratio": null,
            "price_fair": 18.56,
            "eps_avg_yearly": 6.19,
            "eps_latest_yearly": 4.52,
            "eps_growth_yearly": -3.24
        },
        "20084": {
            "year_quarter": 20084,
            "year": 2008,
            "quarter": 4,
            "eps": 0.13,
            "eps_growth_year": -91.45,
            "eps_4q": 29.13,
            "eps_4q_growth_year": 479.66,
            "roe": 0.04,
            "roe_4q": 9.24,
            "gross_profit": 486586,
            "gross_margin": 7.47,
            "gross_margin_4q_avg": 9.86,
            "net_income": 5604,
            "net_income_4q": null,
            "revenue": 6515658,
            "revenue_4q": null,
            "common_shares": 4014867,
            "book_valuer_per_share": 33.22,
            "book_valuer_per_share_4q_avg": 32.83,
            "equity": 13549218,
            "current_ratio": 184.05,
            "debt_ratio": 44.44,
            "inventory_turnover_ratio": 3.41,
            "account_receivable_turnover_ratio": 1.39,
            "reinvestment_rate": 61.63,
            "research_to_sale_ratio": null,
            "price_fair": 16.66,
            "eps_avg_yearly": 5.55,
            "eps_latest_yearly": 0.52,
            "eps_growth_yearly": -24.37
        },
        "20091": {
            "year_quarter": 20091,
            "year": 2009,
            "quarter": 1,
            "eps": 0.24,
            "eps_growth_year": -71.43,
            "eps_4q": 2.83,
            "eps_4q_growth_year": -45.75,
            "roe": 0.63,
            "roe_4q": 7.45,
            "gross_profit": 367836,
            "gross_margin": 5.1,
            "gross_margin_4q_avg": 8.78,
            "net_income": 87089,
            "net_income_4q": null,
            "revenue": 7211947,
            "revenue_4q": null,
            "common_shares": 4014867,
            "book_valuer_per_share": 34.18,
            "book_valuer_per_share_4q_avg": 32.97,
            "equity": 13930962,
            "current_ratio": 175.71,
            "debt_ratio": 46.54,
            "inventory_turnover_ratio": 4.54,
            "account_receivable_turnover_ratio": 0.83,
            "reinvestment_rate": 93.28,
            "research_to_sale_ratio": null,
            "price_fair": 14.73,
            "eps_avg_yearly": 4.91,
            "eps_latest_yearly": 0.96,
            "eps_growth_yearly": -4.53
        },
        "20092": {
            "year_quarter": 20092,
            "year": 2009,
            "quarter": 2,
            "eps": 0.57,
            "eps_growth_year": -46.23,
            "eps_4q": 2.14,
            "eps_4q_growth_year": -55.11,
            "roe": 1.64,
            "roe_4q": 5.79,
            "gross_profit": 809382,
            "gross_margin": 8.68,
            "gross_margin_4q_avg": 8.32,
            "net_income": 222899,
            "net_income_4q": null,
            "revenue": 9328165,
            "revenue_4q": null,
            "common_shares": 4014867,
            "book_valuer_per_share": 32.34,
            "book_valuer_per_share_4q_avg": 33.12,
            "equity": 13176247,
            "current_ratio": 153.1,
            "debt_ratio": 52.49,
            "inventory_turnover_ratio": 5.18,
            "account_receivable_turnover_ratio": 1.11,
            "reinvestment_rate": 93.33,
            "research_to_sale_ratio": null,
            "price_fair": 156.36,
            "eps_avg_yearly": 4.47,
            "eps_latest_yearly": 2.28,
            "eps_growth_yearly": 34.03
        },
        "20093": {
            "year_quarter": 20093,
            "year": 2009,
            "quarter": 3,
            "eps": 1.24,
            "eps_growth_year": 9.73,
            "eps_4q": 2.22,
            "eps_4q_growth_year": -50.6,
            "roe": 3.75,
            "roe_4q": 6.06,
            "gross_profit": 1209601,
            "gross_margin": 11.26,
            "gross_margin_4q_avg": 8.13,
            "net_income": 499379,
            "net_income_4q": null,
            "revenue": 10739132,
            "revenue_4q": null,
            "common_shares": 4135207,
            "book_valuer_per_share": 32.18,
            "book_valuer_per_share_4q_avg": 32.98,
            "equity": 13485989,
            "current_ratio": 151.94,
            "debt_ratio": 53.91,
            "inventory_turnover_ratio": 5.43,
            "account_receivable_turnover_ratio": 1.18,
            "reinvestment_rate": 89.29,
            "research_to_sale_ratio": null,
            "price_fair": 149.36,
            "eps_avg_yearly": 4.27,
            "eps_latest_yearly": 4.96,
            "eps_growth_yearly": 66.62
        },
        "20094": {
            "year_quarter": 20094,
            "year": 2009,
            "quarter": 4,
            "eps": 1.26,
            "eps_growth_year": 869.23,
            "eps_4q": 3.3,
            "eps_4q_growth_year": -88.68,
            "roe": 3.76,
            "roe_4q": 9.780000000000001,
            "gross_profit": 992327,
            "gross_margin": 10.53,
            "gross_margin_4q_avg": 8.89,
            "net_income": 515147,
            "net_income_4q": null,
            "revenue": 9423169,
            "revenue_4q": null,
            "common_shares": 4135207,
            "book_valuer_per_share": 33.31,
            "book_valuer_per_share_4q_avg": 33,
            "equity": 13939648,
            "current_ratio": 166.04,
            "debt_ratio": 48.68,
            "inventory_turnover_ratio": 5.2,
            "account_receivable_turnover_ratio": 2.41,
            "reinvestment_rate": 209.63,
            "research_to_sale_ratio": null,
            "price_fair": 143.76,
            "eps_avg_yearly": 4.11,
            "eps_latest_yearly": 5.04,
            "eps_growth_yearly": 68.74
        },
        "20101": {
            "year_quarter": 20101,
            "year": 2010,
            "quarter": 1,
            "eps": 1.06,
            "eps_growth_year": 341.67,
            "eps_4q": 4.13,
            "eps_4q_growth_year": 45.83,
            "roe": 3.12,
            "roe_4q": 12.27,
            "gross_profit": 868811,
            "gross_margin": 8.94,
            "gross_margin_4q_avg": 9.85,
            "net_income": 438570,
            "net_income_4q": null,
            "revenue": 9720289,
            "revenue_4q": null,
            "common_shares": 4135207,
            "book_valuer_per_share": 34.23,
            "book_valuer_per_share_4q_avg": 33.02,
            "equity": 14141905,
            "current_ratio": 160.06,
            "debt_ratio": 51.03,
            "inventory_turnover_ratio": 5.71,
            "account_receivable_turnover_ratio": 1.21,
            "reinvestment_rate": 250.98,
            "research_to_sale_ratio": 1.34,
            "price_fair": 140,
            "eps_avg_yearly": 4,
            "eps_latest_yearly": 4.24,
            "eps_growth_yearly": 70.17
        },
        "20102": {
            "year_quarter": 20102,
            "year": 2010,
            "quarter": 2,
            "eps": 1.51,
            "eps_growth_year": 165.61,
            "eps_4q": 4.97,
            "eps_4q_growth_year": 132.01,
            "roe": 4.58,
            "roe_4q": 15.21,
            "gross_profit": 1198283,
            "gross_margin": 9.56,
            "gross_margin_4q_avg": 10.07,
            "net_income": 644292,
            "net_income_4q": null,
            "revenue": 12539205,
            "revenue_4q": null,
            "common_shares": 4135207,
            "book_valuer_per_share": 33.89,
            "book_valuer_per_share_4q_avg": 33.4,
            "equity": 14002199,
            "current_ratio": 145.69,
            "debt_ratio": 60.05,
            "inventory_turnover_ratio": 6.25,
            "account_receivable_turnover_ratio": 1.28,
            "reinvestment_rate": 248.82,
            "research_to_sale_ratio": 1.26,
            "price_fair": 145.95,
            "eps_avg_yearly": 4.17,
            "eps_latest_yearly": 6.04,
            "eps_growth_yearly": 91.85
        },
        "20103": {
            "year_quarter": 20103,
            "year": 2010,
            "quarter": 3,
            "eps": 1.57,
            "eps_growth_year": 26.61,
            "eps_4q": 5.34,
            "eps_4q_growth_year": 140.33,
            "roe": 4.69,
            "roe_4q": 16.15,
            "gross_profit": 1102853,
            "gross_margin": 8.92,
            "gross_margin_4q_avg": 9.49,
            "net_income": 668112,
            "net_income_4q": null,
            "revenue": 12359773,
            "revenue_4q": null,
            "common_shares": 4259158,
            "book_valuer_per_share": 34.04,
            "book_valuer_per_share_4q_avg": 33.87,
            "equity": 14486836,
            "current_ratio": 148.89,
            "debt_ratio": 60.43,
            "inventory_turnover_ratio": 5.33,
            "account_receivable_turnover_ratio": 1.11,
            "reinvestment_rate": 248.93,
            "research_to_sale_ratio": 1.53,
            "price_fair": 148.31,
            "eps_avg_yearly": 4.24,
            "eps_latest_yearly": 6.28,
            "eps_growth_yearly": 78.69
        },
        "20104": {
            "year_quarter": 20104,
            "year": 2010,
            "quarter": 4,
            "eps": 2,
            "eps_growth_year": 58.38,
            "eps_4q": 6.11,
            "eps_4q_growth_year": 85.32,
            "roe": 5.83,
            "roe_4q": 18.22,
            "gross_profit": 1465292,
            "gross_margin": 10.7,
            "gross_margin_4q_avg": 9.53,
            "net_income": 849272,
            "net_income_4q": null,
            "revenue": 13692204,
            "revenue_4q": null,
            "common_shares": 4259158,
            "book_valuer_per_share": 34.42,
            "book_valuer_per_share_4q_avg": 34.15,
            "equity": 14648300,
            "current_ratio": 165.08,
            "debt_ratio": 52.93,
            "inventory_turnover_ratio": 5.66,
            "account_receivable_turnover_ratio": 1.35,
            "reinvestment_rate": 184.09,
            "research_to_sale_ratio": 1.44,
            "price_fair": 154.7,
            "eps_avg_yearly": 4.42,
            "eps_latest_yearly": 8,
            "eps_growth_yearly": 86.11
        },
        "20111": {
            "year_quarter": 20111,
            "year": 2011,
            "quarter": 1,
            "eps": 2.33,
            "eps_growth_year": 119.81,
            "eps_4q": 7.41,
            "eps_4q_growth_year": 79.4,
            "roe": 6.5,
            "roe_4q": 21.6,
            "gross_profit": 1540754,
            "gross_margin": 10.14,
            "gross_margin_4q_avg": 9.83,
            "net_income": 991488,
            "net_income_4q": null,
            "revenue": 15193172,
            "revenue_4q": null,
            "common_shares": 4259158,
            "book_valuer_per_share": 37.25,
            "book_valuer_per_share_4q_avg": 34.9,
            "equity": 15851259,
            "current_ratio": 149.78,
            "debt_ratio": 58.06,
            "inventory_turnover_ratio": 6.35,
            "account_receivable_turnover_ratio": 1.37,
            "reinvestment_rate": 233.98,
            "research_to_sale_ratio": 1.36,
            "price_fair": 168.35,
            "eps_avg_yearly": 4.81,
            "eps_latest_yearly": 9.32,
            "eps_growth_yearly": 100.08
        },
        "20112": {
            "year_quarter": 20112,
            "year": 2011,
            "quarter": 2,
            "eps": 3.08,
            "eps_growth_year": 103.7,
            "eps_4q": 8.81,
            "eps_4q_growth_year": 77.26,
            "roe": 8.64,
            "roe_4q": 25.66,
            "gross_profit": 2032044,
            "gross_margin": 11.66,
            "gross_margin_4q_avg": 10.36,
            "net_income": 1351827,
            "net_income_4q": null,
            "revenue": 17425268,
            "revenue_4q": null,
            "common_shares": 4386828,
            "book_valuer_per_share": 35.24,
            "book_valuer_per_share_4q_avg": 35.24,
            "equity": 15445086,
            "current_ratio": 134.71,
            "debt_ratio": 64.14,
            "inventory_turnover_ratio": 6.74,
            "account_receivable_turnover_ratio": 1.42,
            "reinvestment_rate": 222.76,
            "research_to_sale_ratio": 1.47,
            "price_fair": 184.01,
            "eps_avg_yearly": 5.26,
            "eps_latest_yearly": 12.32,
            "eps_growth_yearly": 91.25
        },
        "20113": {
            "year_quarter": 20113,
            "year": 2011,
            "quarter": 3,
            "eps": 2.31,
            "eps_growth_year": 47,
            "eps_4q": 9.59,
            "eps_4q_growth_year": 79.71,
            "roe": 6.06,
            "roe_4q": 27.03,
            "gross_profit": 1531490,
            "gross_margin": 9.71,
            "gross_margin_4q_avg": 10.55,
            "net_income": 1011614,
            "net_income_4q": null,
            "revenue": 15765223,
            "revenue_4q": null,
            "common_shares": 4386828,
            "book_valuer_per_share": 40.92,
            "book_valuer_per_share_4q_avg": 36.96,
            "equity": 17935677,
            "current_ratio": 146.37,
            "debt_ratio": 65.37,
            "inventory_turnover_ratio": 5.96,
            "account_receivable_turnover_ratio": 1.34,
            "reinvestment_rate": 264.94,
            "research_to_sale_ratio": 1.44,
            "price_fair": 191.19,
            "eps_avg_yearly": 5.46,
            "eps_latest_yearly": 9.24,
            "eps_growth_yearly": 81.12
        },
        "20114": {
            "year_quarter": 20114,
            "year": 2011,
            "quarter": 4,
            "eps": 2.36,
            "eps_growth_year": 18.04,
            "eps_4q": 10.01,
            "eps_4q_growth_year": 63.82,
            "roe": 5.6,
            "roe_4q": 26.8,
            "gross_profit": 1640248,
            "gross_margin": 10.9,
            "gross_margin_4q_avg": 10.6,
            "net_income": 1032550,
            "net_income_4q": null,
            "revenue": 15047711,
            "revenue_4q": null,
            "common_shares": 4383328,
            "book_valuer_per_share": 43.27,
            "book_valuer_per_share_4q_avg": 39.17,
            "equity": 18967896,
            "current_ratio": 157.41,
            "debt_ratio": 60.21,
            "inventory_turnover_ratio": 5.7,
            "account_receivable_turnover_ratio": 1.31,
            "reinvestment_rate": 217.58,
            "research_to_sale_ratio": 2.17,
            "price_fair": 198.54,
            "eps_avg_yearly": 5.67,
            "eps_latest_yearly": 9.44,
            "eps_growth_yearly": 81.16
        },
        "20121": {
            "year_quarter": 20121,
            "year": 2012,
            "quarter": 1,
            "eps": 2.75,
            "eps_growth_year": 18.03,
            "eps_4q": 10.5,
            "eps_4q_growth_year": 41.65,
            "roe": 6.22,
            "roe_4q": 26.52,
            "gross_profit": 1833486,
            "gross_margin": 10.42,
            "gross_margin_4q_avg": 10.67,
            "net_income": 1204471,
            "net_income_4q": null,
            "revenue": 17594427,
            "revenue_4q": null,
            "common_shares": 4383328,
            "book_valuer_per_share": 45.02,
            "book_valuer_per_share_4q_avg": 41.11,
            "equity": 19734122,
            "current_ratio": 147.76,
            "debt_ratio": 64.18,
            "inventory_turnover_ratio": 6.12,
            "account_receivable_turnover_ratio": 1.54,
            "reinvestment_rate": 199.58,
            "research_to_sale_ratio": 1.32,
            "price_fair": 215.25,
            "eps_avg_yearly": 6.15,
            "eps_latest_yearly": 11,
            "eps_growth_yearly": 96.47
        },
        "20122": {
            "year_quarter": 20122,
            "year": 2012,
            "quarter": 2,
            "eps": 3.86,
            "eps_growth_year": 25.29,
            "eps_4q": 11.06,
            "eps_4q_growth_year": 25.57,
            "roe": 9.06,
            "roe_4q": 26.94,
            "gross_profit": 2818770,
            "gross_margin": 13.24,
            "gross_margin_4q_avg": 11.07,
            "net_income": 1744486,
            "net_income_4q": null,
            "revenue": 21295516,
            "revenue_4q": null,
            "common_shares": 4383328,
            "book_valuer_per_share": 42.86,
            "book_valuer_per_share_4q_avg": 43.02,
            "equity": 18786390,
            "current_ratio": 132.2,
            "debt_ratio": 69.64,
            "inventory_turnover_ratio": 6.44,
            "account_receivable_turnover_ratio": 1.59,
            "reinvestment_rate": 187.83,
            "research_to_sale_ratio": 1.26,
            "price_fair": 239.75,
            "eps_avg_yearly": 6.85,
            "eps_latest_yearly": 15.44,
            "eps_growth_yearly": 100.02
        },
        "20123": {
            "year_quarter": 20123,
            "year": 2012,
            "quarter": 3,
            "eps": 2.72,
            "eps_growth_year": 18.01,
            "eps_4q": 11.54,
            "eps_4q_growth_year": 20.34,
            "roe": 6.41,
            "roe_4q": 27.29,
            "gross_profit": 1995561,
            "gross_margin": 11.24,
            "gross_margin_4q_avg": 11.45,
            "net_income": 1229670,
            "net_income_4q": null,
            "revenue": 17750180,
            "revenue_4q": null,
            "common_shares": 4514828,
            "book_valuer_per_share": 43.33,
            "book_valuer_per_share_4q_avg": 43.62,
            "equity": 19563680,
            "current_ratio": 161.7,
            "debt_ratio": 58.4,
            "inventory_turnover_ratio": 5.14,
            "account_receivable_turnover_ratio": 1.23,
            "reinvestment_rate": 174.75,
            "research_to_sale_ratio": 1.56,
            "price_fair": 253.66,
            "eps_avg_yearly": 7.25,
            "eps_latest_yearly": 10.88,
            "eps_growth_yearly": 90.98
        },
        "20124": {
            "year_quarter": 20124,
            "year": 2012,
            "quarter": 4,
            "eps": 2.79,
            "eps_growth_year": 18.64,
            "eps_4q": 12.05,
            "eps_4q_growth_year": 20.39,
            "roe": 6.25,
            "roe_4q": 27.939999999999998,
            "gross_profit": 2309300,
            "gross_margin": 11.8,
            "gross_margin_4q_avg": 11.68,
            "net_income": 1261764,
            "net_income_4q": null,
            "revenue": 19572087,
            "revenue_4q": null,
            "common_shares": 4514828,
            "book_valuer_per_share": 46.09,
            "book_valuer_per_share_4q_avg": 44.33,
            "equity": 20806748,
            "current_ratio": 169.94,
            "debt_ratio": 55.45,
            "inventory_turnover_ratio": 5.39,
            "account_receivable_turnover_ratio": 1.29,
            "reinvestment_rate": 161.93,
            "research_to_sale_ratio": 1.51,
            "price_fair": 276.94,
            "eps_avg_yearly": 7.91,
            "eps_latest_yearly": 11.16,
            "eps_growth_yearly": 113.75
        },
        "20131": {
            "year_quarter": 20131,
            "year": 2013,
            "quarter": 1,
            "eps": 2.87,
            "eps_growth_year": 4.36,
            "eps_4q": 12.25,
            "eps_4q_growth_year": 16.74,
            "roe": 6.07,
            "roe_4q": 27.79,
            "gross_profit": 2270350,
            "gross_margin": 13.05,
            "gross_margin_4q_avg": 12.33,
            "net_income": 1295847,
            "net_income_4q": null,
            "revenue": 17393662,
            "revenue_4q": null,
            "common_shares": 4514828,
            "book_valuer_per_share": 48.49,
            "book_valuer_per_share_4q_avg": 45.19,
            "equity": 21892753,
            "current_ratio": 149.05,
            "debt_ratio": 59.11,
            "inventory_turnover_ratio": 5.39,
            "account_receivable_turnover_ratio": 0.96,
            "reinvestment_rate": 27.15,
            "research_to_sale_ratio": 1.86,
            "price_fair": 299.95,
            "eps_avg_yearly": 8.57,
            "eps_latest_yearly": 11.48,
            "eps_growth_yearly": 93.31
        },
        "20132": {
            "year_quarter": 20132,
            "year": 2013,
            "quarter": 2,
            "eps": 1.6,
            "eps_growth_year": -58.59,
            "eps_4q": 9.75,
            "eps_4q_growth_year": -11.86,
            "roe": 3.61,
            "roe_4q": 22.34,
            "gross_profit": 1411230,
            "gross_margin": 11.03,
            "gross_margin_4q_avg": 11.78,
            "net_income": 745727,
            "net_income_4q": null,
            "revenue": 12790626,
            "revenue_4q": null,
            "common_shares": 4514828,
            "book_valuer_per_share": 43.14,
            "book_valuer_per_share_4q_avg": 45.26,
            "equity": 19477573,
            "current_ratio": 149.09,
            "debt_ratio": 62.99,
            "inventory_turnover_ratio": 5.03,
            "account_receivable_turnover_ratio": 0.78,
            "reinvestment_rate": 3.09,
            "research_to_sale_ratio": 2.76,
            "price_fair": 308.96,
            "eps_avg_yearly": 8.83,
            "eps_latest_yearly": 6.4,
            "eps_growth_yearly": 47.87
        },
        "20133": {
            "year_quarter": 20133,
            "year": 2013,
            "quarter": 3,
            "eps": 2.26,
            "eps_growth_year": -17.02,
            "eps_4q": 9.36,
            "eps_4q_growth_year": -18.87,
            "roe": 5.28,
            "roe_4q": 21.21,
            "gross_profit": 2173863,
            "gross_margin": 14.74,
            "gross_margin_4q_avg": 12.66,
            "net_income": 1051062,
            "net_income_4q": null,
            "revenue": 14750148,
            "revenue_4q": null,
            "common_shares": 4650273,
            "book_valuer_per_share": 43.67,
            "book_valuer_per_share_4q_avg": 45.35,
            "equity": 20309467,
            "current_ratio": 176.38,
            "debt_ratio": 55.49,
            "inventory_turnover_ratio": 5.32,
            "account_receivable_turnover_ratio": 1.18,
            "reinvestment_rate": 2.81,
            "research_to_sale_ratio": 2.77,
            "price_fair": 317.89,
            "eps_avg_yearly": 9.08,
            "eps_latest_yearly": 9.04,
            "eps_growth_yearly": 28.8
        },
        "20134": {
            "year_quarter": 20134,
            "year": 2013,
            "quarter": 4,
            "eps": 3.48,
            "eps_growth_year": 24.49,
            "eps_4q": 10.13,
            "eps_4q_growth_year": -15.94,
            "roe": 7.59,
            "roe_4q": 22.55,
            "gross_profit": 3227804,
            "gross_margin": 17.35,
            "gross_margin_4q_avg": 14.04,
            "net_income": 1617915,
            "net_income_4q": null,
            "revenue": 18607531,
            "revenue_4q": null,
            "common_shares": 4650273,
            "book_valuer_per_share": 48.01,
            "book_valuer_per_share_4q_avg": 45.83,
            "equity": 22327786,
            "current_ratio": 156.97,
            "debt_ratio": 57.5,
            "inventory_turnover_ratio": 4.93,
            "account_receivable_turnover_ratio": 1.41,
            "reinvestment_rate": -53.05,
            "research_to_sale_ratio": 1.87,
            "price_fair": 337.31,
            "eps_avg_yearly": 9.64,
            "eps_latest_yearly": 13.92,
            "eps_growth_yearly": 41.89
        },
        "20141": {
            "year_quarter": 20141,
            "year": 2014,
            "quarter": 1,
            "eps": 1.69,
            "eps_growth_year": -41.12,
            "eps_4q": 9.03,
            "eps_4q_growth_year": -26.29,
            "roe": 3.42,
            "roe_4q": 19.9,
            "gross_profit": 1697471,
            "gross_margin": 13.51,
            "gross_margin_4q_avg": 14.16,
            "net_income": 785252,
            "net_income_4q": null,
            "revenue": 12567840,
            "revenue_4q": null,
            "common_shares": 4650273,
            "book_valuer_per_share": 50.74,
            "book_valuer_per_share_4q_avg": 46.39,
            "equity": 23597216,
            "current_ratio": 197.74,
            "debt_ratio": 53.74,
            "inventory_turnover_ratio": 3.95,
            "account_receivable_turnover_ratio": 0.99,
            "reinvestment_rate": -54.71,
            "research_to_sale_ratio": 3.05,
            "price_fair": 342.83,
            "eps_avg_yearly": 9.8,
            "eps_latest_yearly": 6.76,
            "eps_growth_yearly": 33
        },
        "20142": {
            "year_quarter": 20142,
            "year": 2014,
            "quarter": 2,
            "eps": 1.38,
            "eps_growth_year": -13.75,
            "eps_4q": 8.81,
            "eps_4q_growth_year": -9.64,
            "roe": 2.91,
            "roe_4q": 19.2,
            "gross_profit": 1421684,
            "gross_margin": 13.24,
            "gross_margin_4q_avg": 14.71,
            "net_income": 641941,
            "net_income_4q": null,
            "revenue": 10741004,
            "revenue_4q": null,
            "common_shares": 4650273,
            "book_valuer_per_share": 44.08,
            "book_valuer_per_share_4q_avg": 46.63,
            "equity": 20496314,
            "current_ratio": 195.46,
            "debt_ratio": 61.97,
            "inventory_turnover_ratio": 4.78,
            "account_receivable_turnover_ratio": 1.1,
            "reinvestment_rate": -61.04,
            "research_to_sale_ratio": 4.08,
            "price_fair": 271.43,
            "eps_avg_yearly": 9.76,
            "eps_latest_yearly": 5.52,
            "eps_growth_yearly": 17.8
        },
        "20143": {
            "year_quarter": 20143,
            "year": 2014,
            "quarter": 3,
            "eps": 1.96,
            "eps_growth_year": -13.27,
            "eps_4q": 8.51,
            "eps_4q_growth_year": -9.13,
            "roe": 4.3,
            "roe_4q": 18.22,
            "gross_profit": 1771214,
            "gross_margin": 13.59,
            "gross_margin_4q_avg": 14.42,
            "net_income": 911751,
            "net_income_4q": null,
            "revenue": 13031225,
            "revenue_4q": null,
            "common_shares": 4650273,
            "book_valuer_per_share": 47.03,
            "book_valuer_per_share_4q_avg": 47.47,
            "equity": 21870538,
            "current_ratio": 216.45,
            "debt_ratio": 57.78,
            "inventory_turnover_ratio": 4.7,
            "account_receivable_turnover_ratio": 1.33,
            "reinvestment_rate": -63.72,
            "research_to_sale_ratio": 3.91,
            "price_fair": 345.1,
            "eps_avg_yearly": 9.86,
            "eps_latest_yearly": 7.84,
            "eps_growth_yearly": 27.32
        },
        "20144": {
            "year_quarter": 20144,
            "year": 2014,
            "quarter": 4,
            "eps": 2.98,
            "eps_growth_year": -14.24,
            "eps_4q": 8.01,
            "eps_4q_growth_year": -20.89,
            "roe": 5.99,
            "roe_4q": 16.619999999999997,
            "gross_profit": 2115734,
            "gross_margin": 14.08,
            "gross_margin_4q_avg": 13.61,
            "net_income": 1387540,
            "net_income_4q": null,
            "revenue": 15031721,
            "revenue_4q": null,
            "common_shares": 4650273,
            "book_valuer_per_share": 52.58,
            "book_valuer_per_share_4q_avg": 48.61,
            "equity": 24449754,
            "current_ratio": 216.43,
            "debt_ratio": 55.81,
            "inventory_turnover_ratio": 4.72,
            "account_receivable_turnover_ratio": 1.31,
            "reinvestment_rate": -57.68,
            "research_to_sale_ratio": 3.11,
            "price_fair": 353.68,
            "eps_avg_yearly": 10.11,
            "eps_latest_yearly": 11.92,
            "eps_growth_yearly": 33.48
        },
        "20151": {
            "year_quarter": 20151,
            "year": 2015,
            "quarter": 1,
            "eps": 0.85,
            "eps_growth_year": -49.7,
            "eps_4q": 7.18,
            "eps_4q_growth_year": -20.55,
            "roe": 1.62,
            "roe_4q": 14.82,
            "gross_profit": 962865,
            "gross_margin": 10.2,
            "gross_margin_4q_avg": 12.78,
            "net_income": 395605,
            "net_income_4q": null,
            "revenue": 9435962,
            "revenue_4q": null,
            "common_shares": 4650273,
            "book_valuer_per_share": 52.55,
            "book_valuer_per_share_4q_avg": 49.06,
            "equity": 24435814,
            "current_ratio": 231.92,
            "debt_ratio": 53,
            "inventory_turnover_ratio": 3.41,
            "account_receivable_turnover_ratio": 0.98,
            "reinvestment_rate": -70.43,
            "research_to_sale_ratio": 4.94,
            "price_fair": 209.17,
            "eps_avg_yearly": 9.74,
            "eps_latest_yearly": 3.4,
            "eps_growth_yearly": 11.49
        },
        "20152": {
            "year_quarter": 20152,
            "year": 2015,
            "quarter": 2,
            "eps": 0.03,
            "eps_growth_year": -97.83,
            "eps_4q": 5.83,
            "eps_4q_growth_year": -33.85,
            "roe": 0.06,
            "roe_4q": 11.969999999999999,
            "gross_profit": 829941,
            "gross_margin": 8.89,
            "gross_margin_4q_avg": 11.69,
            "net_income": 14846,
            "net_income_4q": null,
            "revenue": 9332608,
            "revenue_4q": null,
            "common_shares": 4650273,
            "book_valuer_per_share": 46.53,
            "book_valuer_per_share_4q_avg": 49.67,
            "equity": 21637808,
            "current_ratio": 191.59,
            "debt_ratio": 59.03,
            "inventory_turnover_ratio": 3.33,
            "account_receivable_turnover_ratio": 1.34,
            "reinvestment_rate": -77.82,
            "research_to_sale_ratio": 5.34,
            "price_fair": 26.92,
            "eps_avg_yearly": 8.97,
            "eps_latest_yearly": 0.12,
            "eps_growth_yearly": -20.68
        },
        "20153": {
            "year_quarter": 20153,
            "year": 2015,
            "quarter": 3,
            "eps": 2.78,
            "eps_growth_year": 41.84,
            "eps_4q": 6.65,
            "eps_4q_growth_year": -21.87,
            "roe": 5.72,
            "roe_4q": 13.39,
            "gross_profit": 2296038,
            "gross_margin": 14.91,
            "gross_margin_4q_avg": 12.02,
            "net_income": 1293690,
            "net_income_4q": null,
            "revenue": 15400025,
            "revenue_4q": null,
            "common_shares": 4650273,
            "book_valuer_per_share": 50.7,
            "book_valuer_per_share_4q_avg": 50.59,
            "equity": 23577348,
            "current_ratio": 146.31,
            "debt_ratio": 65.53,
            "inventory_turnover_ratio": 3.84,
            "account_receivable_turnover_ratio": 1.46,
            "reinvestment_rate": -91.17,
            "research_to_sale_ratio": 3.51,
            "price_fair": 318.15,
            "eps_avg_yearly": 9.09,
            "eps_latest_yearly": 11.12,
            "eps_growth_yearly": 2277.24
        },
        "20154": {
            "year_quarter": 20154,
            "year": 2015,
            "quarter": 4,
            "eps": 2.94,
            "eps_growth_year": -1.32,
            "eps_4q": 6.61,
            "eps_4q_growth_year": -17.53,
            "roe": 5.72,
            "roe_4q": 13.120000000000001,
            "gross_profit": 2305596,
            "gross_margin": 13.05,
            "gross_margin_4q_avg": 11.76,
            "net_income": 1369211,
            "net_income_4q": null,
            "revenue": 17662113,
            "revenue_4q": null,
            "common_shares": 4650273,
            "book_valuer_per_share": 52.27,
            "book_valuer_per_share_4q_avg": 50.51,
            "equity": 24306321,
            "current_ratio": 181.81,
            "debt_ratio": 54.99,
            "inventory_turnover_ratio": 4.68,
            "account_receivable_turnover_ratio": 1.33,
            "reinvestment_rate": -97.26,
            "research_to_sale_ratio": 2.66,
            "price_fair": 323.23,
            "eps_avg_yearly": 9.24,
            "eps_latest_yearly": 11.76,
            "eps_growth_yearly": 2278.14
        },
        "20161": {
            "year_quarter": 20161,
            "year": 2016,
            "quarter": 1,
            "eps": 0.94,
            "eps_growth_year": 10.59,
            "eps_4q": 6.7,
            "eps_4q_growth_year": -6.69,
            "roe": 1.79,
            "roe_4q": 13.290000000000001,
            "gross_profit": 1185894,
            "gross_margin": 9.99,
            "gross_margin_4q_avg": 11.71,
            "net_income": 435899,
            "net_income_4q": null,
            "revenue": 11875883,
            "revenue_4q": null,
            "common_shares": 4650273,
            "book_valuer_per_share": 52.32,
            "book_valuer_per_share_4q_avg": 50.46,
            "equity": 24329868,
            "current_ratio": 164.29,
            "debt_ratio": 50.53,
            "inventory_turnover_ratio": 4.64,
            "account_receivable_turnover_ratio": 1.15,
            "reinvestment_rate": -106.34,
            "research_to_sale_ratio": 3.79,
            "price_fair": 307.39,
            "eps_avg_yearly": 8.78,
            "eps_latest_yearly": 3.76,
            "eps_growth_yearly": 2257
        },
        "20162": {
            "year_quarter": 20162,
            "year": 2016,
            "quarter": 2,
            "eps": 1.21,
            "eps_growth_year": 3933.33,
            "eps_4q": 7.88,
            "eps_4q_growth_year": 35.16,
            "roe": 2.42,
            "roe_4q": 15.649999999999999,
            "gross_profit": 926540,
            "gross_margin": 9.73,
            "gross_margin_4q_avg": 11.92,
            "net_income": 563570,
            "net_income_4q": null,
            "revenue": 9523556,
            "revenue_4q": null,
            "common_shares": 4650273,
            "book_valuer_per_share": 47.63,
            "book_valuer_per_share_4q_avg": 50.73,
            "equity": 22151002,
            "current_ratio": 153.44,
            "debt_ratio": 52.32,
            "inventory_turnover_ratio": 4.57,
            "account_receivable_turnover_ratio": 1.25,
            "reinvestment_rate": -130.04,
            "research_to_sale_ratio": 5.24,
            "price_fair": 284.2,
            "eps_avg_yearly": 8.12,
            "eps_latest_yearly": 4.84,
            "eps_growth_yearly": 2254.09
        },
        "20163": {
            "year_quarter": 20163,
            "year": 2016,
            "quarter": 3,
            "eps": 2.32,
            "eps_growth_year": -16.55,
            "eps_4q": 7.41,
            "eps_4q_growth_year": 11.48,
            "roe": 4.86,
            "roe_4q": 14.79,
            "gross_profit": 1921201,
            "gross_margin": 18.03,
            "gross_margin_4q_avg": 12.7,
            "net_income": 1077824,
            "net_income_4q": null,
            "revenue": 10656263,
            "revenue_4q": null,
            "common_shares": 4650273,
            "book_valuer_per_share": 47.8,
            "book_valuer_per_share_4q_avg": 50.01,
            "equity": 22229367,
            "current_ratio": 160.16,
            "debt_ratio": 50.91,
            "inventory_turnover_ratio": 4.13,
            "account_receivable_turnover_ratio": 1.41,
            "reinvestment_rate": -137.53,
            "research_to_sale_ratio": 4.58,
            "price_fair": 280.7,
            "eps_avg_yearly": 8.02,
            "eps_latest_yearly": 9.28,
            "eps_growth_yearly": 2284.4
        },
        "20164": {
            "year_quarter": 20164,
            "year": 2016,
            "quarter": 4,
            "eps": 2.35,
            "eps_growth_year": -20.32,
            "eps_4q": 6.81,
            "eps_4q_growth_year": 3.09,
            "roe": 4.83,
            "roe_4q": 13.900000000000002,
            "gross_profit": 1859795,
            "gross_margin": 13.11,
            "gross_margin_4q_avg": 12.72,
            "net_income": 1090953,
            "net_income_4q": null,
            "revenue": 14180913,
            "revenue_4q": null,
            "common_shares": 4650273,
            "book_valuer_per_share": 49.4,
            "book_valuer_per_share_4q_avg": 49.29,
            "equity": 22973194,
            "current_ratio": 158.69,
            "debt_ratio": 53.57,
            "inventory_turnover_ratio": 4.93,
            "account_receivable_turnover_ratio": 1.45,
            "reinvestment_rate": -148.47,
            "research_to_sale_ratio": 3.25,
            "price_fair": 276.85,
            "eps_avg_yearly": 7.91,
            "eps_latest_yearly": 9.4,
            "eps_growth_yearly": 2284.08
        },
        "20171": {
            "year_quarter": 20171,
            "year": 2017,
            "quarter": 1,
            "eps": 1.55,
            "eps_growth_year": 64.89,
            "eps_4q": 7.43,
            "eps_4q_growth_year": 10.93,
            "roe": 3.19,
            "roe_4q": 15.299999999999999,
            "gross_profit": 1799724,
            "gross_margin": 14.56,
            "gross_margin_4q_avg": 13.86,
            "net_income": 721535,
            "net_income_4q": null,
            "revenue": 12363969,
            "revenue_4q": null,
            "common_shares": 4650273,
            "book_valuer_per_share": 48,
            "book_valuer_per_share_4q_avg": 48.21,
            "equity": 22320228,
            "current_ratio": 170.33,
            "debt_ratio": 50.71,
            "inventory_turnover_ratio": 4.71,
            "account_receivable_turnover_ratio": 1.16,
            "reinvestment_rate": -33.57,
            "research_to_sale_ratio": 3.45,
            "price_fair": 265.3,
            "eps_avg_yearly": 7.58,
            "eps_latest_yearly": 6.2,
            "eps_growth_yearly": 2274.86
        },
        "20172": {
            "year_quarter": 20172,
            "year": 2017,
            "quarter": 2,
            "eps": 1.64,
            "eps_growth_year": 35.54,
            "eps_4q": 7.85,
            "eps_4q_growth_year": -0.32,
            "roe": 3.47,
            "roe_4q": 16.35,
            "gross_profit": 1989630,
            "gross_margin": 15.57,
            "gross_margin_4q_avg": 15.32,
            "net_income": 760371,
            "net_income_4q": null,
            "revenue": 12780107,
            "revenue_4q": null,
            "common_shares": 4650273,
            "book_valuer_per_share": 46.19,
            "book_valuer_per_share_4q_avg": 47.85,
            "equity": 21479067,
            "current_ratio": 162.56,
            "debt_ratio": 54.19,
            "inventory_turnover_ratio": 5.19,
            "account_receivable_turnover_ratio": 1.21,
            "reinvestment_rate": -9.3,
            "research_to_sale_ratio": 3.77,
            "price_fair": 265.65,
            "eps_avg_yearly": 7.59,
            "eps_latest_yearly": 6.56,
            "eps_growth_yearly": 2287.37
        },
        "20173": {
            "year_quarter": 20173,
            "year": 2017,
            "quarter": 3,
            "eps": 1.68,
            "eps_growth_year": -27.59,
            "eps_4q": 7.21,
            "eps_4q_growth_year": -2.74,
            "roe": 3.54,
            "roe_4q": 15.03,
            "gross_profit": 1994234,
            "gross_margin": 13.77,
            "gross_margin_4q_avg": 14.25,
            "net_income": 779197,
            "net_income_4q": null,
            "revenue": 14485190,
            "revenue_4q": null,
            "common_shares": 4650273,
            "book_valuer_per_share": 48.57,
            "book_valuer_per_share_4q_avg": 48.04,
            "equity": 22585020,
            "current_ratio": 158.64,
            "debt_ratio": 56.95,
            "inventory_turnover_ratio": 5.58,
            "account_receivable_turnover_ratio": 1.21,
            "reinvestment_rate": -9.39,
            "research_to_sale_ratio": 3.61,
            "price_fair": 260.58,
            "eps_avg_yearly": 7.45,
            "eps_latest_yearly": 6.72,
            "eps_growth_yearly": 2277.67
        },
        "20174": {
            "year_quarter": 20174,
            "year": 2017,
            "quarter": 4,
            "eps": 1.71,
            "eps_growth_year": -27.23,
            "eps_4q": 6.57,
            "eps_4q_growth_year": -3.58,
            "roe": 3.46,
            "roe_4q": 13.66,
            "gross_profit": 2083506,
            "gross_margin": 14.11,
            "gross_margin_4q_avg": 14.5,
            "net_income": 793841,
            "net_income_4q": null,
            "revenue": 14771232,
            "revenue_4q": null,
            "common_shares": 4650273,
            "book_valuer_per_share": 50.18,
            "book_valuer_per_share_4q_avg": 48.24,
            "equity": 23333962,
            "current_ratio": 162.43,
            "debt_ratio": 54.59,
            "inventory_turnover_ratio": 5.56,
            "account_receivable_turnover_ratio": 1.13,
            "reinvestment_rate": -12.8,
            "research_to_sale_ratio": 3.81,
            "price_fair": 245.09,
            "eps_avg_yearly": 7,
            "eps_latest_yearly": 6.84,
            "eps_growth_yearly": 2264.62
        },
        "20181": {
            "year_quarter": 20181,
            "year": 2018,
            "quarter": 1,
            "eps": 0.31,
            "eps_growth_year": -80,
            "eps_4q": 5.33,
            "eps_4q_growth_year": -28.24,
            "roe": 0.62,
            "roe_4q": 11.09,
            "gross_profit": 1396742,
            "gross_margin": 12.45,
            "gross_margin_4q_avg": 13.98,
            "net_income": 145270,
            "net_income_4q": null,
            "revenue": 11219207,
            "revenue_4q": null,
            "common_shares": 4650273,
            "book_valuer_per_share": 51.07,
            "book_valuer_per_share_4q_avg": 49,
            "equity": 23749384,
            "current_ratio": 176.91,
            "debt_ratio": 49.49,
            "inventory_turnover_ratio": 4.74,
            "account_receivable_turnover_ratio": 0.92,
            "reinvestment_rate": -14.43,
            "research_to_sale_ratio": 4.58,
            "price_fair": 233.01,
            "eps_avg_yearly": 6.66,
            "eps_latest_yearly": 1.24,
            "eps_growth_yearly": 2257.01
        },
        "20182": {
            "year_quarter": 20182,
            "year": 2018,
            "quarter": 2,
            "eps": 3.1,
            "eps_growth_year": 89.02,
            "eps_4q": 6.8,
            "eps_4q_growth_year": -13.39,
            "roe": 6.19,
            "roe_4q": 13.809999999999999,
            "gross_profit": 1493414,
            "gross_margin": 13.91,
            "gross_margin_4q_avg": 13.56,
            "net_income": 1443500,
            "net_income_4q": null,
            "revenue": 10733119,
            "revenue_4q": null,
            "common_shares": 4650273,
            "book_valuer_per_share": 49.17,
            "book_valuer_per_share_4q_avg": 49.75,
            "equity": 22863921,
            "current_ratio": 154.77,
            "debt_ratio": 57.92,
            "inventory_turnover_ratio": 4.95,
            "account_receivable_turnover_ratio": 1.03,
            "reinvestment_rate": -13.03,
            "research_to_sale_ratio": 5.32,
            "price_fair": 248.06,
            "eps_avg_yearly": 7.09,
            "eps_latest_yearly": 12.4,
            "eps_growth_yearly": 2486.6
        },
        "20183": {
            "year_quarter": 20183,
            "year": 2018,
            "quarter": 3,
            "eps": 3.58,
            "eps_growth_year": 113.1,
            "eps_4q": 8.71,
            "eps_4q_growth_year": 20.8,
            "roe": 7.13,
            "roe_4q": 17.4,
            "gross_profit": 2463983,
            "gross_margin": 17.7,
            "gross_margin_4q_avg": 14.54,
            "net_income": 1666794,
            "net_income_4q": null,
            "revenue": 13921796,
            "revenue_4q": null,
            "common_shares": 4650273,
            "book_valuer_per_share": 51.31,
            "book_valuer_per_share_4q_avg": 50.43,
            "equity": 23859449,
            "current_ratio": 158.13,
            "debt_ratio": 57.26,
            "inventory_turnover_ratio": 5.32,
            "account_receivable_turnover_ratio": 1.27,
            "reinvestment_rate": -14.31,
            "research_to_sale_ratio": 4.36,
            "price_fair": 262.24,
            "eps_avg_yearly": 7.49,
            "eps_latest_yearly": 14.32,
            "eps_growth_yearly": 2479.96
        },
        "20184": {
            "year_quarter": 20184,
            "year": 2018,
            "quarter": 4,
            "eps": 3.83,
            "eps_growth_year": 124.47,
            "eps_4q": 10.83,
            "eps_4q_growth_year": 64.9,
            "roe": 7.18,
            "roe_4q": 21.12,
            "gross_profit": 2984484,
            "gross_margin": 16.51,
            "gross_margin_4q_avg": 15.14,
            "net_income": 1781962,
            "net_income_4q": null,
            "revenue": 18078167,
            "revenue_4q": null,
            "common_shares": 4650273,
            "book_valuer_per_share": 55.46,
            "book_valuer_per_share_4q_avg": 51.75,
            "equity": 25790485,
            "current_ratio": 161.12,
            "debt_ratio": 57.05,
            "inventory_turnover_ratio": 6.36,
            "account_receivable_turnover_ratio": 1.27,
            "reinvestment_rate": -20.52,
            "research_to_sale_ratio": 3.17,
            "price_fair": 269.68,
            "eps_avg_yearly": 7.71,
            "eps_latest_yearly": 15.32,
            "eps_growth_yearly": 2468.7
        },
        "20191": {
            "year_quarter": 20191,
            "year": 2019,
            "quarter": 1,
            "eps": 3.07,
            "eps_growth_year": 890.32,
            "eps_4q": 13.59,
            "eps_4q_growth_year": 154.96,
            "roe": 5.34,
            "roe_4q": 25.84,
            "gross_profit": 2494461,
            "gross_margin": 16.79,
            "gross_margin_4q_avg": 16.23,
            "net_income": 1427509,
            "net_income_4q": null,
            "revenue": 14858869,
            "revenue_4q": null,
            "common_shares": 4650273,
            "book_valuer_per_share": 59.48,
            "book_valuer_per_share_4q_avg": 53.86,
            "equity": 27658719,
            "current_ratio": 173.13,
            "debt_ratio": 53.26,
            "inventory_turnover_ratio": 5.91,
            "account_receivable_turnover_ratio": 0.96,
            "reinvestment_rate": -18.41,
            "research_to_sale_ratio": 3.41,
            "price_fair": 289.1,
            "eps_avg_yearly": 8.26,
            "eps_latest_yearly": 12.28,
            "eps_growth_yearly": 2481.6
        },
        "20192": {
            "year_quarter": 20192,
            "year": 2019,
            "quarter": 2,
            "eps": 3.21,
            "eps_growth_year": 3.55,
            "eps_4q": 13.7,
            "eps_4q_growth_year": 101.47,
            "roe": 5.61,
            "roe_4q": 25.259999999999998,
            "gross_profit": 2231403,
            "gross_margin": 17.19,
            "gross_margin_4q_avg": 17.05,
            "net_income": 1493855,
            "net_income_4q": null,
            "revenue": 12979942,
            "revenue_4q": null,
            "common_shares": 4650273,
            "book_valuer_per_share": 55.09,
            "book_valuer_per_share_4q_avg": 55.34,
            "equity": 25616824,
            "current_ratio": 171.02,
            "debt_ratio": 53.91,
            "inventory_turnover_ratio": 4.94,
            "account_receivable_turnover_ratio": 0.96,
            "reinvestment_rate": -23.31,
            "research_to_sale_ratio": 3.65,
            "price_fair": 316.93,
            "eps_avg_yearly": 9.06,
            "eps_latest_yearly": 12.84,
            "eps_growth_yearly": 2506.86
        },
        "20193": {
            "year_quarter": 20193,
            "year": 2019,
            "quarter": 3,
            "eps": 4.7,
            "eps_growth_year": 31.28,
            "eps_4q": 14.81,
            "eps_4q_growth_year": 70.09,
            "roe": 8.28,
            "roe_4q": 26.41,
            "gross_profit": 2978512,
            "gross_margin": 19.79,
            "gross_margin_4q_avg": 17.57,
            "net_income": 2184164,
            "net_income_4q": null,
            "revenue": 15052176,
            "revenue_4q": null,
            "common_shares": 4650273,
            "book_valuer_per_share": 58.36,
            "book_valuer_per_share_4q_avg": 57.1,
            "equity": 27139917,
            "current_ratio": 196.7,
            "debt_ratio": 46.96,
            "inventory_turnover_ratio": 5.11,
            "account_receivable_turnover_ratio": 1.18,
            "reinvestment_rate": -37.1,
            "research_to_sale_ratio": 3.22,
            "price_fair": 333.73,
            "eps_avg_yearly": 9.54,
            "eps_latest_yearly": 18.8,
            "eps_growth_yearly": 226.8
        },
        "20194": {
            "year_quarter": 20194,
            "year": 2019,
            "quarter": 4,
            "eps": 1.64,
            "eps_growth_year": -57.11,
            "eps_4q": 12.62,
            "eps_4q_growth_year": 16.52,
            "roe": 2.8,
            "roe_4q": 22.029999999999998,
            "gross_profit": 2456828,
            "gross_margin": 18.57,
            "gross_margin_4q_avg": 18.09,
            "net_income": 764315,
            "net_income_4q": null,
            "revenue": 13229600,
            "revenue_4q": null,
            "common_shares": 4650273,
            "book_valuer_per_share": 58.98,
            "book_valuer_per_share_4q_avg": 57.98,
            "equity": 27428878,
            "current_ratio": 202.7,
            "debt_ratio": 45.73,
            "inventory_turnover_ratio": 4.58,
            "account_receivable_turnover_ratio": 1.13,
            "reinvestment_rate": -36.49,
            "research_to_sale_ratio": 3.49,
            "price_fair": 322.35,
            "eps_avg_yearly": 9.21,
            "eps_latest_yearly": 6.56,
            "eps_growth_yearly": 209.08
        },
        "20201": {
            "year_quarter": 20201,
            "year": 2020,
            "quarter": 1,
            "eps": 1.54,
            "eps_growth_year": -49.84,
            "eps_4q": 11.09,
            "eps_4q_growth_year": -18.39,
            "roe": 2.58,
            "roe_4q": 19.27,
            "gross_profit": 1105835,
            "gross_margin": 12.91,
            "gross_margin_4q_avg": 17.12,
            "net_income": 715115,
            "net_income_4q": null,
            "revenue": 8567843,
            "revenue_4q": null,
            "common_shares": 4650273,
            "book_valuer_per_share": 60.23,
            "book_valuer_per_share_4q_avg": 58.17,
            "equity": 28006441,
            "current_ratio": 212.79,
            "debt_ratio": 43.76,
            "inventory_turnover_ratio": 3.02,
            "account_receivable_turnover_ratio": 0.93,
            "reinvestment_rate": -33.98,
            "research_to_sale_ratio": 4.24,
            "price_fair": 327.6,
            "eps_avg_yearly": 9.36,
            "eps_latest_yearly": 6.16,
            "eps_growth_yearly": 224.57
        },
        "20202": {
            "year_quarter": 20202,
            "year": 2020,
            "quarter": 2,
            "eps": 3.74,
            "eps_growth_year": 16.51,
            "eps_4q": 11.62,
            "eps_4q_growth_year": -15.16,
            "roe": 6.48,
            "roe_4q": 20.14,
            "gross_profit": 3118571,
            "gross_margin": 20.47,
            "gross_margin_4q_avg": 17.94,
            "net_income": 1740940,
            "net_income_4q": null,
            "revenue": 15231917,
            "revenue_4q": null,
            "common_shares": 4650273,
            "book_valuer_per_share": 55.36,
            "book_valuer_per_share_4q_avg": 58.23,
            "equity": 25745315,
            "current_ratio": 175.17,
            "debt_ratio": 53.65,
            "inventory_turnover_ratio": 5.32,
            "account_receivable_turnover_ratio": 1.46,
            "reinvestment_rate": -29.59,
            "research_to_sale_ratio": 2.8,
            "price_fair": 349.74,
            "eps_avg_yearly": 9.99,
            "eps_latest_yearly": 14.96,
            "eps_growth_yearly": 253.1
        },
        "20203": {
            "year_quarter": 20203,
            "year": 2020,
            "quarter": 3,
            "eps": 3.26,
            "eps_growth_year": -30.64,
            "eps_4q": 10.18,
            "eps_4q_growth_year": -31.24,
            "roe": 5.67,
            "roe_4q": 17.53,
            "gross_profit": 3290092,
            "gross_margin": 20.85,
            "gross_margin_4q_avg": 18.2,
            "net_income": 1515140,
            "net_income_4q": null,
            "revenue": 15783550,
            "revenue_4q": null,
            "common_shares": 4650273,
            "book_valuer_per_share": 59.48,
            "book_valuer_per_share_4q_avg": 58.51,
            "equity": 27661404,
            "current_ratio": 173.28,
            "debt_ratio": 51.11,
            "inventory_turnover_ratio": 5.18,
            "account_receivable_turnover_ratio": 1.17,
            "reinvestment_rate": -26.69,
            "research_to_sale_ratio": 2.92,
            "price_fair": 357.96,
            "eps_avg_yearly": 10.23,
            "eps_latest_yearly": 13.04,
            "eps_growth_yearly": 226.96
        },
        "20204": {
            "year_quarter": 20204,
            "year": 2020,
            "quarter": 4,
            "eps": 2.7,
            "eps_growth_year": 64.39,
            "eps_4q": 11.24,
            "eps_4q_growth_year": -10.94,
            "roe": 4.41,
            "roe_4q": 19.14,
            "gross_profit": 3158612,
            "gross_margin": 19.13,
            "gross_margin_4q_avg": 18.34,
            "net_income": 1256470,
            "net_income_4q": null,
            "revenue": 16509891,
            "revenue_4q": null,
            "common_shares": 4650273,
            "book_valuer_per_share": 63.14,
            "book_valuer_per_share_4q_avg": 59.55,
            "equity": 29362822,
            "current_ratio": 187,
            "debt_ratio": 47.43,
            "inventory_turnover_ratio": 4.21,
            "account_receivable_turnover_ratio": 1.16,
            "reinvestment_rate": -24.41,
            "research_to_sale_ratio": 3.08,
            "price_fair": 361.03,
            "eps_avg_yearly": 10.32,
            "eps_latest_yearly": 10.8,
            "eps_growth_yearly": 222.34
        },
        "20211": {
            "year_quarter": 20211,
            "year": 2021,
            "quarter": 1,
            "eps": 3.58,
            "eps_growth_year": 132.47,
            "eps_4q": 13.29,
            "eps_4q_growth_year": 19.8,
            "roe": 5.53,
            "roe_4q": 22.090000000000003,
            "gross_profit": 2486583,
            "gross_margin": 17.68,
            "gross_margin_4q_avg": 19.53,
            "net_income": 1666325,
            "net_income_4q": null,
            "revenue": 14067585,
            "revenue_4q": null,
            "common_shares": 4650273,
            "book_valuer_per_share": 66.46,
            "book_valuer_per_share_4q_avg": 61.11,
            "equity": 30903763,
            "current_ratio": 189.53,
            "debt_ratio": 47.29,
            "inventory_turnover_ratio": 3.74,
            "account_receivable_turnover_ratio": 1,
            "reinvestment_rate": -19.68,
            "research_to_sale_ratio": 3.51,
            "price_fair": 378.79,
            "eps_avg_yearly": 10.82,
            "eps_latest_yearly": 14.32,
            "eps_growth_yearly": 239
        },
        "20212": {
            "year_quarter": 20212,
            "year": 2021,
            "quarter": 2,
            "eps": 2.24,
            "eps_growth_year": -40.11,
            "eps_4q": 11.78,
            "eps_4q_growth_year": 1.37,
            "roe": 3.53,
            "roe_4q": 19.14,
            "gross_profit": 2613938,
            "gross_margin": 18.63,
            "gross_margin_4q_avg": 19.07,
            "net_income": 1040667,
            "net_income_4q": null,
            "revenue": 14031751,
            "revenue_4q": null,
            "common_shares": 4650273,
            "book_valuer_per_share": 60.41,
            "book_valuer_per_share_4q_avg": 62.37,
            "equity": 28092820,
            "current_ratio": 171.8,
            "debt_ratio": 51.95,
            "inventory_turnover_ratio": 4.74,
            "account_receivable_turnover_ratio": 1.11,
            "reinvestment_rate": -17.37,
            "research_to_sale_ratio": 3.39,
            "price_fair": 384.04,
            "eps_avg_yearly": 10.97,
            "eps_latest_yearly": 8.96,
            "eps_growth_yearly": 228.19
        },
        "20213": {
            "year_quarter": 20213,
            "year": 2021,
            "quarter": 3,
            "eps": 3.27,
            "eps_growth_year": 0.31,
            "eps_4q": 11.79,
            "eps_4q_growth_year": 15.82,
            "roe": 5.28,
            "roe_4q": 18.75,
            "gross_profit": 2551589,
            "gross_margin": 18.57,
            "gross_margin_4q_avg": 18.5,
            "net_income": 1521105,
            "net_income_4q": null,
            "revenue": 13743992,
            "revenue_4q": null,
            "common_shares": 4650273,
            "book_valuer_per_share": 63.47,
            "book_valuer_per_share_4q_avg": 63.37,
            "equity": 29516080,
            "current_ratio": 180.07,
            "debt_ratio": 52.84,
            "inventory_turnover_ratio": 4.71,
            "account_receivable_turnover_ratio": 1.17,
            "reinvestment_rate": -14.63,
            "research_to_sale_ratio": 3.91,
            "price_fair": 397.95,
            "eps_avg_yearly": 11.37,
            "eps_latest_yearly": 13.08,
            "eps_growth_yearly": 239.08
        },
        "20214": {
            "year_quarter": 20214,
            "year": 2021,
            "quarter": 4,
            "eps": 2.07,
            "eps_growth_year": -23.45,
            "eps_4q": 11.16,
            "eps_4q_growth_year": -0.72,
            "roe": 3.19,
            "roe_4q": 17.53,
            "gross_profit": 2907444,
            "gross_margin": 19.28,
            "gross_margin_4q_avg": 18.54,
            "net_income": 961878,
            "net_income_4q": null,
            "revenue": 15080731,
            "revenue_4q": null,
            "common_shares": 4650273,
            "book_valuer_per_share": 66.08,
            "book_valuer_per_share_4q_avg": 64.11,
            "equity": 30728526,
            "current_ratio": 178.27,
            "debt_ratio": 54.38,
            "inventory_turnover_ratio": 4.11,
            "account_receivable_turnover_ratio": 1.27,
            "reinvestment_rate": -12.86,
            "research_to_sale_ratio": 3.82,
            "price_fair": 401.1,
            "eps_avg_yearly": 11.46,
            "eps_latest_yearly": 8.28,
            "eps_growth_yearly": 229.45
        },
        "20221": {
            "year_quarter": 20221,
            "year": 2022,
            "quarter": 1,
            "eps": 4.47,
            "eps_growth_year": 24.86,
            "eps_4q": 12.04,
            "eps_4q_growth_year": -9.37,
            "roe": 6.45,
            "roe_4q": 18.450000000000003,
            "gross_profit": 2619487,
            "gross_margin": 18.22,
            "gross_margin_4q_avg": 18.68,
            "net_income": 2076502,
            "net_income_4q": null,
            "revenue": 14377782,
            "revenue_4q": null,
            "common_shares": 4650273,
            "book_valuer_per_share": 72.38,
            "book_valuer_per_share_4q_avg": 65.59,
            "equity": 33657982,
            "current_ratio": 184.9,
            "debt_ratio": 53.06,
            "inventory_turnover_ratio": 3.9,
            "account_receivable_turnover_ratio": 1.13,
            "reinvestment_rate": -10.9,
            "research_to_sale_ratio": 3.8,
            "price_fair": 437.5,
            "eps_avg_yearly": 12.5,
            "eps_latest_yearly": 17.88,
            "eps_growth_yearly": 278.91
        },
        "20222": {
            "year_quarter": 20222,
            "year": 2022,
            "quarter": 2,
            "eps": 3.57,
            "eps_growth_year": 59.38,
            "eps_4q": 13.38,
            "eps_4q_growth_year": 13.59,
            "roe": 5.13,
            "roe_4q": 20.05,
            "gross_profit": 1978182,
            "gross_margin": 17.95,
            "gross_margin_4q_avg": 18.51,
            "net_income": 1663401,
            "net_income_4q": null,
            "revenue": 11022003,
            "revenue_4q": null,
            "common_shares": 4650273,
            "book_valuer_per_share": 67.09,
            "book_valuer_per_share_4q_avg": 67.26,
            "equity": 31199646,
            "current_ratio": 183.15,
            "debt_ratio": 54.14,
            "inventory_turnover_ratio": 2.84,
            "account_receivable_turnover_ratio": 0.93,
            "reinvestment_rate": -9.69,
            "research_to_sale_ratio": 5.23,
            "price_fair": 441.61,
            "eps_avg_yearly": 12.62,
            "eps_latest_yearly": 14.28,
            "eps_growth_yearly": 48.87
        },
        "20223": {
            "year_quarter": 20223,
            "year": 2022,
            "quarter": 3,
            "eps": 3.96,
            "eps_growth_year": 21.1,
            "eps_4q": 14.07,
            "eps_4q_growth_year": 19.28,
            "roe": 5.71,
            "roe_4q": 20.48,
            "gross_profit": 3848012,
            "gross_margin": 21.38,
            "gross_margin_4q_avg": 19.21,
            "net_income": 1840078,
            "net_income_4q": null,
            "revenue": 17998314,
            "revenue_4q": null,
            "common_shares": 4650273,
            "book_valuer_per_share": 71.45,
            "book_valuer_per_share_4q_avg": 69.25,
            "equity": 33228345,
            "current_ratio": 195.21,
            "debt_ratio": 54.22,
            "inventory_turnover_ratio": 3.89,
            "account_receivable_turnover_ratio": 1.42,
            "reinvestment_rate": -7.5,
            "research_to_sale_ratio": 3.4,
            "price_fair": 444.94,
            "eps_avg_yearly": 12.71,
            "eps_latest_yearly": 15.84,
            "eps_growth_yearly": 47.73
        },
        "20224": {
            "year_quarter": 20224,
            "year": 2022,
            "quarter": 4,
            "eps": 2.47,
            "eps_growth_year": 19.25,
            "eps_4q": 14.47,
            "eps_4q_growth_year": 29.61,
            "roe": 3.41,
            "roe_4q": 20.7,
            "gross_profit": 3233301,
            "gross_margin": 21.13,
            "gross_margin_4q_avg": 19.67,
            "net_income": 1146993,
            "net_income_4q": null,
            "revenue": 15302863,
            "revenue_4q": null,
            "common_shares": 4650273,
            "book_valuer_per_share": 73.02,
            "book_valuer_per_share_4q_avg": 70.99,
            "equity": 33957067,
            "current_ratio": 222.64,
            "debt_ratio": 48.32,
            "inventory_turnover_ratio": 3.31,
            "account_receivable_turnover_ratio": 1.13,
            "reinvestment_rate": -5.9,
            "research_to_sale_ratio": 3.59,
            "price_fair": 433.04,
            "eps_avg_yearly": 12.37,
            "eps_latest_yearly": 9.88,
            "eps_growth_yearly": 36.58
        },
        "20231": {
            "year_quarter": 20231,
            "year": 2023,
            "quarter": 1,
            "eps": 1.58,
            "eps_growth_year": -64.65,
            "eps_4q": 11.58,
            "eps_4q_growth_year": -3.82,
            "roe": 2.14,
            "roe_4q": 16.39,
            "gross_profit": 1638404,
            "gross_margin": 17.71,
            "gross_margin_4q_avg": 19.54,
            "net_income": 735997,
            "net_income_4q": null,
            "revenue": 9250179,
            "revenue_4q": null,
            "common_shares": 4650273,
            "book_valuer_per_share": 74.76,
            "book_valuer_per_share_4q_avg": 71.58,
            "equity": 34765441,
            "current_ratio": 252.31,
            "debt_ratio": 43.9,
            "inventory_turnover_ratio": 2.56,
            "account_receivable_turnover_ratio": 0.92,
            "reinvestment_rate": -5.54,
            "research_to_sale_ratio": 4.87,
            "price_fair": 420,
            "eps_avg_yearly": 12,
            "eps_latest_yearly": 6.32,
            "eps_growth_yearly": 32.53
        },
        "20232": {
            "year_quarter": 20232,
            "year": 2023,
            "quarter": 2,
            "eps": 4.8,
            "eps_growth_year": 34.45,
            "eps_4q": 12.8,
            "eps_4q_growth_year": -4.33,
            "roe": 6.69,
            "roe_4q": 17.95,
            "gross_profit": 2441625,
            "gross_margin": 20.67,
            "gross_margin_4q_avg": 20.22,
            "net_income": 2230585,
            "net_income_4q": null,
            "revenue": 11814238,
            "revenue_4q": null,
            "common_shares": 4650273,
            "book_valuer_per_share": 68.74,
            "book_valuer_per_share_4q_avg": 71.99,
            "equity": 31967040,
            "current_ratio": 205.4,
            "debt_ratio": 51.52,
            "inventory_turnover_ratio": 4.51,
            "account_receivable_turnover_ratio": 1.27,
            "reinvestment_rate": -3.14,
            "research_to_sale_ratio": 4.34,
            "price_fair": 433.91,
            "eps_avg_yearly": 12.4,
            "eps_latest_yearly": 19.2,
            "eps_growth_yearly": 82.34
        },
        "20233": {
            "year_quarter": 20233,
            "year": 2023,
            "quarter": 3,
            "eps": 4.1,
            "eps_growth_year": 3.54,
            "eps_4q": 12.94,
            "eps_4q_growth_year": -8.01,
            "roe": 5.73,
            "roe_4q": 17.970000000000002,
            "gross_profit": 2365113,
            "gross_margin": 20.77,
            "gross_margin_4q_avg": 20.07,
            "net_income": 1904464,
            "net_income_4q": null,
            "revenue": 11388289,
            "revenue_4q": null,
            "common_shares": 4650273,
            "book_valuer_per_share": 74.16,
            "book_valuer_per_share_4q_avg": 72.67,
            "equity": 34484644,
            "current_ratio": 228.94,
            "debt_ratio": 46.58,
            "inventory_turnover_ratio": 4.77,
            "account_receivable_turnover_ratio": 1.05,
            "reinvestment_rate": -1.81,
            "research_to_sale_ratio": 5.06,
            "price_fair": 428.66,
            "eps_avg_yearly": 12.25,
            "eps_latest_yearly": 16.4,
            "eps_growth_yearly": 67.09
        },
        "20234": {
            "year_quarter": 20234,
            "year": 2023,
            "quarter": 4,
            "eps": 0.87,
            "eps_growth_year": -64.7,
            "eps_4q": 11.35,
            "eps_4q_growth_year": -21.57,
            "roe": 1.18,
            "roe_4q": 15.740000000000002,
            "gross_profit": 2432460,
            "gross_margin": 20.9,
            "gross_margin_4q_avg": 20.01,
            "net_income": 404917,
            "net_income_4q": null,
            "revenue": 11635874,
            "revenue_4q": null,
            "common_shares": 4650273,
            "book_valuer_per_share": 73.84,
            "book_valuer_per_share_4q_avg": 72.88,
            "equity": 34336953,
            "current_ratio": 252,
            "debt_ratio": 43.66,
            "inventory_turnover_ratio": 4.85,
            "account_receivable_turnover_ratio": 1.08,
            "reinvestment_rate": -1.21,
            "research_to_sale_ratio": 4.32,
            "price_fair": 421.93,
            "eps_avg_yearly": 12.06,
            "eps_latest_yearly": 3.48,
            "eps_growth_yearly": 63.68
        }
    },
    "months": {
        "2002-04": {
            "month": "2002-04",
            "price": "110.50",
            "revenue": 445612
        },
        "2002-05": {
            "month": "2002-05",
            "price": "132.25",
            "revenue": 418859
        },
        "2002-06": {
            "month": "2002-06",
            "price": "105.35",
            "revenue": 421572
        },
        "2002-07": {
            "month": "2002-07",
            "price": "104.39",
            "revenue": 451060
        },
        "2002-08": {
            "month": "2002-08",
            "price": "96.14",
            "revenue": 434634
        },
        "2002-09": {
            "month": "2002-09",
            "price": "77.15",
            "revenue": 418191
        },
        "2002-10": {
            "month": "2002-10",
            "price": "67.84",
            "revenue": 504347
        },
        "2002-11": {
            "month": "2002-11",
            "price": "78.57",
            "revenue": 486064
        },
        "2002-12": {
            "month": "2002-12",
            "price": "70.93",
            "revenue": 455869
        },
        "2003-01": {
            "month": "2003-01",
            "price": "66.45",
            "revenue": 530366
        },
        "2003-02": {
            "month": "2003-02",
            "price": "63.81",
            "revenue": 423794
        },
        "2003-03": {
            "month": "2003-03",
            "price": "61.26",
            "revenue": 471403
        },
        "2003-04": {
            "month": "2003-04",
            "price": "56.11",
            "revenue": 546441
        },
        "2003-05": {
            "month": "2003-05",
            "price": "48.98",
            "revenue": 566811
        },
        "2003-06": {
            "month": "2003-06",
            "price": "66.25",
            "revenue": 560610
        },
        "2003-07": {
            "month": "2003-07",
            "price": "80.41",
            "revenue": 567807
        },
        "2003-08": {
            "month": "2003-08",
            "price": "70.81",
            "revenue": 600523
        },
        "2003-09": {
            "month": "2003-09",
            "price": "75.98",
            "revenue": 629461
        },
        "2003-10": {
            "month": "2003-10",
            "price": "77.02",
            "revenue": 701209
        },
        "2003-11": {
            "month": "2003-11",
            "price": "70.18",
            "revenue": 691921
        },
        "2003-12": {
            "month": "2003-12",
            "price": "74.85",
            "revenue": 1238754
        },
        "2004-01": {
            "month": "2004-01",
            "price": "74.87",
            "revenue": 823703
        },
        "2004-02": {
            "month": "2004-02",
            "price": "90.42",
            "revenue": 858059
        },
        "2004-03": {
            "month": "2004-03",
            "price": "93.41",
            "revenue": 845540
        },
        "2004-04": {
            "month": "2004-04",
            "price": "96.84",
            "revenue": 831107
        },
        "2004-05": {
            "month": "2004-05",
            "price": "86.10",
            "revenue": 930430
        },
        "2004-06": {
            "month": "2004-06",
            "price": "73.10",
            "revenue": 853164
        },
        "2004-07": {
            "month": "2004-07",
            "price": "61.45",
            "revenue": 935023
        },
        "2004-08": {
            "month": "2004-08",
            "price": "57.50",
            "revenue": 992900
        },
        "2004-09": {
            "month": "2004-09",
            "price": "66.88",
            "revenue": 988397
        },
        "2004-10": {
            "month": "2004-10",
            "price": "62.10",
            "revenue": 968220
        },
        "2004-11": {
            "month": "2004-11",
            "price": "63.64",
            "revenue": 1105545
        },
        "2004-12": {
            "month": "2004-12",
            "price": "74.09",
            "revenue": 1145690
        },
        "2005-01": {
            "month": "2005-01",
            "price": "78.14",
            "revenue": 1375910
        },
        "2005-02": {
            "month": "2005-02",
            "price": "90.23",
            "revenue": 1232617
        },
        "2005-03": {
            "month": "2005-03",
            "price": "94.02",
            "revenue": 1429281
        },
        "2005-04": {
            "month": "2005-04",
            "price": "109.38",
            "revenue": 1229029
        },
        "2005-05": {
            "month": "2005-05",
            "price": "104.58",
            "revenue": 1503616
        },
        "2005-06": {
            "month": "2005-06",
            "price": "104.28",
            "revenue": 1481482
        },
        "2005-07": {
            "month": "2005-07",
            "price": "110.90",
            "revenue": 1244197
        },
        "2005-08": {
            "month": "2005-08",
            "price": "106.87",
            "revenue": 2022705
        },
        "2005-09": {
            "month": "2005-09",
            "price": "81.87",
            "revenue": 2028781
        },
        "2005-10": {
            "month": "2005-10",
            "price": "73.12",
            "revenue": 2062073
        },
        "2005-11": {
            "month": "2005-11",
            "price": "74.30",
            "revenue": 2075689
        },
        "2005-12": {
            "month": "2005-12",
            "price": "80.62",
            "revenue": 1647175
        },
        "2006-01": {
            "month": "2006-01",
            "price": "78.23",
            "revenue": 1618409
        },
        "2006-02": {
            "month": "2006-02",
            "price": "77.64",
            "revenue": 1547467
        },
        "2006-03": {
            "month": "2006-03",
            "price": "81.31",
            "revenue": 1678192
        },
        "2006-04": {
            "month": "2006-04",
            "price": "76.40",
            "revenue": 1881746
        },
        "2006-05": {
            "month": "2006-05",
            "price": "68.66",
            "revenue": 1838939
        },
        "2006-06": {
            "month": "2006-06",
            "price": "55.15",
            "revenue": 1436355
        },
        "2006-07": {
            "month": "2006-07",
            "price": "53.81",
            "revenue": 1717717
        },
        "2006-08": {
            "month": "2006-08",
            "price": "47.54",
            "revenue": 2173991
        },
        "2006-09": {
            "month": "2006-09",
            "price": "47.92",
            "revenue": 2568887
        },
        "2006-10": {
            "month": "2006-10",
            "price": "46.14",
            "revenue": 2837898
        },
        "2006-11": {
            "month": "2006-11",
            "price": "49.23",
            "revenue": 2460500
        },
        "2006-12": {
            "month": "2006-12",
            "price": "50.60",
            "revenue": 2128756
        },
        "2007-01": {
            "month": "2007-01",
            "price": "52.51",
            "revenue": 2191808
        },
        "2007-02": {
            "month": "2007-02",
            "price": "53.50",
            "revenue": 1821459
        },
        "2007-03": {
            "month": "2007-03",
            "price": "50.10",
            "revenue": 2344235
        },
        "2007-04": {
            "month": "2007-04",
            "price": "54.80",
            "revenue": 2211658
        },
        "2007-05": {
            "month": "2007-05",
            "price": "50.88",
            "revenue": 2354580
        },
        "2007-06": {
            "month": "2007-06",
            "price": "52.92",
            "revenue": 2504200
        },
        "2007-07": {
            "month": "2007-07",
            "price": "55.89",
            "revenue": 2782666
        },
        "2007-08": {
            "month": "2007-08",
            "price": "50.73",
            "revenue": 3194652
        },
        "2007-09": {
            "month": "2007-09",
            "price": "51.59",
            "revenue": 3269020
        },
        "2007-10": {
            "month": "2007-10",
            "price": "54.73",
            "revenue": 3484000
        },
        "2007-11": {
            "month": "2007-11",
            "price": "47.54",
            "revenue": 3008872
        },
        "2007-12": {
            "month": "2007-12",
            "price": "41.16",
            "revenue": 3010815
        },
        "2008-01": {
            "month": "2008-01",
            "price": "36.79",
            "revenue": 3053452
        },
        "2008-02": {
            "month": "2008-02",
            "price": "36.60",
            "revenue": 2773410
        },
        "2008-03": {
            "month": "2008-03",
            "price": "37.47",
            "revenue": 3114876
        },
        "2008-04": {
            "month": "2008-04",
            "price": "39.93",
            "revenue": 2900695
        },
        "2008-05": {
            "month": "2008-05",
            "price": "45.97",
            "revenue": 3301155
        },
        "2008-06": {
            "month": "2008-06",
            "price": "43.37",
            "revenue": 2971696
        },
        "2008-07": {
            "month": "2008-07",
            "price": "33.86",
            "revenue": 2926469
        },
        "2008-08": {
            "month": "2008-08",
            "price": "32.14",
            "revenue": 3208560
        },
        "2008-09": {
            "month": "2008-09",
            "price": "27.94",
            "revenue": 3378230
        },
        "2008-10": {
            "month": "2008-10",
            "price": "28.10",
            "revenue": 3008112
        },
        "2008-11": {
            "month": "2008-11",
            "price": "22.25",
            "revenue": 1900347
        },
        "2008-12": {
            "month": "2008-12",
            "price": "19.83",
            "revenue": 1459080
        },
        "2009-01": {
            "month": "2009-01",
            "price": "21.60",
            "revenue": 1943872
        },
        "2009-02": {
            "month": "2009-02",
            "price": "25.28",
            "revenue": 2415606
        },
        "2009-03": {
            "month": "2009-03",
            "price": "28.50",
            "revenue": 2886891
        },
        "2009-04": {
            "month": "2009-04",
            "price": "36.55",
            "revenue": 2888611
        },
        "2009-05": {
            "month": "2009-05",
            "price": "39.28",
            "revenue": 3130432
        },
        "2009-06": {
            "month": "2009-06",
            "price": "38.72",
            "revenue": 3239879
        },
        "2009-07": {
            "month": "2009-07",
            "price": "44.55",
            "revenue": 3540918
        },
        "2009-08": {
            "month": "2009-08",
            "price": "43.77",
            "revenue": 3721064
        },
        "2009-09": {
            "month": "2009-09",
            "price": "40.24",
            "revenue": 3427543
        },
        "2009-10": {
            "month": "2009-10",
            "price": "38.28",
            "revenue": 3278550
        },
        "2009-11": {
            "month": "2009-11",
            "price": "38.49",
            "revenue": 3167454
        },
        "2009-12": {
            "month": "2009-12",
            "price": "44.80",
            "revenue": 2960279
        },
        "2010-01": {
            "month": "2010-01",
            "price": "45.32",
            "revenue": 3273632
        },
        "2010-02": {
            "month": "2010-02",
            "price": "40.95",
            "revenue": 2824192
        },
        "2010-03": {
            "month": "2010-03",
            "price": "42.62",
            "revenue": 3693679
        },
        "2010-04": {
            "month": "2010-04",
            "price": "46.05",
            "revenue": 3832814
        },
        "2010-05": {
            "month": "2010-05",
            "price": "44.31",
            "revenue": 3966699
        },
        "2010-06": {
            "month": "2010-06",
            "price": "43.27",
            "revenue": 4440826
        },
        "2010-07": {
            "month": "2010-07",
            "price": "44.08",
            "revenue": 4139390
        },
        "2010-08": {
            "month": "2010-08",
            "price": "42.13",
            "revenue": 4219564
        },
        "2010-09": {
            "month": "2010-09",
            "price": "42.00",
            "revenue": 4247706
        },
        "2010-10": {
            "month": "2010-10",
            "price": "44.97",
            "revenue": 4543265
        },
        "2010-11": {
            "month": "2010-11",
            "price": "46.95",
            "revenue": 4593186
        },
        "2010-12": {
            "month": "2010-12",
            "price": "58.40",
            "revenue": 4669462
        },
        "2011-01": {
            "month": "2011-01",
            "price": "60.01",
            "revenue": 4028879
        },
        "2011-02": {
            "month": "2011-02",
            "price": "65.01",
            "revenue": 5213363
        },
        "2011-03": {
            "month": "2011-03",
            "price": "68.59",
            "revenue": 5960436
        },
        "2011-04": {
            "month": "2011-04",
            "price": "77.38",
            "revenue": 5779034
        },
        "2011-05": {
            "month": "2011-05",
            "price": "98.52",
            "revenue": 5876185
        },
        "2011-06": {
            "month": "2011-06",
            "price": "102.08",
            "revenue": 5739953
        },
        "2011-07": {
            "month": "2011-07",
            "price": "106.74",
            "revenue": 5152887
        },
        "2011-08": {
            "month": "2011-08",
            "price": "95.46",
            "revenue": 5004551
        },
        "2011-09": {
            "month": "2011-09",
            "price": "95.41",
            "revenue": 5420341
        },
        "2011-10": {
            "month": "2011-10",
            "price": "91.27",
            "revenue": 5712719
        },
        "2011-11": {
            "month": "2011-11",
            "price": "91.60",
            "revenue": 4945401
        },
        "2011-12": {
            "month": "2011-12",
            "price": "84.02",
            "revenue": 4751961
        },
        "2012-01": {
            "month": "2012-01",
            "price": "93.65",
            "revenue": 5695544
        },
        "2012-02": {
            "month": "2012-02",
            "price": "120.70",
            "revenue": 5897331
        },
        "2012-03": {
            "month": "2012-03",
            "price": "129.85",
            "revenue": 6084565
        },
        "2012-04": {
            "month": "2012-04",
            "price": "124.50",
            "revenue": 6706105
        },
        "2012-05": {
            "month": "2012-05",
            "price": "131.05",
            "revenue": 6927666
        },
        "2012-06": {
            "month": "2012-06",
            "price": "140.57",
            "revenue": 7687145
        },
        "2012-07": {
            "month": "2012-07",
            "price": "133.16",
            "revenue": 6516605
        },
        "2012-08": {
            "month": "2012-08",
            "price": "127.23",
            "revenue": 5635839
        },
        "2012-09": {
            "month": "2012-09",
            "price": "132.50",
            "revenue": 5625014
        },
        "2012-10": {
            "month": "2012-10",
            "price": "126.34",
            "revenue": 6140636
        },
        "2012-11": {
            "month": "2012-11",
            "price": "126.16",
            "revenue": 7007205
        },
        "2012-12": {
            "month": "2012-12",
            "price": "126.19",
            "revenue": 6542302
        },
        "2013-01": {
            "month": "2013-01",
            "price": "110.25",
            "revenue": 5889312
        },
        "2013-02": {
            "month": "2013-02",
            "price": "108.69",
            "revenue": 5388537
        },
        "2013-03": {
            "month": "2013-03",
            "price": "116.02",
            "revenue": 6204565
        },
        "2013-04": {
            "month": "2013-04",
            "price": "117.70",
            "revenue": 4714533
        },
        "2013-05": {
            "month": "2013-05",
            "price": "116.50",
            "revenue": 4138479
        },
        "2013-06": {
            "month": "2013-06",
            "price": "97.40",
            "revenue": 3812104
        },
        "2013-07": {
            "month": "2013-07",
            "price": "103.80",
            "revenue": 4354883
        },
        "2013-08": {
            "month": "2013-08",
            "price": "91.32",
            "revenue": 5442854
        },
        "2013-09": {
            "month": "2013-09",
            "price": "104.73",
            "revenue": 4900048
        },
        "2013-10": {
            "month": "2013-10",
            "price": "110.16",
            "revenue": 5553601
        },
        "2013-11": {
            "month": "2013-11",
            "price": "103.97",
            "revenue": 6343642
        },
        "2013-12": {
            "month": "2013-12",
            "price": "106.34",
            "revenue": 6717173
        },
        "2014-01": {
            "month": "2014-01",
            "price": "126.31",
            "revenue": 5540775
        },
        "2014-02": {
            "month": "2014-02",
            "price": "127.47",
            "revenue": 3399305
        },
        "2014-03": {
            "month": "2014-03",
            "price": "121.07",
            "revenue": 3672755
        },
        "2014-04": {
            "month": "2014-04",
            "price": "127.48",
            "revenue": 3602736
        },
        "2014-05": {
            "month": "2014-05",
            "price": "120.88",
            "revenue": 2960053
        },
        "2014-06": {
            "month": "2014-06",
            "price": "126.48",
            "revenue": 4194208
        },
        "2014-07": {
            "month": "2014-07",
            "price": "135.80",
            "revenue": 4414423
        },
        "2014-08": {
            "month": "2014-08",
            "price": "124.76",
            "revenue": 3870867
        },
        "2014-09": {
            "month": "2014-09",
            "price": "124.19",
            "revenue": 4734558
        },
        "2014-10": {
            "month": "2014-10",
            "price": "111.16",
            "revenue": 5160909
        },
        "2014-11": {
            "month": "2014-11",
            "price": "105.02",
            "revenue": 5041717
        },
        "2014-12": {
            "month": "2014-12",
            "price": "102.78",
            "revenue": 4801933
        },
        "2015-01": {
            "month": "2015-01",
            "price": "99.72",
            "revenue": 3685551
        },
        "2015-02": {
            "month": "2015-02",
            "price": "101.53",
            "revenue": 2642386
        },
        "2015-03": {
            "month": "2015-03",
            "price": "98.88",
            "revenue": 3109550
        },
        "2015-04": {
            "month": "2015-04",
            "price": "95.10",
            "revenue": 3255800
        },
        "2015-05": {
            "month": "2015-05",
            "price": "109.88",
            "revenue": 2985270
        },
        "2015-06": {
            "month": "2015-06",
            "price": "111.05",
            "revenue": 3064008
        },
        "2015-07": {
            "month": "2015-07",
            "price": "99.67",
            "revenue": 3470022
        },
        "2015-08": {
            "month": "2015-08",
            "price": "83.78",
            "revenue": 5147838
        },
        "2015-09": {
            "month": "2015-09",
            "price": "100.23",
            "revenue": 6871208
        },
        "2015-10": {
            "month": "2015-10",
            "price": "103.22",
            "revenue": 6546215
        },
        "2015-11": {
            "month": "2015-11",
            "price": "93.75",
            "revenue": 6005425
        },
        "2015-12": {
            "month": "2015-12",
            "price": "79.83",
            "revenue": 5819977
        },
        "2016-01": {
            "month": "2016-01",
            "price": "62.98",
            "revenue": 4527145
        },
        "2016-02": {
            "month": "2016-02",
            "price": "64.72",
            "revenue": 3358461
        },
        "2016-03": {
            "month": "2016-03",
            "price": "67.67",
            "revenue": 3990277
        },
        "2016-04": {
            "month": "2016-04",
            "price": "56.80",
            "revenue": 4010356
        },
        "2016-05": {
            "month": "2016-05",
            "price": "47.42",
            "revenue": 2928877
        },
        "2016-06": {
            "month": "2016-06",
            "price": "49.34",
            "revenue": 2584322
        },
        "2016-07": {
            "month": "2016-07",
            "price": "52.16",
            "revenue": 3126832
        },
        "2016-08": {
            "month": "2016-08",
            "price": "51.82",
            "revenue": 3572564
        },
        "2016-09": {
            "month": "2016-09",
            "price": "51.62",
            "revenue": 3956867
        },
        "2016-10": {
            "month": "2016-10",
            "price": "48.74",
            "revenue": 4622922
        },
        "2016-11": {
            "month": "2016-11",
            "price": "56.32",
            "revenue": 4871312
        },
        "2016-12": {
            "month": "2016-12",
            "price": "57.23",
            "revenue": 4686680
        },
        "2017-01": {
            "month": "2017-01",
            "price": "56.60",
            "revenue": 4200945
        },
        "2017-02": {
            "month": "2017-02",
            "price": "61.14",
            "revenue": 3803439
        },
        "2017-03": {
            "month": "2017-03",
            "price": "62.61",
            "revenue": 4359585
        },
        "2017-04": {
            "month": "2017-04",
            "price": "61.78",
            "revenue": 3817560
        },
        "2017-05": {
            "month": "2017-05",
            "price": "64.50",
            "revenue": 4152158
        },
        "2017-06": {
            "month": "2017-06",
            "price": "66.91",
            "revenue": 4809320
        },
        "2017-07": {
            "month": "2017-07",
            "price": "69.03",
            "revenue": 4432485
        },
        "2017-08": {
            "month": "2017-08",
            "price": "77.11",
            "revenue": 4807463
        },
        "2017-09": {
            "month": "2017-09",
            "price": "73.51",
            "revenue": 5246311
        },
        "2017-10": {
            "month": "2017-10",
            "price": "74.40",
            "revenue": 4786918
        },
        "2017-11": {
            "month": "2017-11",
            "price": "64.93",
            "revenue": 5025573
        },
        "2017-12": {
            "month": "2017-12",
            "price": "69.03",
            "revenue": 4958741
        },
        "2018-01": {
            "month": "2018-01",
            "price": "71.79",
            "revenue": 4544479
        },
        "2018-02": {
            "month": "2018-02",
            "price": "76.44",
            "revenue": 3019445
        },
        "2018-03": {
            "month": "2018-03",
            "price": "76.85",
            "revenue": 3655283
        },
        "2018-04": {
            "month": "2018-04",
            "price": "70.79",
            "revenue": 3197488
        },
        "2018-05": {
            "month": "2018-05",
            "price": "61.76",
            "revenue": 3641990
        },
        "2018-06": {
            "month": "2018-06",
            "price": "62.30",
            "revenue": 3893641
        },
        "2018-07": {
            "month": "2018-07",
            "price": "60.85",
            "revenue": 4461986
        },
        "2018-08": {
            "month": "2018-08",
            "price": "66.21",
            "revenue": 4525242
        },
        "2018-09": {
            "month": "2018-09",
            "price": "67.47",
            "revenue": 4934569
        },
        "2018-10": {
            "month": "2018-10",
            "price": "68.94",
            "revenue": 5808780
        },
        "2018-11": {
            "month": "2018-11",
            "price": "81.94",
            "revenue": 6328655
        },
        "2018-12": {
            "month": "2018-12",
            "price": "83.75",
            "revenue": 5940731
        },
        "2019-01": {
            "month": "2019-01",
            "price": "84.28",
            "revenue": 5606787
        },
        "2019-02": {
            "month": "2019-02",
            "price": "93.48",
            "revenue": 3962570
        },
        "2019-03": {
            "month": "2019-03",
            "price": "96.61",
            "revenue": 5289512
        },
        "2019-04": {
            "month": "2019-04",
            "price": "104.33",
            "revenue": 4540683
        },
        "2019-05": {
            "month": "2019-05",
            "price": "101.54",
            "revenue": 3973688
        },
        "2019-06": {
            "month": "2019-06",
            "price": "101.07",
            "revenue": 4465571
        },
        "2019-07": {
            "month": "2019-07",
            "price": "113.75",
            "revenue": 5399244
        },
        "2019-08": {
            "month": "2019-08",
            "price": "117.45",
            "revenue": 4832155
        },
        "2019-09": {
            "month": "2019-09",
            "price": "119.82",
            "revenue": 4820777
        },
        "2019-10": {
            "month": "2019-10",
            "price": "119.40",
            "revenue": 4880078
        },
        "2019-11": {
            "month": "2019-11",
            "price": "118.40",
            "revenue": 4571929
        },
        "2019-12": {
            "month": "2019-12",
            "price": "118.86",
            "revenue": 3777593
        },
        "2020-01": {
            "month": "2020-01",
            "price": "115.37",
            "revenue": 3482446
        },
        "2020-02": {
            "month": "2020-02",
            "price": "103.48",
            "revenue": 1721009
        },
        "2020-03": {
            "month": "2020-03",
            "price": "85.60",
            "revenue": 3364388
        },
        "2020-04": {
            "month": "2020-04",
            "price": "91.58",
            "revenue": 5104938
        },
        "2020-05": {
            "month": "2020-05",
            "price": "99.72",
            "revenue": 4979077
        },
        "2020-06": {
            "month": "2020-06",
            "price": "114.42",
            "revenue": 5147902
        },
        "2020-07": {
            "month": "2020-07",
            "price": "116.09",
            "revenue": 5022393
        },
        "2020-08": {
            "month": "2020-08",
            "price": "115.64",
            "revenue": 5323123
        },
        "2020-09": {
            "month": "2020-09",
            "price": "109.23",
            "revenue": 5438033
        },
        "2020-10": {
            "month": "2020-10",
            "price": "109.03",
            "revenue": 5081930
        },
        "2020-11": {
            "month": "2020-11",
            "price": "110.62",
            "revenue": 5537461
        },
        "2020-12": {
            "month": "2020-12",
            "price": "115.11",
            "revenue": 5890501
        },
        "2021-01": {
            "month": "2021-01",
            "price": "117.68",
            "revenue": 5050882
        },
        "2021-02": {
            "month": "2021-02",
            "price": "117.50",
            "revenue": 4060414
        },
        "2021-03": {
            "month": "2021-03",
            "price": "122.70",
            "revenue": 4956289
        },
        "2021-04": {
            "month": "2021-04",
            "price": "126.00",
            "revenue": 4924942
        },
        "2021-05": {
            "month": "2021-05",
            "price": "119.67",
            "revenue": 4478330
        },
        "2021-06": {
            "month": "2021-06",
            "price": "118.55",
            "revenue": 4628479
        },
        "2021-07": {
            "month": "2021-07",
            "price": "121.07",
            "revenue": 4519213
        },
        "2021-08": {
            "month": "2021-08",
            "price": "98.45",
            "revenue": 4580571
        },
        "2021-09": {
            "month": "2021-09",
            "price": "94.83",
            "revenue": 4644208
        },
        "2021-10": {
            "month": "2021-10",
            "price": "92.74",
            "revenue": 4649180
        },
        "2021-11": {
            "month": "2021-11",
            "price": "97.60",
            "revenue": 5154628
        },
        "2021-12": {
            "month": "2021-12",
            "price": "98.35",
            "revenue": 5276923
        },
        "2022-01": {
            "month": "2022-01",
            "price": "101.86",
            "revenue": 4565063
        },
        "2022-02": {
            "month": "2022-02",
            "price": "101.65",
            "revenue": 4084375
        },
        "2022-03": {
            "month": "2022-03",
            "price": "102.15",
            "revenue": 5728344
        },
        "2022-04": {
            "month": "2022-04",
            "price": "103.95",
            "revenue": 2788969
        },
        "2022-05": {
            "month": "2022-05",
            "price": "103.05",
            "revenue": 3341428
        },
        "2022-06": {
            "month": "2022-06",
            "price": "100.30",
            "revenue": 4891606
        },
        "2022-07": {
            "month": "2022-07",
            "price": "85.39",
            "revenue": 5984875
        },
        "2022-08": {
            "month": "2022-08",
            "price": "98.37",
            "revenue": 6052612
        },
        "2022-09": {
            "month": "2022-09",
            "price": "98.99",
            "revenue": 5960827
        },
        "2022-10": {
            "month": "2022-10",
            "price": "96.75",
            "revenue": 6283422
        },
        "2022-11": {
            "month": "2022-11",
            "price": "101.97",
            "revenue": 5327445
        },
        "2022-12": {
            "month": "2022-12",
            "price": "105.68",
            "revenue": 3691996
        },
        "2023-01": {
            "month": "2023-01",
            "price": "100.96",
            "revenue": 3232033
        },
        "2023-02": {
            "month": "2023-02",
            "price": "104.00",
            "revenue": 2860792
        },
        "2023-03": {
            "month": "2023-03",
            "price": "107.33",
            "revenue": 3157354
        },
        "2023-04": {
            "month": "2023-04",
            "price": "111.94",
            "revenue": 3993207
        },
        "2023-05": {
            "month": "2023-05",
            "price": "115.55",
            "revenue": 4265148
        },
        "2023-06": {
            "month": "2023-06",
            "price": "120.38",
            "revenue": 3555883
        },
        "2023-07": {
            "month": "2023-07",
            "price": "110.57",
            "revenue": 3864029
        },
        "2023-08": {
            "month": "2023-08",
            "price": "117.52",
            "revenue": 3674782
        },
        "2023-09": {
            "month": "2023-09",
            "price": "126.02",
            "revenue": 3849478
        },
        "2023-10": {
            "month": "2023-10",
            "price": "124.25",
            "revenue": 4050031
        },
        "2023-11": {
            "month": "2023-11",
            "price": "128.75",
            "revenue": 4081356
        },
        "2023-12": {
            "month": "2023-12",
            "price": "133.00",
            "revenue": 3494863
        }
    }
}
