{
    "summary": {
        "stock_name": "達麗",
        "stock_id": "6177",
        "category": "建材營造",
        "main_business": "委託營造廠商興建商業大樓及國民住宅出租、出售<br>都市更新重建<br>不動產買賣及租賃",
        "website_url": "http://www.da-li.com.tw",
        "ceo": "李堯芳",
        "pe_ratio": 35,
        "report_year_from": 2001,
        "report_year_to": 2023,
        "age": 23,
        "eps_negative_percentage": 9,
        "eps_growth_avg": {
            "last_all": 2.55,
            "last_2y": 6.14,
            "last_4y": 7.08,
            "last_8y": -7.89,
            "last_12y": -0.48,
            "last_16y": 10.06,
            "last_20y": -2.58,
            "at_2006_last_3y": -70.03,
            "at_2007_last_3y": -97.44,
            "at_2008_last_3y": 0,
            "at_2009_last_3y": 33.64,
            "at_2010_last_3y": 55.76,
            "at_2011_last_3y": 31.53,
            "at_2012_last_3y": 31.53,
            "at_2013_last_3y": 16.2,
            "at_2014_last_3y": 16.2,
            "at_2015_last_3y": 11.86,
            "at_2016_last_3y": -25.97,
            "at_2017_last_3y": 22.54,
            "at_2018_last_3y": -26.61,
            "at_2019_last_3y": 13.02,
            "at_2020_last_3y": 5.09,
            "at_2021_last_3y": 5.09,
            "at_2022_last_3y": 23.41,
            "at_2023_last_3y": -16.15,
            "at_2024_last_3y": -16.15,
            "at_2006_last_all": -27.52,
            "at_2007_last_all": -27.52,
            "at_2008_last_all": -2.02,
            "at_2009_last_all": -7.13,
            "at_2010_last_all": 8.17,
            "at_2011_last_all": 2,
            "at_2012_last_all": 12.89,
            "at_2013_last_all": 2.2,
            "at_2014_last_all": 11.09,
            "at_2015_last_all": 5.29,
            "at_2016_last_all": 0.93,
            "at_2017_last_all": 8.01,
            "at_2018_last_all": 1.04,
            "at_2019_last_all": 7.22,
            "at_2020_last_all": 1.91,
            "at_2021_last_all": 7.36,
            "at_2022_last_all": 5.75,
            "at_2023_last_all": 2.55,
            "at_2024_last_all": 2.55
        },
        "latest_eps": 0.97,
        "latest_price": 33.85,
        "latest_roe": 5.18,
        "latest_gross_margin": 23.47,
        "latest_equity": 7751464,
        "latest_revenue": 3293305,
        "latest_gross_profit": 772787,
        "latest_net_income": 432506,
        "latest_debt_ratio": 80.84,
        "latest_current_ratio": 124.99,
        "latest_account_receivable_turnover_ratio": 12.81,
        "latest_inventory_turnover_ratio": 0.08,
        "latest_reinvestment_rate": 36.89,
        "latest_research_to_sale_ratio": null
    },
    "eps_dividends": {
        "2000": {
            "cash": 0,
            "stock": 3.3,
            "eps": 0
        },
        "2001": {
            "cash": 0,
            "stock": 2,
            "eps": 0.44
        },
        "2002": {
            "cash": 0,
            "stock": 0.5,
            "eps": 0.92
        },
        "2003": {
            "cash": 0.44,
            "stock": 0.19,
            "eps": 0.78
        },
        "2004": {
            "cash": 0.41,
            "stock": 0.31,
            "eps": 0.04
        },
        "2005": {
            "cash": 0,
            "stock": 0,
            "eps": -0.35
        },
        "2006": {
            "cash": 0,
            "stock": 0,
            "eps": -1.32
        },
        "2007": {
            "cash": 0,
            "stock": 0,
            "eps": 0.23
        },
        "2008": {
            "cash": 0,
            "stock": 0,
            "eps": 1.62
        },
        "2009": {
            "cash": 0,
            "stock": 0.89,
            "eps": 1.09
        },
        "2010": {
            "cash": 0,
            "stock": 1.46,
            "eps": 4.08
        },
        "2011": {
            "cash": 1.51,
            "stock": 3.08,
            "eps": 2.4
        },
        "2012": {
            "cash": 0,
            "stock": 0,
            "eps": 5.87
        },
        "2013": {
            "cash": 0,
            "stock": 2.1,
            "eps": 0.35
        },
        "2014": {
            "cash": 0,
            "stock": 0.26,
            "eps": 9.16
        },
        "2015": {
            "cash": 4,
            "stock": 1.2,
            "eps": 3.8
        },
        "2016": {
            "cash": 3,
            "stock": 0.1,
            "eps": 1.85
        },
        "2017": {
            "cash": 2,
            "stock": 0.2,
            "eps": 5.33
        },
        "2018": {
            "cash": 4.5,
            "stock": 0,
            "eps": 0.18
        },
        "2019": {
            "cash": 0.5,
            "stock": 0.5,
            "eps": 3.71
        },
        "2020": {
            "cash": 2,
            "stock": 1,
            "eps": 0.63
        },
        "2021": {
            "cash": 0,
            "stock": 0.2,
            "eps": 4.03
        },
        "2022": {
            "cash": 3,
            "stock": 0,
            "eps": 3.09
        },
        "2023": {
            "cash": 1,
            "stock": 0.5,
            "eps": 1.29
        }
    },
    "dividends": {
        "2000-05-09": {
            "cash": 0,
            "stock": 3.3
        },
        "2001-06-02": {
            "cash": 0,
            "stock": 2
        },
        "2002-06-28": {
            "cash": 0,
            "stock": 0.5
        },
        "2003-03-24": {
            "cash": 0.44,
            "stock": 0.19
        },
        "2004-04-01": {
            "cash": 0.41,
            "stock": 0.31
        },
        "2009-04-22": {
            "cash": 0,
            "stock": 0.89
        },
        "2010-03-29": {
            "cash": 0,
            "stock": 1.46
        },
        "2011-01-01": {
            "cash": 1,
            "stock": 0.5
        },
        "2011-04-29": {
            "cash": 0.51,
            "stock": 2.58
        },
        "2013-03-26": {
            "cash": 0,
            "stock": 2.1
        },
        "2014-06-23": {
            "cash": 0,
            "stock": 0.26
        },
        "2015-10-20": {
            "cash": 4,
            "stock": 1.2
        },
        "2016-09-20": {
            "cash": 3,
            "stock": 0.1
        },
        "2017-08-24": {
            "cash": 2,
            "stock": 0.2
        },
        "2018-09-21": {
            "cash": 4.5,
            "stock": 0
        },
        "2019-08-29": {
            "cash": 0.5,
            "stock": 0.5
        },
        "2020-08-28": {
            "cash": 2,
            "stock": 1
        },
        "2021-05-06": {
            "cash": 0,
            "stock": 0.2
        },
        "2022-08-25": {
            "cash": 3,
            "stock": 0
        },
        "2023-09-28": {
            "cash": 1,
            "stock": 0.5
        }
    },
    "prices": {
        "200101": "無",
        "200102": "無",
        "200103": "無",
        "200104": "無",
        "200105": "無",
        "200106": "無",
        "200107": "無",
        "200108": "無",
        "200109": "無",
        "200110": "無",
        "200111": "無",
        "200112": "無",
        "200201": "無",
        "200202": "無",
        "200203": "無",
        "200204": "19.59",
        "200205": "26.88",
        "200206": "35.72",
        "200207": "28.23",
        "200208": "20.70",
        "200209": "13.66",
        "200210": "12.40",
        "200211": "13.67",
        "200212": "12.57",
        "200301": "11.52",
        "200302": "12.38",
        "200303": "11.32",
        "200304": "10.48",
        "200305": "10.90",
        "200306": "12.96",
        "200307": "13.87",
        "200308": "12.24",
        "200309": "11.49",
        "200310": "11.90",
        "200311": "12.17",
        "200312": "12.09",
        "200401": "12.56",
        "200402": "14.05",
        "200403": "16.83",
        "200404": "16.93",
        "200405": "14.78",
        "200406": "11.96",
        "200407": "10.40",
        "200408": "11.96",
        "200409": "10.26",
        "200410": "9.85",
        "200411": "10.11",
        "200412": "9.72",
        "200501": "9.44",
        "200502": "10.52",
        "200503": "10.98",
        "200504": "9.68",
        "200505": "8.75",
        "200506": "11.42",
        "200507": "15.64",
        "200508": "15.21",
        "200509": "13.05",
        "200510": "12.36",
        "200511": "12.35",
        "200512": "12.45",
        "200601": "11.33",
        "200602": "10.82",
        "200603": "11.10",
        "200604": "12.38",
        "200605": "12.45",
        "200606": "13.21",
        "200607": "12.73",
        "200608": "14.57",
        "200609": "14.99",
        "200610": "16.93",
        "200611": "17.67",
        "200612": "20.38",
        "200701": "22.26",
        "200702": "21.35",
        "200703": "21.59",
        "200704": "23.66",
        "200705": "21.42",
        "200706": "21.92",
        "200707": "26.62",
        "200708": "25.83",
        "200709": "23.40",
        "200710": "23.67",
        "200711": "20.66",
        "200712": "20.73",
        "200801": "22.67",
        "200802": "25.42",
        "200803": "25.19",
        "200804": "25.39",
        "200805": "24.24",
        "200806": "22.12",
        "200807": "20.00",
        "200808": "19.66",
        "200809": "17.31",
        "200810": "12.69",
        "200811": "10.97",
        "200812": "9.24",
        "200901": "9.78",
        "200902": "10.12",
        "200903": "10.30",
        "200904": "14.48",
        "200905": "18.64",
        "200906": "17.01",
        "200907": "18.21",
        "200908": "21.30",
        "200909": "18.88",
        "200910": "20.49",
        "200911": "20.11",
        "200912": "21.32",
        "201001": "24.42",
        "201002": "23.60",
        "201003": "26.93",
        "201004": "28.76",
        "201005": "26.05",
        "201006": "25.35",
        "201007": "24.70",
        "201008": "24.69",
        "201009": "27.34",
        "201010": "28.04",
        "201011": "27.98",
        "201012": "30.83",
        "201101": "35.16",
        "201102": "37.60",
        "201103": "32.77",
        "201104": "31.87",
        "201105": "32.55",
        "201106": "34.50",
        "201107": "34.99",
        "201108": "28.48",
        "201109": "26.37",
        "201110": "23.72",
        "201111": "21.36",
        "201112": "19.32",
        "201201": "18.96",
        "201202": "20.66",
        "201203": "26.27",
        "201204": "25.51",
        "201205": "27.45",
        "201206": "26.14",
        "201207": "27.90",
        "201208": "29.55",
        "201209": "29.24",
        "201210": "27.47",
        "201211": "27.50",
        "201212": "28.71",
        "201301": "33.75",
        "201302": "34.95",
        "201303": "34.66",
        "201304": "37.29",
        "201305": "38.19",
        "201306": "36.03",
        "201307": "36.90",
        "201308": "34.44",
        "201309": "32.19",
        "201310": "32.63",
        "201311": "33.32",
        "201312": "36.47",
        "201401": "33.84",
        "201402": "36.41",
        "201403": "35.71",
        "201404": "35.34",
        "201405": "35.46",
        "201406": "35.36",
        "201407": "35.41",
        "201408": "35.28",
        "201409": "35.47",
        "201410": "34.71",
        "201411": "35.88",
        "201412": "38.18",
        "201501": "37.12",
        "201502": "38.50",
        "201503": "43.66",
        "201504": "42.20",
        "201505": "41.51",
        "201506": "38.87",
        "201507": "34.41",
        "201508": "28.00",
        "201509": "28.13",
        "201510": "21.51",
        "201511": "20.52",
        "201512": "20.05",
        "201601": "19.19",
        "201602": "19.03",
        "201603": "20.64",
        "201604": "21.35",
        "201605": "21.93",
        "201606": "22.86",
        "201607": "23.38",
        "201608": "22.79",
        "201609": "20.41",
        "201610": "20.03",
        "201611": "19.61",
        "201612": "19.65",
        "201701": "19.80",
        "201702": "21.62",
        "201703": "23.78",
        "201704": "23.31",
        "201705": "23.40",
        "201706": "25.35",
        "201707": "25.55",
        "201708": "28.56",
        "201709": "34.60",
        "201710": "33.63",
        "201711": "33.25",
        "201712": "32.12",
        "201801": "34.58",
        "201802": "32.85",
        "201803": "33.97",
        "201804": "36.93",
        "201805": "36.30",
        "201806": "36.73",
        "201807": "33.94",
        "201808": "34.41",
        "201809": "27.68",
        "201810": "28.33",
        "201811": "26.19",
        "201812": "26.73",
        "201901": "29.39",
        "201902": "31.02",
        "201903": "31.66",
        "201904": "32.25",
        "201905": "30.70",
        "201906": "30.15",
        "201907": "29.67",
        "201908": "28.08",
        "201909": "27.78",
        "201910": "26.98",
        "201911": "28.47",
        "201912": "28.12",
        "202001": "28.32",
        "202002": "27.81",
        "202003": "25.26",
        "202004": "27.86",
        "202005": "28.78",
        "202006": "31.22",
        "202007": "32.30",
        "202008": "27.98",
        "202009": "29.33",
        "202010": "29.53",
        "202011": "29.43",
        "202012": "30.41",
        "202101": "29.36",
        "202102": "29.27",
        "202103": "30.53",
        "202104": "31.92",
        "202105": "29.20",
        "202106": "29.80",
        "202107": "30.30",
        "202108": "30.52",
        "202109": "31.64",
        "202110": "31.28",
        "202111": "30.15",
        "202112": "30.10",
        "202201": "30.13",
        "202202": "30.45",
        "202203": "30.93",
        "202204": "31.72",
        "202205": "30.57",
        "202206": "30.23",
        "202207": "29.57",
        "202208": "27.55",
        "202209": "27.70",
        "202210": "26.54",
        "202211": "27.67",
        "202212": "29.08",
        "202301": "30.25",
        "202302": "30.48",
        "202303": "31.95",
        "202304": "32.00",
        "202305": "31.69",
        "202306": "31.72",
        "202307": "31.60",
        "202308": "31.29",
        "202309": "31.18",
        "202310": "31.82",
        "202311": "33.08",
        "202312": "34.46"
    },
    "quarters": {
        "20011": {
            "year_quarter": 20011,
            "year": 2001,
            "quarter": 1,
            "eps": 0.77,
            "eps_growth_year": null,
            "eps_4q": null,
            "eps_4q_growth_year": null,
            "roe": 6.35,
            "roe_4q": 6.35,
            "gross_profit": 61942,
            "gross_margin": 30.84,
            "gross_margin_4q_avg": 30.84,
            "net_income": 14777,
            "net_income_4q": null,
            "revenue": 200829,
            "revenue_4q": null,
            "common_shares": 159210,
            "book_valuer_per_share": 15.09,
            "book_valuer_per_share_4q_avg": 15.09,
            "equity": 240260,
            "current_ratio": 180.94,
            "debt_ratio": 57.3,
            "inventory_turnover_ratio": 1.01,
            "account_receivable_turnover_ratio": null,
            "reinvestment_rate": null,
            "research_to_sale_ratio": null,
            "price_fair": 0,
            "eps_avg_yearly": 0,
            "eps_latest_yearly": 0,
            "eps_growth_yearly": 0
        },
        "20012": {
            "year_quarter": 20012,
            "year": 2001,
            "quarter": 2,
            "eps": -0.63,
            "eps_growth_year": null,
            "eps_4q": null,
            "eps_4q_growth_year": null,
            "roe": -4.25,
            "roe_4q": 2.0999999999999996,
            "gross_profit": 32731,
            "gross_margin": 22.23,
            "gross_margin_4q_avg": 26.54,
            "net_income": -9961,
            "net_income_4q": null,
            "revenue": 147211,
            "revenue_4q": null,
            "common_shares": 159210,
            "book_valuer_per_share": 14.37,
            "book_valuer_per_share_4q_avg": 14.73,
            "equity": 228783,
            "current_ratio": 185.96,
            "debt_ratio": 56.47,
            "inventory_turnover_ratio": 0.89,
            "account_receivable_turnover_ratio": null,
            "reinvestment_rate": null,
            "research_to_sale_ratio": null,
            "price_fair": 0,
            "eps_avg_yearly": 0,
            "eps_latest_yearly": 0,
            "eps_growth_yearly": 0
        },
        "20013": {
            "year_quarter": 20013,
            "year": 2001,
            "quarter": 3,
            "eps": 0.04,
            "eps_growth_year": null,
            "eps_4q": null,
            "eps_4q_growth_year": null,
            "roe": 0.34,
            "roe_4q": 2.4399999999999995,
            "gross_profit": 46110,
            "gross_margin": 29.09,
            "gross_margin_4q_avg": 27.39,
            "net_income": 783,
            "net_income_4q": null,
            "revenue": 158501,
            "revenue_4q": null,
            "common_shares": 192568,
            "book_valuer_per_share": 11.92,
            "book_valuer_per_share_4q_avg": 13.79,
            "equity": 229566,
            "current_ratio": 200.1,
            "debt_ratio": 53.53,
            "inventory_turnover_ratio": 1.03,
            "account_receivable_turnover_ratio": null,
            "reinvestment_rate": null,
            "research_to_sale_ratio": null,
            "price_fair": 0,
            "eps_avg_yearly": 0,
            "eps_latest_yearly": 0,
            "eps_growth_yearly": 0
        },
        "20014": {
            "year_quarter": 20014,
            "year": 2001,
            "quarter": 4,
            "eps": 0.26,
            "eps_growth_year": null,
            "eps_4q": 0.55,
            "eps_4q_growth_year": null,
            "roe": 2.16,
            "roe_4q": 4.6,
            "gross_profit": 42696,
            "gross_margin": 25.07,
            "gross_margin_4q_avg": 26.81,
            "net_income": 4998,
            "net_income_4q": null,
            "revenue": 170322,
            "revenue_4q": null,
            "common_shares": 192568,
            "book_valuer_per_share": 12.15,
            "book_valuer_per_share_4q_avg": 13.38,
            "equity": 234059,
            "current_ratio": 198.33,
            "debt_ratio": 57.49,
            "inventory_turnover_ratio": 1.32,
            "account_receivable_turnover_ratio": null,
            "reinvestment_rate": null,
            "research_to_sale_ratio": null,
            "price_fair": 0,
            "eps_avg_yearly": 0,
            "eps_latest_yearly": 0,
            "eps_growth_yearly": 0
        },
        "20021": {
            "year_quarter": 20021,
            "year": 2002,
            "quarter": 1,
            "eps": 0.52,
            "eps_growth_year": -32.47,
            "eps_4q": 0.3,
            "eps_4q_growth_year": null,
            "roe": 4.21,
            "roe_4q": 2.46,
            "gross_profit": 56236,
            "gross_margin": 28.72,
            "gross_margin_4q_avg": 26.28,
            "net_income": 10074,
            "net_income_4q": null,
            "revenue": 195823,
            "revenue_4q": null,
            "common_shares": 192568,
            "book_valuer_per_share": 12.69,
            "book_valuer_per_share_4q_avg": 12.78,
            "equity": 244313,
            "current_ratio": 203.73,
            "debt_ratio": 52.77,
            "inventory_turnover_ratio": 1.46,
            "account_receivable_turnover_ratio": null,
            "reinvestment_rate": null,
            "research_to_sale_ratio": null,
            "price_fair": 72.8,
            "eps_avg_yearly": 2.08,
            "eps_latest_yearly": 2.08,
            "eps_growth_yearly": 400
        },
        "20022": {
            "year_quarter": 20022,
            "year": 2002,
            "quarter": 2,
            "eps": -0.34,
            "eps_growth_year": null,
            "eps_4q": 0.47,
            "eps_4q_growth_year": null,
            "roe": -2.82,
            "roe_4q": 3.89,
            "gross_profit": 42021,
            "gross_margin": 27.19,
            "gross_margin_4q_avg": 27.52,
            "net_income": -6794,
            "net_income_4q": null,
            "revenue": 154570,
            "revenue_4q": null,
            "common_shares": 192568,
            "book_valuer_per_share": 12.35,
            "book_valuer_per_share_4q_avg": 12.28,
            "equity": 237863,
            "current_ratio": 209.6,
            "debt_ratio": 54.75,
            "inventory_turnover_ratio": 1.2,
            "account_receivable_turnover_ratio": null,
            "reinvestment_rate": null,
            "research_to_sale_ratio": null,
            "price_fair": 72.8,
            "eps_avg_yearly": 2.08,
            "eps_latest_yearly": 2.08,
            "eps_growth_yearly": 400
        },
        "20023": {
            "year_quarter": 20023,
            "year": 2002,
            "quarter": 3,
            "eps": -0.06,
            "eps_growth_year": -250,
            "eps_4q": 0.35,
            "eps_4q_growth_year": null,
            "roe": -0.54,
            "roe_4q": 3.0100000000000002,
            "gross_profit": 47404,
            "gross_margin": 25.9,
            "gross_margin_4q_avg": 26.72,
            "net_income": -1270,
            "net_income_4q": null,
            "revenue": 183058,
            "revenue_4q": null,
            "common_shares": 202196,
            "book_valuer_per_share": 11.7,
            "book_valuer_per_share_4q_avg": 12.22,
            "equity": 236593,
            "current_ratio": 177.62,
            "debt_ratio": 59.39,
            "inventory_turnover_ratio": 1.3,
            "account_receivable_turnover_ratio": null,
            "reinvestment_rate": null,
            "research_to_sale_ratio": null,
            "price_fair": 72.8,
            "eps_avg_yearly": 2.08,
            "eps_latest_yearly": 2.08,
            "eps_growth_yearly": 400
        },
        "20024": {
            "year_quarter": 20024,
            "year": 2002,
            "quarter": 4,
            "eps": 0.8,
            "eps_growth_year": 207.69,
            "eps_4q": 0.9,
            "eps_4q_growth_year": 63.04,
            "roe": 6.65,
            "roe_4q": 7.5,
            "gross_profit": 58953,
            "gross_margin": 20.3,
            "gross_margin_4q_avg": 25.53,
            "net_income": 16275,
            "net_income_4q": null,
            "revenue": 290431,
            "revenue_4q": null,
            "common_shares": 202196,
            "book_valuer_per_share": 12.51,
            "book_valuer_per_share_4q_avg": 12.31,
            "equity": 252868,
            "current_ratio": 254.49,
            "debt_ratio": 59.69,
            "inventory_turnover_ratio": 1.86,
            "account_receivable_turnover_ratio": null,
            "reinvestment_rate": null,
            "research_to_sale_ratio": null,
            "price_fair": 72.8,
            "eps_avg_yearly": 2.08,
            "eps_latest_yearly": 2.08,
            "eps_growth_yearly": 400
        },
        "20031": {
            "year_quarter": 20031,
            "year": 2003,
            "quarter": 1,
            "eps": 0.19,
            "eps_growth_year": -63.46,
            "eps_4q": 0.59,
            "eps_4q_growth_year": 95.16,
            "roe": 1.52,
            "roe_4q": 4.8100000000000005,
            "gross_profit": 54267,
            "gross_margin": 24.58,
            "gross_margin_4q_avg": 24.49,
            "net_income": 3864,
            "net_income_4q": null,
            "revenue": 220737,
            "revenue_4q": null,
            "common_shares": 202196,
            "book_valuer_per_share": 12.7,
            "book_valuer_per_share_4q_avg": 12.32,
            "equity": 256732,
            "current_ratio": 278.17,
            "debt_ratio": 55.19,
            "inventory_turnover_ratio": 1.43,
            "account_receivable_turnover_ratio": null,
            "reinvestment_rate": null,
            "research_to_sale_ratio": null,
            "price_fair": 49.7,
            "eps_avg_yearly": 1.42,
            "eps_latest_yearly": 0.76,
            "eps_growth_yearly": 47.5
        },
        "20032": {
            "year_quarter": 20032,
            "year": 2003,
            "quarter": 2,
            "eps": 0.1,
            "eps_growth_year": null,
            "eps_4q": 0.99,
            "eps_4q_growth_year": 111.22,
            "roe": 0.84,
            "roe_4q": 8.469999999999999,
            "gross_profit": 43908,
            "gross_margin": 26.79,
            "gross_margin_4q_avg": 24.39,
            "net_income": 2111,
            "net_income_4q": null,
            "revenue": 163882,
            "revenue_4q": null,
            "common_shares": 202196,
            "book_valuer_per_share": 12.22,
            "book_valuer_per_share_4q_avg": 12.28,
            "equity": 247086,
            "current_ratio": 272.39,
            "debt_ratio": 56.19,
            "inventory_turnover_ratio": 1.23,
            "account_receivable_turnover_ratio": null,
            "reinvestment_rate": null,
            "research_to_sale_ratio": null,
            "price_fair": 3.24,
            "eps_avg_yearly": 1.08,
            "eps_latest_yearly": 0.4,
            "eps_growth_yearly": -31.49
        },
        "20033": {
            "year_quarter": 20033,
            "year": 2003,
            "quarter": 3,
            "eps": 0.26,
            "eps_growth_year": null,
            "eps_4q": 1.29,
            "eps_4q_growth_year": 272.54,
            "roe": 2.09,
            "roe_4q": 11.1,
            "gross_profit": 47107,
            "gross_margin": 23.96,
            "gross_margin_4q_avg": 23.91,
            "net_income": 5610,
            "net_income_4q": null,
            "revenue": 196631,
            "revenue_4q": null,
            "common_shares": 235004,
            "book_valuer_per_share": 12.33,
            "book_valuer_per_share_4q_avg": 12.44,
            "equity": 289661,
            "current_ratio": 256.15,
            "debt_ratio": 50.8,
            "inventory_turnover_ratio": 1.46,
            "account_receivable_turnover_ratio": null,
            "reinvestment_rate": null,
            "research_to_sale_ratio": null,
            "price_fair": 37.45,
            "eps_avg_yearly": 1.07,
            "eps_latest_yearly": 1.04,
            "eps_growth_yearly": 136.38
        },
        "20034": {
            "year_quarter": 20034,
            "year": 2003,
            "quarter": 4,
            "eps": 0.23,
            "eps_growth_year": -71.25,
            "eps_4q": 0.75,
            "eps_4q_growth_year": -16.11,
            "roe": 1.72,
            "roe_4q": 6.17,
            "gross_profit": 65425,
            "gross_margin": 22.79,
            "gross_margin_4q_avg": 24.53,
            "net_income": 5085,
            "net_income_4q": null,
            "revenue": 287135,
            "revenue_4q": null,
            "common_shares": 241846,
            "book_valuer_per_share": 12.52,
            "book_valuer_per_share_4q_avg": 12.44,
            "equity": 302773,
            "current_ratio": 207,
            "debt_ratio": 59.15,
            "inventory_turnover_ratio": 1.68,
            "account_receivable_turnover_ratio": null,
            "reinvestment_rate": null,
            "research_to_sale_ratio": null,
            "price_fair": 36.4,
            "eps_avg_yearly": 1.04,
            "eps_latest_yearly": 0.92,
            "eps_growth_yearly": 99.87
        },
        "20041": {
            "year_quarter": 20041,
            "year": 2004,
            "quarter": 1,
            "eps": 0.23,
            "eps_growth_year": 21.05,
            "eps_4q": 0.74,
            "eps_4q_growth_year": 24.75,
            "roe": 1.81,
            "roe_4q": 6.46,
            "gross_profit": 54052,
            "gross_margin": 24.98,
            "gross_margin_4q_avg": 24.63,
            "net_income": 5767,
            "net_income_4q": null,
            "revenue": 216367,
            "revenue_4q": null,
            "common_shares": 263161,
            "book_valuer_per_share": 12.69,
            "book_valuer_per_share_4q_avg": 12.44,
            "equity": 333820,
            "current_ratio": 247.02,
            "debt_ratio": 47.03,
            "inventory_turnover_ratio": 1.14,
            "account_receivable_turnover_ratio": null,
            "reinvestment_rate": null,
            "research_to_sale_ratio": null,
            "price_fair": 35.7,
            "eps_avg_yearly": 1.02,
            "eps_latest_yearly": 0.92,
            "eps_growth_yearly": 83.23
        },
        "20042": {
            "year_quarter": 20042,
            "year": 2004,
            "quarter": 2,
            "eps": -0.38,
            "eps_growth_year": -480,
            "eps_4q": 0.24,
            "eps_4q_growth_year": -75.96,
            "roe": -3.01,
            "roe_4q": 2.6100000000000003,
            "gross_profit": 39201,
            "gross_margin": 23.91,
            "gross_margin_4q_avg": 23.91,
            "net_income": -9909,
            "net_income_4q": null,
            "revenue": 163952,
            "revenue_4q": null,
            "common_shares": 274301,
            "book_valuer_per_share": 11.82,
            "book_valuer_per_share_4q_avg": 12.34,
            "equity": 324300,
            "current_ratio": 241,
            "debt_ratio": 45.99,
            "inventory_turnover_ratio": 0.96,
            "account_receivable_turnover_ratio": null,
            "reinvestment_rate": null,
            "research_to_sale_ratio": null,
            "price_fair": 35.7,
            "eps_avg_yearly": 1.02,
            "eps_latest_yearly": 0.92,
            "eps_growth_yearly": 83.23
        },
        "20043": {
            "year_quarter": 20043,
            "year": 2004,
            "quarter": 3,
            "eps": -0.16,
            "eps_growth_year": -161.54,
            "eps_4q": -0.12,
            "eps_4q_growth_year": -109.58,
            "roe": -1.38,
            "roe_4q": -0.8599999999999997,
            "gross_profit": 46857,
            "gross_margin": 22.37,
            "gross_margin_4q_avg": 23.51,
            "net_income": -4442,
            "net_income_4q": null,
            "revenue": 209453,
            "revenue_4q": null,
            "common_shares": 282834,
            "book_valuer_per_share": 11.31,
            "book_valuer_per_share_4q_avg": 12.09,
            "equity": 319858,
            "current_ratio": 235.22,
            "debt_ratio": 46.81,
            "inventory_turnover_ratio": 1.27,
            "account_receivable_turnover_ratio": null,
            "reinvestment_rate": null,
            "research_to_sale_ratio": null,
            "price_fair": 35.7,
            "eps_avg_yearly": 1.02,
            "eps_latest_yearly": 0.92,
            "eps_growth_yearly": 83.23
        },
        "20044": {
            "year_quarter": 20044,
            "year": 2004,
            "quarter": 4,
            "eps": 0.35,
            "eps_growth_year": 52.17,
            "eps_4q": 0.04,
            "eps_4q_growth_year": -94.42,
            "roe": 2.94,
            "roe_4q": 0.3600000000000003,
            "gross_profit": 53176,
            "gross_margin": 21.74,
            "gross_margin_4q_avg": 23.25,
            "net_income": 9758,
            "net_income_4q": null,
            "revenue": 244570,
            "revenue_4q": null,
            "common_shares": 282834,
            "book_valuer_per_share": 11.65,
            "book_valuer_per_share_4q_avg": 11.87,
            "equity": 344225,
            "current_ratio": 234.34,
            "debt_ratio": 48.95,
            "inventory_turnover_ratio": 1.48,
            "account_receivable_turnover_ratio": null,
            "reinvestment_rate": -4.12,
            "research_to_sale_ratio": null,
            "price_fair": 35.7,
            "eps_avg_yearly": 1.02,
            "eps_latest_yearly": 0.92,
            "eps_growth_yearly": 83.23
        },
        "20051": {
            "year_quarter": 20051,
            "year": 2005,
            "quarter": 1,
            "eps": 0.21,
            "eps_growth_year": -8.7,
            "eps_4q": 0.05,
            "eps_4q_growth_year": -93.32,
            "roe": 1.76,
            "roe_4q": 0.3100000000000005,
            "gross_profit": 57530,
            "gross_margin": 24.92,
            "gross_margin_4q_avg": 23.24,
            "net_income": 6008,
            "net_income_4q": null,
            "revenue": 230840,
            "revenue_4q": null,
            "common_shares": 283814,
            "book_valuer_per_share": 11.86,
            "book_valuer_per_share_4q_avg": 11.66,
            "equity": 336700,
            "current_ratio": 253.38,
            "debt_ratio": 44.7,
            "inventory_turnover_ratio": 1.3,
            "account_receivable_turnover_ratio": null,
            "reinvestment_rate": -4.78,
            "research_to_sale_ratio": null,
            "price_fair": 34.8,
            "eps_avg_yearly": 0.99,
            "eps_latest_yearly": 0.84,
            "eps_growth_yearly": 48.48
        },
        "20052": {
            "year_quarter": 20052,
            "year": 2005,
            "quarter": 2,
            "eps": -0.17,
            "eps_growth_year": null,
            "eps_4q": 0.23,
            "eps_4q_growth_year": -4.64,
            "roe": -1.45,
            "roe_4q": 1.87,
            "gross_profit": 41763,
            "gross_margin": 25.19,
            "gross_margin_4q_avg": 23.56,
            "net_income": -4858,
            "net_income_4q": null,
            "revenue": 165764,
            "revenue_4q": null,
            "common_shares": 283814,
            "book_valuer_per_share": 11.69,
            "book_valuer_per_share_4q_avg": 11.63,
            "equity": 331842,
            "current_ratio": 288.52,
            "debt_ratio": 42.2,
            "inventory_turnover_ratio": 0.99,
            "account_receivable_turnover_ratio": null,
            "reinvestment_rate": -5.48,
            "research_to_sale_ratio": null,
            "price_fair": 34.8,
            "eps_avg_yearly": 0.99,
            "eps_latest_yearly": 0.84,
            "eps_growth_yearly": 48.48
        },
        "20053": {
            "year_quarter": 20053,
            "year": 2005,
            "quarter": 3,
            "eps": -0.4,
            "eps_growth_year": null,
            "eps_4q": -0.02,
            "eps_4q_growth_year": null,
            "roe": -3.43,
            "roe_4q": -0.18000000000000016,
            "gross_profit": 47229,
            "gross_margin": 24.28,
            "gross_margin_4q_avg": 24.03,
            "net_income": -11408,
            "net_income_4q": null,
            "revenue": 194506,
            "revenue_4q": null,
            "common_shares": 296265,
            "book_valuer_per_share": 11.28,
            "book_valuer_per_share_4q_avg": 11.62,
            "equity": 334278,
            "current_ratio": 236.58,
            "debt_ratio": 44.91,
            "inventory_turnover_ratio": 1.12,
            "account_receivable_turnover_ratio": null,
            "reinvestment_rate": -8.8,
            "research_to_sale_ratio": null,
            "price_fair": 34.8,
            "eps_avg_yearly": 0.99,
            "eps_latest_yearly": 0.84,
            "eps_growth_yearly": 48.48
        },
        "20054": {
            "year_quarter": 20054,
            "year": 2005,
            "quarter": 4,
            "eps": 0.01,
            "eps_growth_year": -97.14,
            "eps_4q": -0.38,
            "eps_4q_growth_year": -992.27,
            "roe": 0.1,
            "roe_4q": -3.0200000000000005,
            "gross_profit": 61833,
            "gross_margin": 25.18,
            "gross_margin_4q_avg": 24.89,
            "net_income": 330,
            "net_income_4q": null,
            "revenue": 245532,
            "revenue_4q": null,
            "common_shares": 296755,
            "book_valuer_per_share": 11.29,
            "book_valuer_per_share_4q_avg": 11.53,
            "equity": 349585,
            "current_ratio": 217.48,
            "debt_ratio": 49.44,
            "inventory_turnover_ratio": 1.19,
            "account_receivable_turnover_ratio": null,
            "reinvestment_rate": -10.06,
            "research_to_sale_ratio": null,
            "price_fair": 34.8,
            "eps_avg_yearly": 0.99,
            "eps_latest_yearly": 0.84,
            "eps_growth_yearly": 48.48
        },
        "20061": {
            "year_quarter": 20061,
            "year": 2006,
            "quarter": 1,
            "eps": 0.07,
            "eps_growth_year": -66.67,
            "eps_4q": -0.45,
            "eps_4q_growth_year": -1015.38,
            "roe": 0.62,
            "roe_4q": -4.16,
            "gross_profit": 50307,
            "gross_margin": 23.61,
            "gross_margin_4q_avg": 24.57,
            "net_income": 2134,
            "net_income_4q": null,
            "revenue": 213093,
            "revenue_4q": null,
            "common_shares": 297834,
            "book_valuer_per_share": 11.37,
            "book_valuer_per_share_4q_avg": 11.41,
            "equity": 338519,
            "current_ratio": 206.3,
            "debt_ratio": 48.01,
            "inventory_turnover_ratio": 1.01,
            "account_receivable_turnover_ratio": null,
            "reinvestment_rate": -21.02,
            "research_to_sale_ratio": null,
            "price_fair": 25.8,
            "eps_avg_yearly": 0.74,
            "eps_latest_yearly": 0.28,
            "eps_growth_yearly": 334.2
        },
        "20062": {
            "year_quarter": 20062,
            "year": 2006,
            "quarter": 2,
            "eps": -0.45,
            "eps_growth_year": null,
            "eps_4q": -0.75,
            "eps_4q_growth_year": -427.69,
            "roe": -4.03,
            "roe_4q": -6.74,
            "gross_profit": 36110,
            "gross_margin": 23.22,
            "gross_margin_4q_avg": 24.07,
            "net_income": -13386,
            "net_income_4q": null,
            "revenue": 155522,
            "revenue_4q": null,
            "common_shares": 299108,
            "book_valuer_per_share": 10.92,
            "book_valuer_per_share_4q_avg": 11.22,
            "equity": 326592,
            "current_ratio": 243.13,
            "debt_ratio": 42.08,
            "inventory_turnover_ratio": 0.78,
            "account_receivable_turnover_ratio": null,
            "reinvestment_rate": -35.43,
            "research_to_sale_ratio": null,
            "price_fair": 25.8,
            "eps_avg_yearly": 0.74,
            "eps_latest_yearly": 0.28,
            "eps_growth_yearly": 334.2
        },
        "20063": {
            "year_quarter": 20063,
            "year": 2006,
            "quarter": 3,
            "eps": -0.39,
            "eps_growth_year": null,
            "eps_4q": -0.74,
            "eps_4q_growth_year": null,
            "roe": -3.57,
            "roe_4q": -6.88,
            "gross_profit": 39954,
            "gross_margin": 24.64,
            "gross_margin_4q_avg": 24.16,
            "net_income": -11595,
            "net_income_4q": null,
            "revenue": 162137,
            "revenue_4q": null,
            "common_shares": 305284,
            "book_valuer_per_share": 10.55,
            "book_valuer_per_share_4q_avg": 11.03,
            "equity": 322150,
            "current_ratio": 257.48,
            "debt_ratio": 39.77,
            "inventory_turnover_ratio": 0.87,
            "account_receivable_turnover_ratio": null,
            "reinvestment_rate": -809.67,
            "research_to_sale_ratio": null,
            "price_fair": 25.8,
            "eps_avg_yearly": 0.74,
            "eps_latest_yearly": 0.28,
            "eps_growth_yearly": 334.2
        },
        "20064": {
            "year_quarter": 20064,
            "year": 2006,
            "quarter": 4,
            "eps": -0.55,
            "eps_growth_year": -5600,
            "eps_4q": -1.34,
            "eps_4q_growth_year": null,
            "roe": -4.99,
            "roe_4q": -11.97,
            "gross_profit": 33472,
            "gross_margin": 19.58,
            "gross_margin_4q_avg": 22.76,
            "net_income": -16611,
            "net_income_4q": null,
            "revenue": 170924,
            "revenue_4q": null,
            "common_shares": 325382,
            "book_valuer_per_share": 10.11,
            "book_valuer_per_share_4q_avg": 10.74,
            "equity": 343595,
            "current_ratio": 202.47,
            "debt_ratio": 43.97,
            "inventory_turnover_ratio": 1,
            "account_receivable_turnover_ratio": null,
            "reinvestment_rate": null,
            "research_to_sale_ratio": null,
            "price_fair": 25.8,
            "eps_avg_yearly": 0.74,
            "eps_latest_yearly": 0.28,
            "eps_growth_yearly": 334.2
        },
        "20071": {
            "year_quarter": 20071,
            "year": 2007,
            "quarter": 1,
            "eps": -0.22,
            "eps_growth_year": -414.29,
            "eps_4q": -1.4,
            "eps_4q_growth_year": null,
            "roe": -1.78,
            "roe_4q": -14.370000000000001,
            "gross_profit": 39353,
            "gross_margin": 23.96,
            "gross_margin_4q_avg": 22.85,
            "net_income": -7759,
            "net_income_4q": null,
            "revenue": 164264,
            "revenue_4q": null,
            "common_shares": 492582,
            "book_valuer_per_share": 10.76,
            "book_valuer_per_share_4q_avg": 10.59,
            "equity": 530105,
            "current_ratio": 296.68,
            "debt_ratio": 30.95,
            "inventory_turnover_ratio": 0.73,
            "account_receivable_turnover_ratio": null,
            "reinvestment_rate": null,
            "research_to_sale_ratio": null,
            "price_fair": 25.67,
            "eps_avg_yearly": 0.73,
            "eps_latest_yearly": 0.28,
            "eps_growth_yearly": 440.73
        },
        "20072": {
            "year_quarter": 20072,
            "year": 2007,
            "quarter": 2,
            "eps": -0.23,
            "eps_growth_year": null,
            "eps_4q": -0.93,
            "eps_4q_growth_year": null,
            "roe": -1.87,
            "roe_4q": -12.21,
            "gross_profit": 25865,
            "gross_margin": 25.85,
            "gross_margin_4q_avg": 23.51,
            "net_income": -9807,
            "net_income_4q": null,
            "revenue": 100047,
            "revenue_4q": null,
            "common_shares": 492582,
            "book_valuer_per_share": 10.56,
            "book_valuer_per_share_4q_avg": 10.5,
            "equity": 520118,
            "current_ratio": 209.24,
            "debt_ratio": 43.82,
            "inventory_turnover_ratio": 0.19,
            "account_receivable_turnover_ratio": null,
            "reinvestment_rate": null,
            "research_to_sale_ratio": null,
            "price_fair": 28,
            "eps_avg_yearly": 0.8,
            "eps_latest_yearly": 0.28,
            "eps_growth_yearly": 566.77
        },
        "20073": {
            "year_quarter": 20073,
            "year": 2007,
            "quarter": 3,
            "eps": 0.04,
            "eps_growth_year": null,
            "eps_4q": -0.8,
            "eps_4q_growth_year": null,
            "roe": 0.31,
            "roe_4q": -8.33,
            "gross_profit": 34009,
            "gross_margin": 23.31,
            "gross_margin_4q_avg": 23.18,
            "net_income": 1626,
            "net_income_4q": null,
            "revenue": 145887,
            "revenue_4q": null,
            "common_shares": 492582,
            "book_valuer_per_share": 10.59,
            "book_valuer_per_share_4q_avg": 10.51,
            "equity": 521743,
            "current_ratio": 147.27,
            "debt_ratio": 63.12,
            "inventory_turnover_ratio": 0.14,
            "account_receivable_turnover_ratio": null,
            "reinvestment_rate": null,
            "research_to_sale_ratio": null,
            "price_fair": 25.9,
            "eps_avg_yearly": 0.74,
            "eps_latest_yearly": 0.28,
            "eps_growth_yearly": 548.46
        },
        "20074": {
            "year_quarter": 20074,
            "year": 2007,
            "quarter": 4,
            "eps": 0.64,
            "eps_growth_year": null,
            "eps_4q": 0.29,
            "eps_4q_growth_year": null,
            "roe": 5.36,
            "roe_4q": 2.0199999999999996,
            "gross_profit": 28811,
            "gross_margin": 19.58,
            "gross_margin_4q_avg": 23.18,
            "net_income": 29262,
            "net_income_4q": null,
            "revenue": 147128,
            "revenue_4q": null,
            "common_shares": 492582,
            "book_valuer_per_share": 11.58,
            "book_valuer_per_share_4q_avg": 10.87,
            "equity": 570260,
            "current_ratio": 176.9,
            "debt_ratio": 63.5,
            "inventory_turnover_ratio": 0.12,
            "account_receivable_turnover_ratio": null,
            "reinvestment_rate": null,
            "research_to_sale_ratio": null,
            "price_fair": 40.25,
            "eps_avg_yearly": 1.15,
            "eps_latest_yearly": 2.56,
            "eps_growth_yearly": 2060
        },
        "20081": {
            "year_quarter": 20081,
            "year": 2008,
            "quarter": 1,
            "eps": -0.08,
            "eps_growth_year": null,
            "eps_4q": 0.34,
            "eps_4q_growth_year": null,
            "roe": -0.7,
            "roe_4q": 3.0999999999999996,
            "gross_profit": 29329,
            "gross_margin": 18.79,
            "gross_margin_4q_avg": 21.88,
            "net_income": -3992,
            "net_income_4q": null,
            "revenue": 156106,
            "revenue_4q": null,
            "common_shares": 493946,
            "book_valuer_per_share": 11.54,
            "book_valuer_per_share_4q_avg": 11.07,
            "equity": 569833,
            "current_ratio": 152.08,
            "debt_ratio": 70.17,
            "inventory_turnover_ratio": 0.11,
            "account_receivable_turnover_ratio": null,
            "reinvestment_rate": null,
            "research_to_sale_ratio": null,
            "price_fair": 42.93,
            "eps_avg_yearly": 1.23,
            "eps_latest_yearly": 2.56,
            "eps_growth_yearly": 2746.67
        },
        "20082": {
            "year_quarter": 20082,
            "year": 2008,
            "quarter": 2,
            "eps": 2.74,
            "eps_growth_year": null,
            "eps_4q": 3.29,
            "eps_4q_growth_year": null,
            "roe": 21.52,
            "roe_4q": 26.49,
            "gross_profit": 181047,
            "gross_margin": 15.77,
            "gross_margin_4q_avg": 19.36,
            "net_income": 135012,
            "net_income_4q": null,
            "revenue": 1148374,
            "revenue_4q": null,
            "common_shares": 493996,
            "book_valuer_per_share": 13.86,
            "book_valuer_per_share_4q_avg": 11.89,
            "equity": 684859,
            "current_ratio": 151.6,
            "debt_ratio": 69.71,
            "inventory_turnover_ratio": 0.63,
            "account_receivable_turnover_ratio": null,
            "reinvestment_rate": -10.44,
            "research_to_sale_ratio": null,
            "price_fair": 42.93,
            "eps_avg_yearly": 1.23,
            "eps_latest_yearly": 2.56,
            "eps_growth_yearly": 2746.67
        },
        "20083": {
            "year_quarter": 20083,
            "year": 2008,
            "quarter": 3,
            "eps": -0.14,
            "eps_growth_year": -450,
            "eps_4q": 3.11,
            "eps_4q_growth_year": null,
            "roe": -1.01,
            "roe_4q": 25.169999999999998,
            "gross_profit": 13569,
            "gross_margin": 18.87,
            "gross_margin_4q_avg": 18.25,
            "net_income": -6881,
            "net_income_4q": null,
            "revenue": 71916,
            "revenue_4q": null,
            "common_shares": 493996,
            "book_valuer_per_share": 13.7,
            "book_valuer_per_share_4q_avg": 12.67,
            "equity": 676606,
            "current_ratio": 146.08,
            "debt_ratio": 71.72,
            "inventory_turnover_ratio": 0.03,
            "account_receivable_turnover_ratio": null,
            "reinvestment_rate": -10.2,
            "research_to_sale_ratio": null,
            "price_fair": 42.93,
            "eps_avg_yearly": 1.23,
            "eps_latest_yearly": 2.56,
            "eps_growth_yearly": 2746.67
        },
        "20084": {
            "year_quarter": 20084,
            "year": 2008,
            "quarter": 4,
            "eps": -0.9,
            "eps_growth_year": -240.62,
            "eps_4q": 1.61,
            "eps_4q_growth_year": 452.56,
            "roe": -6.81,
            "roe_4q": 13,
            "gross_profit": -41074,
            "gross_margin": -131.8,
            "gross_margin_4q_avg": -19.59,
            "net_income": -44570,
            "net_income_4q": null,
            "revenue": 31163,
            "revenue_4q": null,
            "common_shares": 493996,
            "book_valuer_per_share": 12.79,
            "book_valuer_per_share_4q_avg": 12.97,
            "equity": 631824,
            "current_ratio": 139.44,
            "debt_ratio": 73.88,
            "inventory_turnover_ratio": 0.04,
            "account_receivable_turnover_ratio": 1,
            "reinvestment_rate": -21.79,
            "research_to_sale_ratio": null,
            "price_fair": 42.93,
            "eps_avg_yearly": 1.23,
            "eps_latest_yearly": 2.56,
            "eps_growth_yearly": 2746.67
        },
        "20091": {
            "year_quarter": 20091,
            "year": 2009,
            "quarter": 1,
            "eps": -0.32,
            "eps_growth_year": null,
            "eps_4q": 1.37,
            "eps_4q_growth_year": 299.54,
            "roe": -2.56,
            "roe_4q": 11.14,
            "gross_profit": 0,
            "gross_margin": null,
            "gross_margin_4q_avg": -24.29,
            "net_income": -15968,
            "net_income_4q": null,
            "revenue": 0,
            "revenue_4q": null,
            "common_shares": 493996,
            "book_valuer_per_share": 12.48,
            "book_valuer_per_share_4q_avg": 13.21,
            "equity": 616282,
            "current_ratio": 138.87,
            "debt_ratio": 74.26,
            "inventory_turnover_ratio": 0,
            "account_receivable_turnover_ratio": 0,
            "reinvestment_rate": -42.32,
            "research_to_sale_ratio": null,
            "price_fair": 49.7,
            "eps_avg_yearly": 1.42,
            "eps_latest_yearly": 2.56,
            "eps_growth_yearly": 4200
        },
        "20092": {
            "year_quarter": 20092,
            "year": 2009,
            "quarter": 2,
            "eps": -0.25,
            "eps_growth_year": -109.12,
            "eps_4q": -1.59,
            "eps_4q_growth_year": -148.33,
            "roe": -1.98,
            "roe_4q": -12.36,
            "gross_profit": 0,
            "gross_margin": null,
            "gross_margin_4q_avg": -28.23,
            "net_income": -12237,
            "net_income_4q": null,
            "revenue": 0,
            "revenue_4q": null,
            "common_shares": 501635,
            "book_valuer_per_share": 12.34,
            "book_valuer_per_share_4q_avg": 12.83,
            "equity": 619198,
            "current_ratio": 136.51,
            "debt_ratio": 75.07,
            "inventory_turnover_ratio": 0,
            "account_receivable_turnover_ratio": 0,
            "reinvestment_rate": -58.68,
            "research_to_sale_ratio": null,
            "price_fair": 49.7,
            "eps_avg_yearly": 1.42,
            "eps_latest_yearly": 2.56,
            "eps_growth_yearly": 4200
        },
        "20093": {
            "year_quarter": 20093,
            "year": 2009,
            "quarter": 3,
            "eps": -0.16,
            "eps_growth_year": null,
            "eps_4q": -1.46,
            "eps_4q_growth_year": -146.95,
            "roe": -1.39,
            "roe_4q": -12.739999999999998,
            "gross_profit": 0,
            "gross_margin": null,
            "gross_margin_4q_avg": -32.95,
            "net_income": -8660,
            "net_income_4q": null,
            "revenue": 0,
            "revenue_4q": null,
            "common_shares": 558571,
            "book_valuer_per_share": 11.21,
            "book_valuer_per_share_4q_avg": 12.21,
            "equity": 625920,
            "current_ratio": 132.3,
            "debt_ratio": 76.61,
            "inventory_turnover_ratio": 0,
            "account_receivable_turnover_ratio": 0,
            "reinvestment_rate": -49.73,
            "research_to_sale_ratio": null,
            "price_fair": 49.7,
            "eps_avg_yearly": 1.42,
            "eps_latest_yearly": 2.56,
            "eps_growth_yearly": 4200
        },
        "20094": {
            "year_quarter": 20094,
            "year": 2009,
            "quarter": 4,
            "eps": 1.82,
            "eps_growth_year": null,
            "eps_4q": 1.04,
            "eps_4q_growth_year": -35.26,
            "roe": 14.09,
            "roe_4q": 8.159999999999998,
            "gross_profit": 148906,
            "gross_margin": 20.4,
            "gross_margin_4q_avg": 5.1,
            "net_income": 100914,
            "net_income_4q": null,
            "revenue": 729880,
            "revenue_4q": null,
            "common_shares": 614532,
            "book_valuer_per_share": 13.12,
            "book_valuer_per_share_4q_avg": 12.29,
            "equity": 806444,
            "current_ratio": 124.7,
            "debt_ratio": 76.37,
            "inventory_turnover_ratio": 0.24,
            "account_receivable_turnover_ratio": 97.44,
            "reinvestment_rate": -5.54,
            "research_to_sale_ratio": null,
            "price_fair": 49.7,
            "eps_avg_yearly": 1.42,
            "eps_latest_yearly": 2.56,
            "eps_growth_yearly": 4200
        },
        "20101": {
            "year_quarter": 20101,
            "year": 2010,
            "quarter": 1,
            "eps": -0.06,
            "eps_growth_year": null,
            "eps_4q": 1.2,
            "eps_4q_growth_year": -12.04,
            "roe": -0.46,
            "roe_4q": 10.259999999999998,
            "gross_profit": 19422,
            "gross_margin": 20.45,
            "gross_margin_4q_avg": 10.21,
            "net_income": -3751,
            "net_income_4q": null,
            "revenue": 94974,
            "revenue_4q": null,
            "common_shares": 633691,
            "book_valuer_per_share": 0,
            "book_valuer_per_share_4q_avg": 9.17,
            "equity": 829976,
            "current_ratio": 124.57,
            "debt_ratio": 82.21,
            "inventory_turnover_ratio": 0.02,
            "account_receivable_turnover_ratio": 7.1,
            "reinvestment_rate": -4.67,
            "research_to_sale_ratio": null,
            "price_fair": 89.6,
            "eps_avg_yearly": 2.56,
            "eps_latest_yearly": 2.56,
            "eps_growth_yearly": 6000
        },
        "20102": {
            "year_quarter": 20102,
            "year": 2010,
            "quarter": 2,
            "eps": 0.62,
            "eps_growth_year": null,
            "eps_4q": 1.8,
            "eps_4q_growth_year": null,
            "roe": 5.34,
            "roe_4q": 17.58,
            "gross_profit": 83815,
            "gross_margin": 17.52,
            "gross_margin_4q_avg": 14.59,
            "net_income": 46146,
            "net_income_4q": null,
            "revenue": 478439,
            "revenue_4q": null,
            "common_shares": 649886,
            "book_valuer_per_share": 0,
            "book_valuer_per_share_4q_avg": 6.08,
            "equity": 899574,
            "current_ratio": 127.57,
            "debt_ratio": 80.46,
            "inventory_turnover_ratio": 0.1,
            "account_receivable_turnover_ratio": 31.2,
            "reinvestment_rate": -2.8,
            "research_to_sale_ratio": null,
            "price_fair": 89.6,
            "eps_avg_yearly": 2.56,
            "eps_latest_yearly": 2.56,
            "eps_growth_yearly": 6000
        },
        "20103": {
            "year_quarter": 20103,
            "year": 2010,
            "quarter": 3,
            "eps": 0.04,
            "eps_growth_year": null,
            "eps_4q": 1.86,
            "eps_4q_growth_year": null,
            "roe": 0.35,
            "roe_4q": 19.32,
            "gross_profit": 31834,
            "gross_margin": 21.56,
            "gross_margin_4q_avg": 19.98,
            "net_income": 3214,
            "net_income_4q": null,
            "revenue": 147661,
            "revenue_4q": null,
            "common_shares": 787943,
            "book_valuer_per_share": 12.13,
            "book_valuer_per_share_4q_avg": 6.31,
            "equity": 955820,
            "current_ratio": 130.09,
            "debt_ratio": 79.06,
            "inventory_turnover_ratio": 0.03,
            "account_receivable_turnover_ratio": 9.07,
            "reinvestment_rate": 5.65,
            "research_to_sale_ratio": null,
            "price_fair": 47.6,
            "eps_avg_yearly": 1.36,
            "eps_latest_yearly": 0.16,
            "eps_growth_yearly": 2812.9
        },
        "20104": {
            "year_quarter": 20104,
            "year": 2010,
            "quarter": 4,
            "eps": 3.48,
            "eps_growth_year": 91.03,
            "eps_4q": 4,
            "eps_4q_growth_year": 283.66,
            "roe": 25.98,
            "roe_4q": 31.21,
            "gross_profit": 476312,
            "gross_margin": 27.28,
            "gross_margin_4q_avg": 21.7,
            "net_income": 303896,
            "net_income_4q": null,
            "revenue": 1745892,
            "revenue_4q": null,
            "common_shares": 874063,
            "book_valuer_per_share": 15.83,
            "book_valuer_per_share_4q_avg": 6.99,
            "equity": 1383633,
            "current_ratio": 143.75,
            "debt_ratio": 73.24,
            "inventory_turnover_ratio": 0.29,
            "account_receivable_turnover_ratio": 153.54,
            "reinvestment_rate": -15.9,
            "research_to_sale_ratio": null,
            "price_fair": 194.13,
            "eps_avg_yearly": 5.55,
            "eps_latest_yearly": 13.92,
            "eps_growth_yearly": 13341.94
        },
        "20111": {
            "year_quarter": 20111,
            "year": 2011,
            "quarter": 1,
            "eps": 0.9,
            "eps_growth_year": null,
            "eps_4q": 4.67,
            "eps_4q_growth_year": 288.09,
            "roe": 5.46,
            "roe_4q": 37.13,
            "gross_profit": 118465,
            "gross_margin": 36.85,
            "gross_margin_4q_avg": 25.8,
            "net_income": 81041,
            "net_income_4q": null,
            "revenue": 321452,
            "revenue_4q": null,
            "common_shares": 929814,
            "book_valuer_per_share": 17.06,
            "book_valuer_per_share_4q_avg": 11.26,
            "equity": 1586174,
            "current_ratio": 139.42,
            "debt_ratio": 73.07,
            "inventory_turnover_ratio": 0.04,
            "account_receivable_turnover_ratio": 50.47,
            "reinvestment_rate": -13.49,
            "research_to_sale_ratio": null,
            "price_fair": 177.1,
            "eps_avg_yearly": 5.06,
            "eps_latest_yearly": 3.6,
            "eps_growth_yearly": 9932.31
        },
        "20112": {
            "year_quarter": 20112,
            "year": 2011,
            "quarter": 2,
            "eps": 1.01,
            "eps_growth_year": 64.22,
            "eps_4q": 4.3,
            "eps_4q_growth_year": 139.01,
            "roe": 7.35,
            "roe_4q": 39.14,
            "gross_profit": 171456,
            "gross_margin": 32.55,
            "gross_margin_4q_avg": 29.56,
            "net_income": 119549,
            "net_income_4q": null,
            "revenue": 526717,
            "revenue_4q": null,
            "common_shares": 930384,
            "book_valuer_per_share": 17.93,
            "book_valuer_per_share_4q_avg": 15.74,
            "equity": 1668510,
            "current_ratio": 133.36,
            "debt_ratio": 75.32,
            "inventory_turnover_ratio": 0.06,
            "account_receivable_turnover_ratio": 32.95,
            "reinvestment_rate": 0.96,
            "research_to_sale_ratio": null,
            "price_fair": 169.96,
            "eps_avg_yearly": 4.86,
            "eps_latest_yearly": 4.04,
            "eps_growth_yearly": 7955.63
        },
        "20113": {
            "year_quarter": 20113,
            "year": 2011,
            "quarter": 3,
            "eps": 0.14,
            "eps_growth_year": 243.03,
            "eps_4q": 4.4,
            "eps_4q_growth_year": 136.86,
            "roe": 0.98,
            "roe_4q": 39.769999999999996,
            "gross_profit": 57740,
            "gross_margin": 9.61,
            "gross_margin_4q_avg": 26.57,
            "net_income": 16552,
            "net_income_4q": null,
            "revenue": 600828,
            "revenue_4q": null,
            "common_shares": 1182938,
            "book_valuer_per_share": 14.37,
            "book_valuer_per_share_4q_avg": 16.3,
            "equity": 1699370,
            "current_ratio": 157.78,
            "debt_ratio": 62.95,
            "inventory_turnover_ratio": 0.12,
            "account_receivable_turnover_ratio": 14.5,
            "reinvestment_rate": 1.61,
            "research_to_sale_ratio": null,
            "price_fair": 144.9,
            "eps_avg_yearly": 4.14,
            "eps_latest_yearly": 0.56,
            "eps_growth_yearly": 6572.26
        },
        "20114": {
            "year_quarter": 20114,
            "year": 2011,
            "quarter": 4,
            "eps": 0.35,
            "eps_growth_year": -89.81,
            "eps_4q": 2.19,
            "eps_4q_growth_year": -45.27,
            "roe": 2.44,
            "roe_4q": 16.23,
            "gross_profit": 33398,
            "gross_margin": 2149.16,
            "gross_margin_4q_avg": 557.04,
            "net_income": 41951,
            "net_income_4q": null,
            "revenue": 1554,
            "revenue_4q": null,
            "common_shares": 1183915,
            "book_valuer_per_share": 14.72,
            "book_valuer_per_share_4q_avg": 16.02,
            "equity": 1742874,
            "current_ratio": 159.42,
            "debt_ratio": 62.39,
            "inventory_turnover_ratio": -0.01,
            "account_receivable_turnover_ratio": 0.03,
            "reinvestment_rate": 1.76,
            "research_to_sale_ratio": null,
            "price_fair": 138.13,
            "eps_avg_yearly": 3.95,
            "eps_latest_yearly": 1.4,
            "eps_growth_yearly": 5672.26
        },
        "20121": {
            "year_quarter": 20121,
            "year": 2012,
            "quarter": 1,
            "eps": -0.21,
            "eps_growth_year": -123.33,
            "eps_4q": 1.28,
            "eps_4q_growth_year": -72.59,
            "roe": -1.4,
            "roe_4q": 9.37,
            "gross_profit": 160,
            "gross_margin": 39.41,
            "gross_margin_4q_avg": 557.68,
            "net_income": -24431,
            "net_income_4q": null,
            "revenue": 406,
            "revenue_4q": null,
            "common_shares": 1188147,
            "book_valuer_per_share": 14.71,
            "book_valuer_per_share_4q_avg": 15.43,
            "equity": 1747645,
            "current_ratio": 144.95,
            "debt_ratio": 67.11,
            "inventory_turnover_ratio": 0,
            "account_receivable_turnover_ratio": 0.01,
            "reinvestment_rate": 1.95,
            "research_to_sale_ratio": null,
            "price_fair": 138.13,
            "eps_avg_yearly": 3.95,
            "eps_latest_yearly": 1.4,
            "eps_growth_yearly": 5672.26
        },
        "20122": {
            "year_quarter": 20122,
            "year": 2012,
            "quarter": 2,
            "eps": 2.02,
            "eps_growth_year": 99.36,
            "eps_4q": 2.29,
            "eps_4q_growth_year": -46.82,
            "roe": 14.1,
            "roe_4q": 16.119999999999997,
            "gross_profit": 310175,
            "gross_margin": 47.06,
            "gross_margin_4q_avg": 561.31,
            "net_income": 256361,
            "net_income_4q": null,
            "revenue": 659077,
            "revenue_4q": null,
            "common_shares": 1201883,
            "book_valuer_per_share": 15.72,
            "book_valuer_per_share_4q_avg": 14.88,
            "equity": 1888912,
            "current_ratio": 144.62,
            "debt_ratio": 67.38,
            "inventory_turnover_ratio": 0.09,
            "account_receivable_turnover_ratio": 21.82,
            "reinvestment_rate": 2.28,
            "research_to_sale_ratio": null,
            "price_fair": 138.13,
            "eps_avg_yearly": 3.95,
            "eps_latest_yearly": 1.4,
            "eps_growth_yearly": 5672.26
        },
        "20123": {
            "year_quarter": 20123,
            "year": 2012,
            "quarter": 3,
            "eps": 1.07,
            "eps_growth_year": 662.78,
            "eps_4q": 3.22,
            "eps_4q_growth_year": -26.87,
            "roe": 6.88,
            "roe_4q": 22.020000000000003,
            "gross_profit": 194704,
            "gross_margin": 39.96,
            "gross_margin_4q_avg": 568.9,
            "net_income": 135718,
            "net_income_4q": null,
            "revenue": 487298,
            "revenue_4q": null,
            "common_shares": 1271599,
            "book_valuer_per_share": 16.16,
            "book_valuer_per_share_4q_avg": 15.33,
            "equity": 2055470,
            "current_ratio": 161.15,
            "debt_ratio": 67.16,
            "inventory_turnover_ratio": 0.06,
            "account_receivable_turnover_ratio": 30.64,
            "reinvestment_rate": 1.89,
            "research_to_sale_ratio": null,
            "price_fair": 139.8,
            "eps_avg_yearly": 3.99,
            "eps_latest_yearly": 4.28,
            "eps_growth_yearly": 4835.07
        },
        "20124": {
            "year_quarter": 20124,
            "year": 2012,
            "quarter": 4,
            "eps": 2.99,
            "eps_growth_year": 743.24,
            "eps_4q": 5.78,
            "eps_4q_growth_year": 163.94,
            "roe": 17.2,
            "roe_4q": 36.78,
            "gross_profit": 505534,
            "gross_margin": 30.9,
            "gross_margin_4q_avg": 39.33,
            "net_income": 393989,
            "net_income_4q": null,
            "revenue": 1635800,
            "revenue_4q": null,
            "common_shares": 1318591,
            "book_valuer_per_share": 19.15,
            "book_valuer_per_share_4q_avg": 16.44,
            "equity": 2524479,
            "current_ratio": 171.8,
            "debt_ratio": 63.06,
            "inventory_turnover_ratio": 0.22,
            "account_receivable_turnover_ratio": 26.81,
            "reinvestment_rate": 1.09,
            "research_to_sale_ratio": null,
            "price_fair": 174.65,
            "eps_avg_yearly": 4.99,
            "eps_latest_yearly": 11.96,
            "eps_growth_yearly": 4320.4
        },
        "20131": {
            "year_quarter": 20131,
            "year": 2013,
            "quarter": 1,
            "eps": 0.66,
            "eps_growth_year": null,
            "eps_4q": 6.52,
            "eps_4q_growth_year": 408.98,
            "roe": 3.89,
            "roe_4q": 42.07,
            "gross_profit": 121302,
            "gross_margin": 30.47,
            "gross_margin_4q_avg": 37.1,
            "net_income": 88905,
            "net_income_4q": null,
            "revenue": 398158,
            "revenue_4q": null,
            "common_shares": 1342767,
            "book_valuer_per_share": 15.23,
            "book_valuer_per_share_4q_avg": 16.57,
            "equity": 2045699,
            "current_ratio": 163.63,
            "debt_ratio": 66.41,
            "inventory_turnover_ratio": 0.05,
            "account_receivable_turnover_ratio": 5.17,
            "reinvestment_rate": 0.14,
            "research_to_sale_ratio": null,
            "price_fair": 165.51,
            "eps_avg_yearly": 4.73,
            "eps_latest_yearly": 2.64,
            "eps_growth_yearly": 3805.72
        },
        "20132": {
            "year_quarter": 20132,
            "year": 2013,
            "quarter": 2,
            "eps": -0.14,
            "eps_growth_year": -106.93,
            "eps_4q": 3.62,
            "eps_4q_growth_year": 58.29,
            "roe": -1.11,
            "roe_4q": 26.86,
            "gross_profit": 71857,
            "gross_margin": 22.48,
            "gross_margin_4q_avg": 30.95,
            "net_income": -22728,
            "net_income_4q": null,
            "revenue": 319645,
            "revenue_4q": null,
            "common_shares": 1352572,
            "book_valuer_per_share": 15.21,
            "book_valuer_per_share_4q_avg": 16.44,
            "equity": 2057834,
            "current_ratio": 146.62,
            "debt_ratio": 71.99,
            "inventory_turnover_ratio": 0.04,
            "account_receivable_turnover_ratio": 5.67,
            "reinvestment_rate": 0.24,
            "research_to_sale_ratio": null,
            "price_fair": 165.51,
            "eps_avg_yearly": 4.73,
            "eps_latest_yearly": 2.64,
            "eps_growth_yearly": 3805.72
        },
        "20133": {
            "year_quarter": 20133,
            "year": 2013,
            "quarter": 3,
            "eps": -0.09,
            "eps_growth_year": -108.43,
            "eps_4q": 2.72,
            "eps_4q_growth_year": -15.48,
            "roe": -0.68,
            "roe_4q": 19.3,
            "gross_profit": 33560,
            "gross_margin": 23.69,
            "gross_margin_4q_avg": 26.89,
            "net_income": -13920,
            "net_income_4q": null,
            "revenue": 141691,
            "revenue_4q": null,
            "common_shares": 1639122,
            "book_valuer_per_share": 12.5,
            "book_valuer_per_share_4q_avg": 15.52,
            "equity": 2048209,
            "current_ratio": 142.54,
            "debt_ratio": 73.2,
            "inventory_turnover_ratio": 0.02,
            "account_receivable_turnover_ratio": 3.28,
            "reinvestment_rate": 0.27,
            "research_to_sale_ratio": null,
            "price_fair": 165.51,
            "eps_avg_yearly": 4.73,
            "eps_latest_yearly": 2.64,
            "eps_growth_yearly": 3805.72
        },
        "20134": {
            "year_quarter": 20134,
            "year": 2013,
            "quarter": 4,
            "eps": -0.08,
            "eps_growth_year": -102.84,
            "eps_4q": 0.23,
            "eps_4q_growth_year": -95.96,
            "roe": -0.68,
            "roe_4q": 1.42,
            "gross_profit": 23370,
            "gross_margin": 23.14,
            "gross_margin_4q_avg": 24.95,
            "net_income": -13920,
            "net_income_4q": null,
            "revenue": 100996,
            "revenue_4q": null,
            "common_shares": 1641954,
            "book_valuer_per_share": 12.43,
            "book_valuer_per_share_4q_avg": 13.84,
            "equity": 2041703,
            "current_ratio": 132.43,
            "debt_ratio": 77.8,
            "inventory_turnover_ratio": 0.01,
            "account_receivable_turnover_ratio": 3.27,
            "reinvestment_rate": 0.1,
            "research_to_sale_ratio": null,
            "price_fair": 165.51,
            "eps_avg_yearly": 4.73,
            "eps_latest_yearly": 2.64,
            "eps_growth_yearly": 3805.72
        },
        "20141": {
            "year_quarter": 20141,
            "year": 2014,
            "quarter": 1,
            "eps": -0.23,
            "eps_growth_year": -134.85,
            "eps_4q": -0.54,
            "eps_4q_growth_year": -108.22,
            "roe": -1.85,
            "roe_4q": -4.32,
            "gross_profit": 19486,
            "gross_margin": 25.53,
            "gross_margin_4q_avg": 23.71,
            "net_income": -37400,
            "net_income_4q": null,
            "revenue": 76324,
            "revenue_4q": null,
            "common_shares": 1643261,
            "book_valuer_per_share": 12.22,
            "book_valuer_per_share_4q_avg": 13.09,
            "equity": 2007596,
            "current_ratio": 124.65,
            "debt_ratio": 81.92,
            "inventory_turnover_ratio": 0.01,
            "account_receivable_turnover_ratio": 1.08,
            "reinvestment_rate": 0.58,
            "research_to_sale_ratio": null,
            "price_fair": 165.51,
            "eps_avg_yearly": 4.73,
            "eps_latest_yearly": 2.64,
            "eps_growth_yearly": 3805.72
        },
        "20142": {
            "year_quarter": 20142,
            "year": 2014,
            "quarter": 2,
            "eps": 5.34,
            "eps_growth_year": null,
            "eps_4q": 4.81,
            "eps_4q_growth_year": 32.75,
            "roe": 35.81,
            "roe_4q": 32.6,
            "gross_profit": 1085597,
            "gross_margin": 48.05,
            "gross_margin_4q_avg": 30.1,
            "net_income": 876908,
            "net_income_4q": null,
            "revenue": 2259353,
            "revenue_4q": null,
            "common_shares": 1643261,
            "book_valuer_per_share": 17.58,
            "book_valuer_per_share_4q_avg": 13.68,
            "equity": 2889510,
            "current_ratio": 152.68,
            "debt_ratio": 75.74,
            "inventory_turnover_ratio": 0.12,
            "account_receivable_turnover_ratio": 34.08,
            "reinvestment_rate": 0.34,
            "research_to_sale_ratio": null,
            "price_fair": 165.51,
            "eps_avg_yearly": 4.73,
            "eps_latest_yearly": 2.64,
            "eps_growth_yearly": 3805.72
        },
        "20143": {
            "year_quarter": 20143,
            "year": 2014,
            "quarter": 3,
            "eps": 3.45,
            "eps_growth_year": null,
            "eps_4q": 8.33,
            "eps_4q_growth_year": 205.91,
            "roe": 18.29,
            "roe_4q": 51.57,
            "gross_profit": 745158,
            "gross_margin": 44.6,
            "gross_margin_4q_avg": 35.33,
            "net_income": 582592,
            "net_income_4q": null,
            "revenue": 1670620,
            "revenue_4q": null,
            "common_shares": 1688500,
            "book_valuer_per_share": 20.61,
            "book_valuer_per_share_4q_avg": 15.71,
            "equity": 3481456,
            "current_ratio": 164.81,
            "debt_ratio": 71.04,
            "inventory_turnover_ratio": 0.09,
            "account_receivable_turnover_ratio": 48.33,
            "reinvestment_rate": -0.24,
            "research_to_sale_ratio": null,
            "price_fair": 218.56,
            "eps_avg_yearly": 6.24,
            "eps_latest_yearly": 13.8,
            "eps_growth_yearly": 3831.57
        },
        "20144": {
            "year_quarter": 20144,
            "year": 2014,
            "quarter": 4,
            "eps": 0.6,
            "eps_growth_year": null,
            "eps_4q": 8.99,
            "eps_4q_growth_year": 3752,
            "roe": 2.87,
            "roe_4q": 55.12,
            "gross_profit": 186534,
            "gross_margin": 23.15,
            "gross_margin_4q_avg": 35.33,
            "net_income": 101317,
            "net_income_4q": null,
            "revenue": 805766,
            "revenue_4q": null,
            "common_shares": 1690812,
            "book_valuer_per_share": 21.21,
            "book_valuer_per_share_4q_avg": 17.91,
            "equity": 3587162,
            "current_ratio": 167.15,
            "debt_ratio": 70.17,
            "inventory_turnover_ratio": 0.06,
            "account_receivable_turnover_ratio": 26.44,
            "reinvestment_rate": 3.3,
            "research_to_sale_ratio": null,
            "price_fair": 14.89,
            "eps_avg_yearly": 4.96,
            "eps_latest_yearly": 2.4,
            "eps_growth_yearly": -27.37
        },
        "20151": {
            "year_quarter": 20151,
            "year": 2015,
            "quarter": 1,
            "eps": 1.14,
            "eps_growth_year": null,
            "eps_4q": 10.23,
            "eps_4q_growth_year": null,
            "roe": 5.21,
            "roe_4q": 62.18,
            "gross_profit": 285785,
            "gross_margin": 21.52,
            "gross_margin_4q_avg": 34.33,
            "net_income": 193029,
            "net_income_4q": null,
            "revenue": 1327784,
            "revenue_4q": null,
            "common_shares": 1711197,
            "book_valuer_per_share": 22.35,
            "book_valuer_per_share_4q_avg": 20.44,
            "equity": 3824635,
            "current_ratio": 171.58,
            "debt_ratio": 67.23,
            "inventory_turnover_ratio": 0.1,
            "account_receivable_turnover_ratio": 33.13,
            "reinvestment_rate": 3.16,
            "research_to_sale_ratio": null,
            "price_fair": 177.49,
            "eps_avg_yearly": 5.07,
            "eps_latest_yearly": 4.56,
            "eps_growth_yearly": 45.58
        },
        "20152": {
            "year_quarter": 20152,
            "year": 2015,
            "quarter": 2,
            "eps": 0.24,
            "eps_growth_year": -95.51,
            "eps_4q": 4.63,
            "eps_4q_growth_year": -3.72,
            "roe": 1.17,
            "roe_4q": 27.54,
            "gross_profit": 103887,
            "gross_margin": 19.9,
            "gross_margin_4q_avg": 27.29,
            "net_income": 41414,
            "net_income_4q": null,
            "revenue": 522004,
            "revenue_4q": null,
            "common_shares": 1711197,
            "book_valuer_per_share": 18.9,
            "book_valuer_per_share_4q_avg": 20.77,
            "equity": 3270314,
            "current_ratio": 153.67,
            "debt_ratio": 73.05,
            "inventory_turnover_ratio": 0.04,
            "account_receivable_turnover_ratio": 14.63,
            "reinvestment_rate": -0.07,
            "research_to_sale_ratio": null,
            "price_fair": 71.24,
            "eps_avg_yearly": 4.73,
            "eps_latest_yearly": 0.96,
            "eps_growth_yearly": 5.06
        },
        "20153": {
            "year_quarter": 20153,
            "year": 2015,
            "quarter": 3,
            "eps": -0.04,
            "eps_growth_year": -101.16,
            "eps_4q": 1.67,
            "eps_4q_growth_year": -80.01,
            "roe": -0.22,
            "roe_4q": 9.030000000000001,
            "gross_profit": 41708,
            "gross_margin": 32.62,
            "gross_margin_4q_avg": 24.3,
            "net_income": -7236,
            "net_income_4q": null,
            "revenue": 127856,
            "revenue_4q": null,
            "common_shares": 1972984,
            "book_valuer_per_share": 16.6,
            "book_valuer_per_share_4q_avg": 19.77,
            "equity": 3276057,
            "current_ratio": 169.2,
            "debt_ratio": 73.66,
            "inventory_turnover_ratio": 0.01,
            "account_receivable_turnover_ratio": 6.82,
            "reinvestment_rate": -0.17,
            "research_to_sale_ratio": null,
            "price_fair": 183.75,
            "eps_avg_yearly": 5.25,
            "eps_latest_yearly": 0.96,
            "eps_growth_yearly": 48.77
        },
        "20154": {
            "year_quarter": 20154,
            "year": 2015,
            "quarter": 4,
            "eps": 2.46,
            "eps_growth_year": 311.89,
            "eps_4q": 3.61,
            "eps_4q_growth_year": -59.85,
            "roe": 13.83,
            "roe_4q": 19.99,
            "gross_profit": 719654,
            "gross_margin": 27.1,
            "gross_margin_4q_avg": 25.29,
            "net_income": 487928,
            "net_income_4q": null,
            "revenue": 2655391,
            "revenue_4q": null,
            "common_shares": 1980625,
            "book_valuer_per_share": 19.07,
            "book_valuer_per_share_4q_avg": 19.23,
            "equity": 3777548,
            "current_ratio": 190.12,
            "debt_ratio": 68.45,
            "inventory_turnover_ratio": 0.21,
            "account_receivable_turnover_ratio": 56.82,
            "reinvestment_rate": -0.19,
            "research_to_sale_ratio": null,
            "price_fair": 17.4,
            "eps_avg_yearly": 5.8,
            "eps_latest_yearly": 0.96,
            "eps_growth_yearly": -29.98
        },
        "20161": {
            "year_quarter": 20161,
            "year": 2016,
            "quarter": 1,
            "eps": 0.85,
            "eps_growth_year": -25.44,
            "eps_4q": 3.48,
            "eps_4q_growth_year": -65.95,
            "roe": 4.37,
            "roe_4q": 19.15,
            "gross_profit": 281294,
            "gross_margin": 25.26,
            "gross_margin_4q_avg": 26.22,
            "net_income": 168635,
            "net_income_4q": null,
            "revenue": 1113577,
            "revenue_4q": null,
            "common_shares": 1981063,
            "book_valuer_per_share": 19.9,
            "book_valuer_per_share_4q_avg": 18.62,
            "equity": 3942928,
            "current_ratio": 195.02,
            "debt_ratio": 67.49,
            "inventory_turnover_ratio": 0.1,
            "account_receivable_turnover_ratio": 21.19,
            "reinvestment_rate": -0.25,
            "research_to_sale_ratio": null,
            "price_fair": 16.5,
            "eps_avg_yearly": 5.5,
            "eps_latest_yearly": 3.4,
            "eps_growth_yearly": -58.96
        },
        "20162": {
            "year_quarter": 20162,
            "year": 2016,
            "quarter": 2,
            "eps": 0.64,
            "eps_growth_year": 166.67,
            "eps_4q": 3.84,
            "eps_4q_growth_year": -16.99,
            "roe": 3.41,
            "roe_4q": 21.39,
            "gross_profit": 224614,
            "gross_margin": 36.33,
            "gross_margin_4q_avg": 30.33,
            "net_income": 126866,
            "net_income_4q": null,
            "revenue": 618275,
            "revenue_4q": null,
            "common_shares": 1990571,
            "book_valuer_per_share": 17.56,
            "book_valuer_per_share_4q_avg": 18.28,
            "equity": 3496200,
            "current_ratio": 171.85,
            "debt_ratio": 72.97,
            "inventory_turnover_ratio": 0.04,
            "account_receivable_turnover_ratio": 12.2,
            "reinvestment_rate": -0.37,
            "research_to_sale_ratio": null,
            "price_fair": 15.52,
            "eps_avg_yearly": 5.17,
            "eps_latest_yearly": 2.56,
            "eps_growth_yearly": -63.39
        },
        "20163": {
            "year_quarter": 20163,
            "year": 2016,
            "quarter": 3,
            "eps": 0.13,
            "eps_growth_year": null,
            "eps_4q": 3.99,
            "eps_4q_growth_year": 139.8,
            "roe": 0.76,
            "roe_4q": 22.369999999999997,
            "gross_profit": 125108,
            "gross_margin": 31.82,
            "gross_margin_4q_avg": 30.13,
            "net_income": 26725,
            "net_income_4q": null,
            "revenue": 393191,
            "revenue_4q": null,
            "common_shares": 2014865,
            "book_valuer_per_share": 17.52,
            "book_valuer_per_share_4q_avg": 18.51,
            "equity": 3534788,
            "current_ratio": 176,
            "debt_ratio": 75.08,
            "inventory_turnover_ratio": 0.03,
            "account_receivable_turnover_ratio": 8.31,
            "reinvestment_rate": -0.44,
            "research_to_sale_ratio": null,
            "price_fair": 14.27,
            "eps_avg_yearly": 4.76,
            "eps_latest_yearly": 0.52,
            "eps_growth_yearly": -77.9
        },
        "20164": {
            "year_quarter": 20164,
            "year": 2016,
            "quarter": 4,
            "eps": 0.23,
            "eps_growth_year": -90.77,
            "eps_4q": 1.81,
            "eps_4q_growth_year": -49.85,
            "roe": 1.3,
            "roe_4q": 9.84,
            "gross_profit": 92748,
            "gross_margin": 28,
            "gross_margin_4q_avg": 30.35,
            "net_income": 46293,
            "net_income_4q": null,
            "revenue": 331194,
            "revenue_4q": null,
            "common_shares": 2035450,
            "book_valuer_per_share": 17.7,
            "book_valuer_per_share_4q_avg": 18.17,
            "equity": 3602628,
            "current_ratio": 175.67,
            "debt_ratio": 74.9,
            "inventory_turnover_ratio": 0.02,
            "account_receivable_turnover_ratio": 8.5,
            "reinvestment_rate": -0.46,
            "research_to_sale_ratio": null,
            "price_fair": 10.59,
            "eps_avg_yearly": 3.53,
            "eps_latest_yearly": 0.92,
            "eps_growth_yearly": -123.46
        },
        "20171": {
            "year_quarter": 20171,
            "year": 2017,
            "quarter": 1,
            "eps": -0.21,
            "eps_growth_year": -124.71,
            "eps_4q": 0.76,
            "eps_4q_growth_year": -78.27,
            "roe": -1.21,
            "roe_4q": 4.26,
            "gross_profit": 40120,
            "gross_margin": 30.57,
            "gross_margin_4q_avg": 31.68,
            "net_income": -43464,
            "net_income_4q": null,
            "revenue": 131244,
            "revenue_4q": null,
            "common_shares": 2035450,
            "book_valuer_per_share": 17.5,
            "book_valuer_per_share_4q_avg": 17.57,
            "equity": 3579077,
            "current_ratio": 172.56,
            "debt_ratio": 75.39,
            "inventory_turnover_ratio": 0.01,
            "account_receivable_turnover_ratio": 3.35,
            "reinvestment_rate": 0.11,
            "research_to_sale_ratio": null,
            "price_fair": 10.92,
            "eps_avg_yearly": 3.64,
            "eps_latest_yearly": 0.92,
            "eps_growth_yearly": -99.93
        },
        "20172": {
            "year_quarter": 20172,
            "year": 2017,
            "quarter": 2,
            "eps": 4.06,
            "eps_growth_year": 534.38,
            "eps_4q": 4.07,
            "eps_4q_growth_year": 5.89,
            "roe": 21.97,
            "roe_4q": 22.82,
            "gross_profit": 1138693,
            "gross_margin": 33.48,
            "gross_margin_4q_avg": 30.97,
            "net_income": 835271,
            "net_income_4q": null,
            "revenue": 3401605,
            "revenue_4q": null,
            "common_shares": 2078073,
            "book_valuer_per_share": 19.37,
            "book_valuer_per_share_4q_avg": 18.02,
            "equity": 4025643,
            "current_ratio": 189.3,
            "debt_ratio": 68.78,
            "inventory_turnover_ratio": 0.22,
            "account_receivable_turnover_ratio": 126.32,
            "reinvestment_rate": 0.3,
            "research_to_sale_ratio": null,
            "price_fair": 10.92,
            "eps_avg_yearly": 3.64,
            "eps_latest_yearly": 0.92,
            "eps_growth_yearly": -99.93
        },
        "20173": {
            "year_quarter": 20173,
            "year": 2017,
            "quarter": 3,
            "eps": 0.09,
            "eps_growth_year": -30.77,
            "eps_4q": 3.68,
            "eps_4q_growth_year": -7.83,
            "roe": 0.46,
            "roe_4q": 22.52,
            "gross_profit": 133917,
            "gross_margin": 31.54,
            "gross_margin_4q_avg": 30.9,
            "net_income": 19217,
            "net_income_4q": null,
            "revenue": 424585,
            "revenue_4q": null,
            "common_shares": 2121700,
            "book_valuer_per_share": 19.95,
            "book_valuer_per_share_4q_avg": 18.63,
            "equity": 4318022,
            "current_ratio": 200.75,
            "debt_ratio": 66.37,
            "inventory_turnover_ratio": 0.03,
            "account_receivable_turnover_ratio": 14.29,
            "reinvestment_rate": 0.3,
            "research_to_sale_ratio": null,
            "price_fair": 9.83,
            "eps_avg_yearly": 3.28,
            "eps_latest_yearly": 0.36,
            "eps_growth_yearly": -132.29
        },
        "20174": {
            "year_quarter": 20174,
            "year": 2017,
            "quarter": 4,
            "eps": 1.39,
            "eps_growth_year": 511.25,
            "eps_4q": 4.86,
            "eps_4q_growth_year": 168.42,
            "roe": 7.25,
            "roe_4q": 28.47,
            "gross_profit": 522389,
            "gross_margin": 31.47,
            "gross_margin_4q_avg": 31.77,
            "net_income": 324970,
            "net_income_4q": null,
            "revenue": 1659736,
            "revenue_4q": null,
            "common_shares": 2337587,
            "book_valuer_per_share": 19.88,
            "book_valuer_per_share_4q_avg": 19.18,
            "equity": 4647334,
            "current_ratio": 211.29,
            "debt_ratio": 68.4,
            "inventory_turnover_ratio": 0.11,
            "account_receivable_turnover_ratio": 36.76,
            "reinvestment_rate": 0.23,
            "research_to_sale_ratio": null,
            "price_fair": 122.64,
            "eps_avg_yearly": 3.5,
            "eps_latest_yearly": 5.56,
            "eps_growth_yearly": 458.72
        },
        "20181": {
            "year_quarter": 20181,
            "year": 2018,
            "quarter": 1,
            "eps": -0.25,
            "eps_growth_year": null,
            "eps_4q": 4.68,
            "eps_4q_growth_year": 518.69,
            "roe": -1.25,
            "roe_4q": 28.43,
            "gross_profit": 57879,
            "gross_margin": 34.09,
            "gross_margin_4q_avg": 32.65,
            "net_income": -57984,
            "net_income_4q": null,
            "revenue": 169765,
            "revenue_4q": null,
            "common_shares": 2380733,
            "book_valuer_per_share": 19.58,
            "book_valuer_per_share_4q_avg": 19.7,
            "equity": 4661391,
            "current_ratio": 199.49,
            "debt_ratio": 72.39,
            "inventory_turnover_ratio": 0.01,
            "account_receivable_turnover_ratio": 3.84,
            "reinvestment_rate": 9.81,
            "research_to_sale_ratio": null,
            "price_fair": 122.64,
            "eps_avg_yearly": 3.5,
            "eps_latest_yearly": 5.56,
            "eps_growth_yearly": 458.72
        },
        "20182": {
            "year_quarter": 20182,
            "year": 2018,
            "quarter": 2,
            "eps": -0.1,
            "eps_growth_year": -102.46,
            "eps_4q": 1.07,
            "eps_4q_growth_year": -73.6,
            "roe": -0.58,
            "roe_4q": 5.88,
            "gross_profit": 73167,
            "gross_margin": 25.25,
            "gross_margin_4q_avg": 30.59,
            "net_income": -24337,
            "net_income_4q": null,
            "revenue": 289728,
            "revenue_4q": null,
            "common_shares": 2380733,
            "book_valuer_per_share": 15.26,
            "book_valuer_per_share_4q_avg": 18.67,
            "equity": 3669422,
            "current_ratio": 166,
            "debt_ratio": 77.99,
            "inventory_turnover_ratio": 0.02,
            "account_receivable_turnover_ratio": 9.09,
            "reinvestment_rate": 13.09,
            "research_to_sale_ratio": null,
            "price_fair": 122.64,
            "eps_avg_yearly": 3.5,
            "eps_latest_yearly": 5.56,
            "eps_growth_yearly": 458.72
        },
        "20183": {
            "year_quarter": 20183,
            "year": 2018,
            "quarter": 3,
            "eps": -0.15,
            "eps_growth_year": -266.67,
            "eps_4q": 0.85,
            "eps_4q_growth_year": -76.91,
            "roe": -0.99,
            "roe_4q": 4.43,
            "gross_profit": 74545,
            "gross_margin": 30.26,
            "gross_margin_4q_avg": 30.27,
            "net_income": -36226,
            "net_income_4q": null,
            "revenue": 246372,
            "revenue_4q": null,
            "common_shares": 2440425,
            "book_valuer_per_share": 14.85,
            "book_valuer_per_share_4q_avg": 17.39,
            "equity": 3641823,
            "current_ratio": 151.46,
            "debt_ratio": 80.71,
            "inventory_turnover_ratio": 0.01,
            "account_receivable_turnover_ratio": 6.69,
            "reinvestment_rate": 16.68,
            "research_to_sale_ratio": null,
            "price_fair": 82.6,
            "eps_avg_yearly": 2.36,
            "eps_latest_yearly": 5.56,
            "eps_growth_yearly": 525.42
        },
        "20184": {
            "year_quarter": 20184,
            "year": 2018,
            "quarter": 4,
            "eps": 0.68,
            "eps_growth_year": -51.4,
            "eps_4q": 0.19,
            "eps_4q_growth_year": -96.01,
            "roe": 4.4,
            "roe_4q": 1.58,
            "gross_profit": 315266,
            "gross_margin": 41.92,
            "gross_margin_4q_avg": 32.88,
            "net_income": 164039,
            "net_income_4q": null,
            "revenue": 752003,
            "revenue_4q": null,
            "common_shares": 2440824,
            "book_valuer_per_share": 15.52,
            "book_valuer_per_share_4q_avg": 16.3,
            "equity": 3806334,
            "current_ratio": 154.56,
            "debt_ratio": 79.72,
            "inventory_turnover_ratio": 0.03,
            "account_receivable_turnover_ratio": 10.94,
            "reinvestment_rate": 12.1,
            "research_to_sale_ratio": null,
            "price_fair": 82.43,
            "eps_avg_yearly": 2.36,
            "eps_latest_yearly": 5.56,
            "eps_growth_yearly": 632.4
        },
        "20191": {
            "year_quarter": 20191,
            "year": 2019,
            "quarter": 1,
            "eps": 2.3,
            "eps_growth_year": null,
            "eps_4q": 2.73,
            "eps_4q_growth_year": -41.7,
            "roe": 13.63,
            "roe_4q": 16.460000000000004,
            "gross_profit": 894868,
            "gross_margin": 25.59,
            "gross_margin_4q_avg": 30.76,
            "net_income": 558008,
            "net_income_4q": null,
            "revenue": 3496992,
            "revenue_4q": null,
            "common_shares": 2444581,
            "book_valuer_per_share": 17.87,
            "book_valuer_per_share_4q_avg": 15.88,
            "equity": 4382576,
            "current_ratio": 174.02,
            "debt_ratio": 75.59,
            "inventory_turnover_ratio": 0.18,
            "account_receivable_turnover_ratio": 53.92,
            "reinvestment_rate": 10.37,
            "research_to_sale_ratio": null,
            "price_fair": 102.73,
            "eps_avg_yearly": 2.94,
            "eps_latest_yearly": 9.2,
            "eps_growth_yearly": 706.52
        },
        "20192": {
            "year_quarter": 20192,
            "year": 2019,
            "quarter": 2,
            "eps": 0.61,
            "eps_growth_year": null,
            "eps_4q": 3.3,
            "eps_4q_growth_year": 206.83,
            "roe": 3.42,
            "roe_4q": 20.460000000000004,
            "gross_profit": 378984,
            "gross_margin": 26.35,
            "gross_margin_4q_avg": 31.03,
            "net_income": 150843,
            "net_income_4q": null,
            "revenue": 1438133,
            "revenue_4q": null,
            "common_shares": 2446738,
            "book_valuer_per_share": 18.02,
            "book_valuer_per_share_4q_avg": 16.57,
            "equity": 4428636,
            "current_ratio": 174.27,
            "debt_ratio": 75.81,
            "inventory_turnover_ratio": 0.08,
            "account_receivable_turnover_ratio": 22.4,
            "reinvestment_rate": 9.86,
            "research_to_sale_ratio": null,
            "price_fair": 109.2,
            "eps_avg_yearly": 3.12,
            "eps_latest_yearly": 2.44,
            "eps_growth_yearly": 709.25
        },
        "20193": {
            "year_quarter": 20193,
            "year": 2019,
            "quarter": 3,
            "eps": 0.37,
            "eps_growth_year": null,
            "eps_4q": 3.8,
            "eps_4q_growth_year": 347.42,
            "roe": 2.01,
            "roe_4q": 23.46,
            "gross_profit": 260027,
            "gross_margin": 26.97,
            "gross_margin_4q_avg": 30.21,
            "net_income": 89904,
            "net_income_4q": null,
            "revenue": 964219,
            "revenue_4q": null,
            "common_shares": 2569053,
            "book_valuer_per_share": 17.52,
            "book_valuer_per_share_4q_avg": 17.23,
            "equity": 4517288,
            "current_ratio": 171.15,
            "debt_ratio": 77.29,
            "inventory_turnover_ratio": 0.05,
            "account_receivable_turnover_ratio": 9.44,
            "reinvestment_rate": 9.37,
            "research_to_sale_ratio": null,
            "price_fair": 102.82,
            "eps_avg_yearly": 2.94,
            "eps_latest_yearly": 1.48,
            "eps_growth_yearly": 612.96
        },
        "20194": {
            "year_quarter": 20194,
            "year": 2019,
            "quarter": 4,
            "eps": 0.43,
            "eps_growth_year": -36.6,
            "eps_4q": 3.59,
            "eps_4q_growth_year": 1749.91,
            "roe": 2.41,
            "roe_4q": 21.47,
            "gross_profit": 239189,
            "gross_margin": 32.85,
            "gross_margin_4q_avg": 27.94,
            "net_income": 109978,
            "net_income_4q": null,
            "revenue": 728140,
            "revenue_4q": null,
            "common_shares": 2571444,
            "book_valuer_per_share": 17.83,
            "book_valuer_per_share_4q_avg": 17.81,
            "equity": 4603815,
            "current_ratio": 155.84,
            "debt_ratio": 79.64,
            "inventory_turnover_ratio": 0.03,
            "account_receivable_turnover_ratio": 9.06,
            "reinvestment_rate": 10.75,
            "research_to_sale_ratio": null,
            "price_fair": 98.56,
            "eps_avg_yearly": 2.82,
            "eps_latest_yearly": 1.72,
            "eps_growth_yearly": 558.15
        },
        "20201": {
            "year_quarter": 20201,
            "year": 2020,
            "quarter": 1,
            "eps": 0.88,
            "eps_growth_year": -61.74,
            "eps_4q": 2.28,
            "eps_4q_growth_year": -16.56,
            "roe": 4.75,
            "roe_4q": 12.59,
            "gross_profit": 404365,
            "gross_margin": 27.17,
            "gross_margin_4q_avg": 28.34,
            "net_income": 224583,
            "net_income_4q": null,
            "revenue": 1488381,
            "revenue_4q": null,
            "common_shares": 2572383,
            "book_valuer_per_share": 18.76,
            "book_valuer_per_share_4q_avg": 18.03,
            "equity": 4845217,
            "current_ratio": 154.63,
            "debt_ratio": 79.23,
            "inventory_turnover_ratio": 0.06,
            "account_receivable_turnover_ratio": 33.86,
            "reinvestment_rate": 10.5,
            "research_to_sale_ratio": null,
            "price_fair": 98.98,
            "eps_avg_yearly": 2.83,
            "eps_latest_yearly": 3.52,
            "eps_growth_yearly": 626.19
        },
        "20202": {
            "year_quarter": 20202,
            "year": 2020,
            "quarter": 2,
            "eps": -0.28,
            "eps_growth_year": -145.9,
            "eps_4q": 1.25,
            "eps_4q_growth_year": -62.19,
            "roe": -1.79,
            "roe_4q": 7.38,
            "gross_profit": 55607,
            "gross_margin": 24.11,
            "gross_margin_4q_avg": 27.78,
            "net_income": -81246,
            "net_income_4q": null,
            "revenue": 230650,
            "revenue_4q": null,
            "common_shares": 2573320,
            "book_valuer_per_share": 16.36,
            "book_valuer_per_share_4q_avg": 17.62,
            "equity": 4256439,
            "current_ratio": 148.78,
            "debt_ratio": 82.96,
            "inventory_turnover_ratio": 0.01,
            "account_receivable_turnover_ratio": 6.25,
            "reinvestment_rate": 11.37,
            "research_to_sale_ratio": null,
            "price_fair": 100.02,
            "eps_avg_yearly": 2.86,
            "eps_latest_yearly": 3.52,
            "eps_growth_yearly": 706.75
        },
        "20203": {
            "year_quarter": 20203,
            "year": 2020,
            "quarter": 3,
            "eps": 0.03,
            "eps_growth_year": -91.89,
            "eps_4q": 0.75,
            "eps_4q_growth_year": -80.26,
            "roe": 0.12,
            "roe_4q": 5.49,
            "gross_profit": 107544,
            "gross_margin": 33.09,
            "gross_margin_4q_avg": 29.31,
            "net_income": 5450,
            "net_income_4q": null,
            "revenue": 324964,
            "revenue_4q": null,
            "common_shares": 2836150,
            "book_valuer_per_share": 16.65,
            "book_valuer_per_share_4q_avg": 17.4,
            "equity": 4993729,
            "current_ratio": 134.31,
            "debt_ratio": 83.25,
            "inventory_turnover_ratio": 0.01,
            "account_receivable_turnover_ratio": 8.72,
            "reinvestment_rate": 11.55,
            "research_to_sale_ratio": null,
            "price_fair": 110.25,
            "eps_avg_yearly": 3.15,
            "eps_latest_yearly": 3.52,
            "eps_growth_yearly": 834.93
        },
        "20204": {
            "year_quarter": 20204,
            "year": 2020,
            "quarter": 4,
            "eps": 0,
            "eps_growth_year": -99.08,
            "eps_4q": 0.42,
            "eps_4q_growth_year": -88.41,
            "roe": 0.01,
            "roe_4q": 3.09,
            "gross_profit": 12265,
            "gross_margin": 20.67,
            "gross_margin_4q_avg": 26.26,
            "net_income": 709,
            "net_income_4q": null,
            "revenue": 59348,
            "revenue_4q": null,
            "common_shares": 3803045,
            "book_valuer_per_share": 14.53,
            "book_valuer_per_share_4q_avg": 16.58,
            "equity": 5598038,
            "current_ratio": 134.68,
            "debt_ratio": 82.41,
            "inventory_turnover_ratio": 0,
            "account_receivable_turnover_ratio": 0.98,
            "reinvestment_rate": 11.78,
            "research_to_sale_ratio": null,
            "price_fair": 121.4,
            "eps_avg_yearly": 3.47,
            "eps_latest_yearly": 3.52,
            "eps_growth_yearly": 910.25
        },
        "20211": {
            "year_quarter": 20211,
            "year": 2021,
            "quarter": 1,
            "eps": -0.1,
            "eps_growth_year": -111.36,
            "eps_4q": -0.28,
            "eps_4q_growth_year": -112.48,
            "roe": -0.71,
            "roe_4q": -2.37,
            "gross_profit": 11691,
            "gross_margin": 71.67,
            "gross_margin_4q_avg": 37.39,
            "net_income": -39595,
            "net_income_4q": null,
            "revenue": 16312,
            "revenue_4q": null,
            "common_shares": 3803045,
            "book_valuer_per_share": 14.47,
            "book_valuer_per_share_4q_avg": 15.5,
            "equity": 5614082,
            "current_ratio": 130.68,
            "debt_ratio": 83.99,
            "inventory_turnover_ratio": 0,
            "account_receivable_turnover_ratio": 0.26,
            "reinvestment_rate": 11.66,
            "research_to_sale_ratio": null,
            "price_fair": 121.4,
            "eps_avg_yearly": 3.47,
            "eps_latest_yearly": 3.52,
            "eps_growth_yearly": 910.25
        },
        "20212": {
            "year_quarter": 20212,
            "year": 2021,
            "quarter": 2,
            "eps": 0.99,
            "eps_growth_year": null,
            "eps_4q": 0.93,
            "eps_4q_growth_year": -25.22,
            "roe": 6.59,
            "roe_4q": 6.01,
            "gross_profit": 674952,
            "gross_margin": 25.55,
            "gross_margin_4q_avg": 37.75,
            "net_income": 382504,
            "net_income_4q": null,
            "revenue": 2641863,
            "revenue_4q": null,
            "common_shares": 3803045,
            "book_valuer_per_share": 15.41,
            "book_valuer_per_share_4q_avg": 15.27,
            "equity": 6001331,
            "current_ratio": 133.57,
            "debt_ratio": 84.02,
            "inventory_turnover_ratio": 0.07,
            "account_receivable_turnover_ratio": 55.37,
            "reinvestment_rate": 13.97,
            "research_to_sale_ratio": null,
            "price_fair": 121.4,
            "eps_avg_yearly": 3.47,
            "eps_latest_yearly": 3.52,
            "eps_growth_yearly": 910.25
        },
        "20213": {
            "year_quarter": 20213,
            "year": 2021,
            "quarter": 3,
            "eps": 0.93,
            "eps_growth_year": 3000,
            "eps_4q": 1.83,
            "eps_4q_growth_year": 143.5,
            "roe": 5.83,
            "roe_4q": 11.72,
            "gross_profit": 652981,
            "gross_margin": 21.39,
            "gross_margin_4q_avg": 34.82,
            "net_income": 360318,
            "net_income_4q": null,
            "revenue": 3053013,
            "revenue_4q": null,
            "common_shares": 3879106,
            "book_valuer_per_share": 16.04,
            "book_valuer_per_share_4q_avg": 15.11,
            "equity": 6360494,
            "current_ratio": 139.42,
            "debt_ratio": 83.52,
            "inventory_turnover_ratio": 0.08,
            "account_receivable_turnover_ratio": 30.33,
            "reinvestment_rate": 11.68,
            "research_to_sale_ratio": null,
            "price_fair": 138.2,
            "eps_avg_yearly": 3.95,
            "eps_latest_yearly": 3.72,
            "eps_growth_yearly": 962.67
        },
        "20214": {
            "year_quarter": 20214,
            "year": 2021,
            "quarter": 4,
            "eps": 2.21,
            "eps_growth_year": 55936.73,
            "eps_4q": 4.03,
            "eps_4q_growth_year": 870.29,
            "roe": 12.62,
            "roe_4q": 24.33,
            "gross_profit": 1278764,
            "gross_margin": 29.28,
            "gross_margin_4q_avg": 36.97,
            "net_income": 856411,
            "net_income_4q": null,
            "revenue": 4367379,
            "revenue_4q": null,
            "common_shares": 3879106,
            "book_valuer_per_share": 18.22,
            "book_valuer_per_share_4q_avg": 16.04,
            "equity": 7206891,
            "current_ratio": 140.86,
            "debt_ratio": 80.82,
            "inventory_turnover_ratio": 0.1,
            "account_receivable_turnover_ratio": 41.21,
            "reinvestment_rate": 13.7,
            "research_to_sale_ratio": null,
            "price_fair": 154.6,
            "eps_avg_yearly": 4.42,
            "eps_latest_yearly": 8.84,
            "eps_growth_yearly": 215.92
        },
        "20221": {
            "year_quarter": 20221,
            "year": 2022,
            "quarter": 1,
            "eps": 1.67,
            "eps_growth_year": null,
            "eps_4q": 5.8,
            "eps_4q_growth_year": null,
            "roe": 8.53,
            "roe_4q": 33.56999999999999,
            "gross_profit": 1175519,
            "gross_margin": 26.77,
            "gross_margin_4q_avg": 25.75,
            "net_income": 644503,
            "net_income_4q": null,
            "revenue": 4390613,
            "revenue_4q": null,
            "common_shares": 3879106,
            "book_valuer_per_share": 20.02,
            "book_valuer_per_share_4q_avg": 17.42,
            "equity": 7901953,
            "current_ratio": 143.48,
            "debt_ratio": 78.43,
            "inventory_turnover_ratio": 0.11,
            "account_receivable_turnover_ratio": 37.07,
            "reinvestment_rate": 1.79,
            "research_to_sale_ratio": null,
            "price_fair": 164.5,
            "eps_avg_yearly": 4.7,
            "eps_latest_yearly": 6.68,
            "eps_growth_yearly": 176.71
        },
        "20222": {
            "year_quarter": 20222,
            "year": 2022,
            "quarter": 2,
            "eps": 0.69,
            "eps_growth_year": -30.3,
            "eps_4q": 5.5,
            "eps_4q_growth_year": 489.7,
            "roe": 3.59,
            "roe_4q": 30.57,
            "gross_profit": 514740,
            "gross_margin": 20.53,
            "gross_margin_4q_avg": 24.49,
            "net_income": 269525,
            "net_income_4q": null,
            "revenue": 2507254,
            "revenue_4q": null,
            "common_shares": 3879106,
            "book_valuer_per_share": 17.86,
            "book_valuer_per_share_4q_avg": 18.04,
            "equity": 7113741,
            "current_ratio": 135.25,
            "debt_ratio": 79.85,
            "inventory_turnover_ratio": 0.07,
            "account_receivable_turnover_ratio": 18.94,
            "reinvestment_rate": 7.2,
            "research_to_sale_ratio": null,
            "price_fair": 156.96,
            "eps_avg_yearly": 4.48,
            "eps_latest_yearly": 2.76,
            "eps_growth_yearly": 130.99
        },
        "20223": {
            "year_quarter": 20223,
            "year": 2022,
            "quarter": 3,
            "eps": 1.05,
            "eps_growth_year": 12.9,
            "eps_4q": 5.62,
            "eps_4q_growth_year": 207.33,
            "roe": 5.54,
            "roe_4q": 30.279999999999994,
            "gross_profit": 627625,
            "gross_margin": 42.73,
            "gross_margin_4q_avg": 29.83,
            "net_income": 409428,
            "net_income_4q": null,
            "revenue": 1468963,
            "revenue_4q": null,
            "common_shares": 3879106,
            "book_valuer_per_share": 19.27,
            "book_valuer_per_share_4q_avg": 18.84,
            "equity": 7662143,
            "current_ratio": 132.72,
            "debt_ratio": 79.32,
            "inventory_turnover_ratio": 0.03,
            "account_receivable_turnover_ratio": 11.51,
            "reinvestment_rate": 8.65,
            "research_to_sale_ratio": null,
            "price_fair": 155.96,
            "eps_avg_yearly": 4.46,
            "eps_latest_yearly": 4.2,
            "eps_growth_yearly": 138.76
        },
        "20224": {
            "year_quarter": 20224,
            "year": 2022,
            "quarter": 4,
            "eps": -0.32,
            "eps_growth_year": -114.41,
            "eps_4q": 3.09,
            "eps_4q_growth_year": -23.37,
            "roe": -1.65,
            "roe_4q": 16.009999999999998,
            "gross_profit": 49940,
            "gross_margin": 22.53,
            "gross_margin_4q_avg": 28.14,
            "net_income": -124913,
            "net_income_4q": null,
            "revenue": 221652,
            "revenue_4q": null,
            "common_shares": 3879106,
            "book_valuer_per_share": 18.77,
            "book_valuer_per_share_4q_avg": 18.98,
            "equity": 7464824,
            "current_ratio": 130.5,
            "debt_ratio": 80.11,
            "inventory_turnover_ratio": 0.01,
            "account_receivable_turnover_ratio": 1.65,
            "reinvestment_rate": 34.89,
            "research_to_sale_ratio": null,
            "price_fair": 155.96,
            "eps_avg_yearly": 4.46,
            "eps_latest_yearly": 4.2,
            "eps_growth_yearly": 138.76
        },
        "20231": {
            "year_quarter": 20231,
            "year": 2023,
            "quarter": 1,
            "eps": 0.44,
            "eps_growth_year": -73.65,
            "eps_4q": 1.86,
            "eps_4q_growth_year": -67.91,
            "roe": 2.26,
            "roe_4q": 9.74,
            "gross_profit": 408730,
            "gross_margin": 21.79,
            "gross_margin_4q_avg": 26.9,
            "net_income": 170699,
            "net_income_4q": null,
            "revenue": 1876103,
            "revenue_4q": null,
            "common_shares": 3879106,
            "book_valuer_per_share": 19.16,
            "book_valuer_per_share_4q_avg": 18.77,
            "equity": 7666192,
            "current_ratio": 132.36,
            "debt_ratio": 79.28,
            "inventory_turnover_ratio": 0.05,
            "account_receivable_turnover_ratio": 18.32,
            "reinvestment_rate": 38.65,
            "research_to_sale_ratio": null,
            "price_fair": 137.51,
            "eps_avg_yearly": 3.93,
            "eps_latest_yearly": 4.2,
            "eps_growth_yearly": 48.3
        },
        "20232": {
            "year_quarter": 20232,
            "year": 2023,
            "quarter": 2,
            "eps": -0.21,
            "eps_growth_year": -130.43,
            "eps_4q": 0.91,
            "eps_4q_growth_year": -83.38,
            "roe": -1.06,
            "roe_4q": 5.09,
            "gross_profit": -2529,
            "gross_margin": -0.78,
            "gross_margin_4q_avg": 21.57,
            "net_income": -79102,
            "net_income_4q": null,
            "revenue": 323080,
            "revenue_4q": null,
            "common_shares": 3879106,
            "book_valuer_per_share": 18.07,
            "book_valuer_per_share_4q_avg": 18.82,
            "equity": 7253464,
            "current_ratio": 126.34,
            "debt_ratio": 82.26,
            "inventory_turnover_ratio": 0.01,
            "account_receivable_turnover_ratio": 1.78,
            "reinvestment_rate": 41.12,
            "research_to_sale_ratio": null,
            "price_fair": 144.03,
            "eps_avg_yearly": 4.12,
            "eps_latest_yearly": 4.2,
            "eps_growth_yearly": 91.08
        },
        "20233": {
            "year_quarter": 20233,
            "year": 2023,
            "quarter": 3,
            "eps": 1.06,
            "eps_growth_year": 0.95,
            "eps_4q": 0.97,
            "eps_4q_growth_year": -82.78,
            "roe": 5.76,
            "roe_4q": 5.309999999999999,
            "gross_profit": 772787,
            "gross_margin": 23.47,
            "gross_margin_4q_avg": 16.75,
            "net_income": 432506,
            "net_income_4q": null,
            "revenue": 3293305,
            "revenue_4q": null,
            "common_shares": 4077402,
            "book_valuer_per_share": 18.42,
            "book_valuer_per_share_4q_avg": 18.61,
            "equity": 7751464,
            "current_ratio": 124.99,
            "debt_ratio": 80.84,
            "inventory_turnover_ratio": 0.08,
            "account_receivable_turnover_ratio": 12.81,
            "reinvestment_rate": 36.89,
            "research_to_sale_ratio": null,
            "price_fair": 157.2,
            "eps_avg_yearly": 4.49,
            "eps_latest_yearly": 4.2,
            "eps_growth_yearly": 126.57
        }
    },
    "months": {
        "2002-04": {
            "month": "2002-04",
            "price": "19.59",
            "revenue": 58127
        },
        "2002-05": {
            "month": "2002-05",
            "price": "26.88",
            "revenue": 54854
        },
        "2002-06": {
            "month": "2002-06",
            "price": "35.72",
            "revenue": 41219
        },
        "2002-07": {
            "month": "2002-07",
            "price": "28.23",
            "revenue": 60000
        },
        "2002-08": {
            "month": "2002-08",
            "price": "20.70",
            "revenue": 57148
        },
        "2002-09": {
            "month": "2002-09",
            "price": "13.66",
            "revenue": 65909
        },
        "2002-10": {
            "month": "2002-10",
            "price": "12.40",
            "revenue": 110281
        },
        "2002-11": {
            "month": "2002-11",
            "price": "13.67",
            "revenue": 85340
        },
        "2002-12": {
            "month": "2002-12",
            "price": "12.57",
            "revenue": 94811
        },
        "2003-01": {
            "month": "2003-01",
            "price": "11.52",
            "revenue": 112181
        },
        "2003-02": {
            "month": "2003-02",
            "price": "12.38",
            "revenue": 50395
        },
        "2003-03": {
            "month": "2003-03",
            "price": "11.32",
            "revenue": 58161
        },
        "2003-04": {
            "month": "2003-04",
            "price": "10.48",
            "revenue": 62963
        },
        "2003-05": {
            "month": "2003-05",
            "price": "10.90",
            "revenue": 54984
        },
        "2003-06": {
            "month": "2003-06",
            "price": "12.96",
            "revenue": 45935
        },
        "2003-07": {
            "month": "2003-07",
            "price": "13.87",
            "revenue": 55745
        },
        "2003-08": {
            "month": "2003-08",
            "price": "12.24",
            "revenue": 73795
        },
        "2003-09": {
            "month": "2003-09",
            "price": "11.49",
            "revenue": 67091
        },
        "2003-10": {
            "month": "2003-10",
            "price": "11.90",
            "revenue": 82928
        },
        "2003-11": {
            "month": "2003-11",
            "price": "12.17",
            "revenue": 83878
        },
        "2003-12": {
            "month": "2003-12",
            "price": "12.09",
            "revenue": 120274
        },
        "2004-01": {
            "month": "2004-01",
            "price": "12.56",
            "revenue": 86041
        },
        "2004-02": {
            "month": "2004-02",
            "price": "14.05",
            "revenue": 66728
        },
        "2004-03": {
            "month": "2004-03",
            "price": "16.83",
            "revenue": 63598
        },
        "2004-04": {
            "month": "2004-04",
            "price": "16.93",
            "revenue": 58132
        },
        "2004-05": {
            "month": "2004-05",
            "price": "14.78",
            "revenue": 68879
        },
        "2004-06": {
            "month": "2004-06",
            "price": "11.96",
            "revenue": 50306
        },
        "2004-07": {
            "month": "2004-07",
            "price": "10.40",
            "revenue": 55365
        },
        "2004-08": {
            "month": "2004-08",
            "price": "11.96",
            "revenue": 75444
        },
        "2004-09": {
            "month": "2004-09",
            "price": "10.26",
            "revenue": 78644
        },
        "2004-10": {
            "month": "2004-10",
            "price": "9.85",
            "revenue": 77195
        },
        "2004-11": {
            "month": "2004-11",
            "price": "10.11",
            "revenue": 92024
        },
        "2004-12": {
            "month": "2004-12",
            "price": "9.72",
            "revenue": 75351
        },
        "2005-01": {
            "month": "2005-01",
            "price": "9.44",
            "revenue": 107868
        },
        "2005-02": {
            "month": "2005-02",
            "price": "10.52",
            "revenue": 53816
        },
        "2005-03": {
            "month": "2005-03",
            "price": "10.98",
            "revenue": 69155
        },
        "2005-04": {
            "month": "2005-04",
            "price": "9.68",
            "revenue": 58696
        },
        "2005-05": {
            "month": "2005-05",
            "price": "8.75",
            "revenue": 54704
        },
        "2005-06": {
            "month": "2005-06",
            "price": "11.42",
            "revenue": 52364
        },
        "2005-07": {
            "month": "2005-07",
            "price": "15.64",
            "revenue": 56143
        },
        "2005-08": {
            "month": "2005-08",
            "price": "15.21",
            "revenue": 65021
        },
        "2005-09": {
            "month": "2005-09",
            "price": "13.05",
            "revenue": 81284
        },
        "2005-10": {
            "month": "2005-10",
            "price": "12.36",
            "revenue": 74930
        },
        "2005-11": {
            "month": "2005-11",
            "price": "12.35",
            "revenue": 78524
        },
        "2005-12": {
            "month": "2005-12",
            "price": "12.45",
            "revenue": 103391
        },
        "2006-01": {
            "month": "2006-01",
            "price": "11.33",
            "revenue": 107060
        },
        "2006-02": {
            "month": "2006-02",
            "price": "10.82",
            "revenue": 55223
        },
        "2006-03": {
            "month": "2006-03",
            "price": "11.10",
            "revenue": 62476
        },
        "2006-04": {
            "month": "2006-04",
            "price": "12.38",
            "revenue": 59867
        },
        "2006-05": {
            "month": "2006-05",
            "price": "12.45",
            "revenue": 57827
        },
        "2006-06": {
            "month": "2006-06",
            "price": "13.21",
            "revenue": 50286
        },
        "2006-07": {
            "month": "2006-07",
            "price": "12.73",
            "revenue": 50372
        },
        "2006-08": {
            "month": "2006-08",
            "price": "14.57",
            "revenue": 61703
        },
        "2006-09": {
            "month": "2006-09",
            "price": "14.99",
            "revenue": 58905
        },
        "2006-10": {
            "month": "2006-10",
            "price": "16.93",
            "revenue": 50128
        },
        "2006-11": {
            "month": "2006-11",
            "price": "17.67",
            "revenue": 64301
        },
        "2006-12": {
            "month": "2006-12",
            "price": "20.38",
            "revenue": 63017
        },
        "2007-01": {
            "month": "2007-01",
            "price": "22.26",
            "revenue": 77006
        },
        "2007-02": {
            "month": "2007-02",
            "price": "21.35",
            "revenue": 55124
        },
        "2007-03": {
            "month": "2007-03",
            "price": "21.59",
            "revenue": 44083
        },
        "2007-04": {
            "month": "2007-04",
            "price": "23.66",
            "revenue": 44102
        },
        "2007-05": {
            "month": "2007-05",
            "price": "21.42",
            "revenue": 36782
        },
        "2007-06": {
            "month": "2007-06",
            "price": "21.92",
            "revenue": 33595
        },
        "2007-07": {
            "month": "2007-07",
            "price": "26.62",
            "revenue": 47043
        },
        "2007-08": {
            "month": "2007-08",
            "price": "25.83",
            "revenue": 50995
        },
        "2007-09": {
            "month": "2007-09",
            "price": "23.40",
            "revenue": 47847
        },
        "2007-10": {
            "month": "2007-10",
            "price": "23.67",
            "revenue": 50228
        },
        "2007-11": {
            "month": "2007-11",
            "price": "20.66",
            "revenue": 47812
        },
        "2007-12": {
            "month": "2007-12",
            "price": "20.73",
            "revenue": 63821
        },
        "2008-01": {
            "month": "2008-01",
            "price": "22.67",
            "revenue": 71499
        },
        "2008-02": {
            "month": "2008-02",
            "price": "25.42",
            "revenue": 41670
        },
        "2008-03": {
            "month": "2008-03",
            "price": "25.19",
            "revenue": 42938
        },
        "2008-04": {
            "month": "2008-04",
            "price": "25.39",
            "revenue": 29203
        },
        "2008-05": {
            "month": "2008-05",
            "price": "24.24",
            "revenue": 25617
        },
        "2008-06": {
            "month": "2008-06",
            "price": "22.12",
            "revenue": 1093553
        },
        "2008-07": {
            "month": "2008-07",
            "price": "20.00",
            "revenue": 28098
        },
        "2008-08": {
            "month": "2008-08",
            "price": "19.66",
            "revenue": 18998
        },
        "2008-09": {
            "month": "2008-09",
            "price": "17.31",
            "revenue": 24820
        },
        "2008-10": {
            "month": "2008-10",
            "price": "12.69",
            "revenue": 22961
        },
        "2008-11": {
            "month": "2008-11",
            "price": "10.97",
            "revenue": 20276
        },
        "2008-12": {
            "month": "2008-12",
            "price": "9.24",
            "revenue": 29762
        },
        "2009-01": {
            "month": "2009-01",
            "price": "9.78",
            "revenue": 14569
        },
        "2009-02": {
            "month": "2009-02",
            "price": "10.12",
            "revenue": 3552
        },
        "2009-03": {
            "month": "2009-03",
            "price": "10.30",
            "revenue": -10825
        },
        "2009-04": {
            "month": "2009-04",
            "price": "14.48",
            "revenue": -4050
        },
        "2009-05": {
            "month": "2009-05",
            "price": "18.64",
            "revenue": 415
        },
        "2009-06": {
            "month": "2009-06",
            "price": "17.01",
            "revenue": 695
        },
        "2009-07": {
            "month": "2009-07",
            "price": "18.21",
            "revenue": 2245
        },
        "2009-08": {
            "month": "2009-08",
            "price": "21.30",
            "revenue": -127
        },
        "2009-09": {
            "month": "2009-09",
            "price": "18.88",
            "revenue": 4200
        },
        "2009-10": {
            "month": "2009-10",
            "price": "20.49",
            "revenue": 0
        },
        "2009-11": {
            "month": "2009-11",
            "price": "20.11",
            "revenue": 0
        },
        "2009-12": {
            "month": "2009-12",
            "price": "21.32",
            "revenue": 740337
        },
        "2010-01": {
            "month": "2010-01",
            "price": "24.42",
            "revenue": 55769
        },
        "2010-02": {
            "month": "2010-02",
            "price": "23.60",
            "revenue": 24421
        },
        "2010-03": {
            "month": "2010-03",
            "price": "26.93",
            "revenue": 14784
        },
        "2010-04": {
            "month": "2010-04",
            "price": "28.76",
            "revenue": 131578
        },
        "2010-05": {
            "month": "2010-05",
            "price": "26.05",
            "revenue": 132568
        },
        "2010-06": {
            "month": "2010-06",
            "price": "25.35",
            "revenue": 214293
        },
        "2010-07": {
            "month": "2010-07",
            "price": "24.70",
            "revenue": 4818
        },
        "2010-08": {
            "month": "2010-08",
            "price": "24.69",
            "revenue": 24167
        },
        "2010-09": {
            "month": "2010-09",
            "price": "27.34",
            "revenue": 118676
        },
        "2010-10": {
            "month": "2010-10",
            "price": "28.04",
            "revenue": 185470
        },
        "2010-11": {
            "month": "2010-11",
            "price": "27.98",
            "revenue": 567941
        },
        "2010-12": {
            "month": "2010-12",
            "price": "30.83",
            "revenue": 990854
        },
        "2011-01": {
            "month": "2011-01",
            "price": "35.16",
            "revenue": 193361
        },
        "2011-02": {
            "month": "2011-02",
            "price": "37.60",
            "revenue": 19444
        },
        "2011-03": {
            "month": "2011-03",
            "price": "32.77",
            "revenue": 100338
        },
        "2011-04": {
            "month": "2011-04",
            "price": "31.87",
            "revenue": 193769
        },
        "2011-05": {
            "month": "2011-05",
            "price": "32.55",
            "revenue": 197290
        },
        "2011-06": {
            "month": "2011-06",
            "price": "34.50",
            "revenue": 135659
        },
        "2011-07": {
            "month": "2011-07",
            "price": "34.99",
            "revenue": 345248
        },
        "2011-08": {
            "month": "2011-08",
            "price": "28.48",
            "revenue": 31780
        },
        "2011-09": {
            "month": "2011-09",
            "price": "26.37",
            "revenue": 224762
        },
        "2011-10": {
            "month": "2011-10",
            "price": "23.72",
            "revenue": 535
        },
        "2011-11": {
            "month": "2011-11",
            "price": "21.36",
            "revenue": 29
        },
        "2011-12": {
            "month": "2011-12",
            "price": "19.32",
            "revenue": 29
        },
        "2012-01": {
            "month": "2012-01",
            "price": "18.96",
            "revenue": 29
        },
        "2012-02": {
            "month": "2012-02",
            "price": "20.66",
            "revenue": 28
        },
        "2012-03": {
            "month": "2012-03",
            "price": "26.27",
            "revenue": 29
        },
        "2012-04": {
            "month": "2012-04",
            "price": "25.51",
            "revenue": 28
        },
        "2012-05": {
            "month": "2012-05",
            "price": "27.45",
            "revenue": 409893
        },
        "2012-06": {
            "month": "2012-06",
            "price": "26.14",
            "revenue": 248996
        },
        "2012-07": {
            "month": "2012-07",
            "price": "27.90",
            "revenue": 159654
        },
        "2012-08": {
            "month": "2012-08",
            "price": "29.55",
            "revenue": 158375
        },
        "2012-09": {
            "month": "2012-09",
            "price": "29.24",
            "revenue": 158159
        },
        "2012-10": {
            "month": "2012-10",
            "price": "27.47",
            "revenue": 155557
        },
        "2012-11": {
            "month": "2012-11",
            "price": "27.50",
            "revenue": 137133
        },
        "2012-12": {
            "month": "2012-12",
            "price": "28.71",
            "revenue": 1353365
        },
        "2013-01": {
            "month": "2013-01",
            "price": "33.75",
            "revenue": 136353
        },
        "2013-02": {
            "month": "2013-02",
            "price": "34.95",
            "revenue": 72475
        },
        "2013-03": {
            "month": "2013-03",
            "price": "34.66",
            "revenue": 189330
        },
        "2013-04": {
            "month": "2013-04",
            "price": "37.29",
            "revenue": 9758
        },
        "2013-05": {
            "month": "2013-05",
            "price": "38.19",
            "revenue": 96129
        },
        "2013-06": {
            "month": "2013-06",
            "price": "36.03",
            "revenue": 213758
        },
        "2013-07": {
            "month": "2013-07",
            "price": "36.90",
            "revenue": 1725
        },
        "2013-08": {
            "month": "2013-08",
            "price": "34.44",
            "revenue": 101126
        },
        "2013-09": {
            "month": "2013-09",
            "price": "32.19",
            "revenue": 38913
        },
        "2013-10": {
            "month": "2013-10",
            "price": "32.63",
            "revenue": 46168
        },
        "2013-11": {
            "month": "2013-11",
            "price": "33.32",
            "revenue": 30039
        },
        "2013-12": {
            "month": "2013-12",
            "price": "36.47",
            "revenue": 24717
        },
        "2014-01": {
            "month": "2014-01",
            "price": "33.84",
            "revenue": 55212
        },
        "2014-02": {
            "month": "2014-02",
            "price": "36.41",
            "revenue": 279
        },
        "2014-03": {
            "month": "2014-03",
            "price": "35.71",
            "revenue": 21283
        },
        "2014-04": {
            "month": "2014-04",
            "price": "35.34",
            "revenue": 129
        },
        "2014-05": {
            "month": "2014-05",
            "price": "35.46",
            "revenue": 489
        },
        "2014-06": {
            "month": "2014-06",
            "price": "35.36",
            "revenue": 2258285
        },
        "2014-07": {
            "month": "2014-07",
            "price": "35.41",
            "revenue": 597933
        },
        "2014-08": {
            "month": "2014-08",
            "price": "35.28",
            "revenue": 792245
        },
        "2014-09": {
            "month": "2014-09",
            "price": "35.47",
            "revenue": 280442
        },
        "2014-10": {
            "month": "2014-10",
            "price": "34.71",
            "revenue": 202429
        },
        "2014-11": {
            "month": "2014-11",
            "price": "35.88",
            "revenue": 487519
        },
        "2014-12": {
            "month": "2014-12",
            "price": "38.18",
            "revenue": 115817
        },
        "2015-01": {
            "month": "2015-01",
            "price": "37.12",
            "revenue": 110491
        },
        "2015-02": {
            "month": "2015-02",
            "price": "38.50",
            "revenue": 463144
        },
        "2015-03": {
            "month": "2015-03",
            "price": "43.66",
            "revenue": 754150
        },
        "2015-04": {
            "month": "2015-04",
            "price": "42.20",
            "revenue": 242932
        },
        "2015-05": {
            "month": "2015-05",
            "price": "41.51",
            "revenue": 229674
        },
        "2015-06": {
            "month": "2015-06",
            "price": "38.87",
            "revenue": 49397
        },
        "2015-07": {
            "month": "2015-07",
            "price": "34.41",
            "revenue": 50006
        },
        "2015-08": {
            "month": "2015-08",
            "price": "28.00",
            "revenue": 25365
        },
        "2015-09": {
            "month": "2015-09",
            "price": "28.13",
            "revenue": 52485
        },
        "2015-10": {
            "month": "2015-10",
            "price": "21.51",
            "revenue": 819742
        },
        "2015-11": {
            "month": "2015-11",
            "price": "20.52",
            "revenue": 510400
        },
        "2015-12": {
            "month": "2015-12",
            "price": "20.05",
            "revenue": 1325249
        },
        "2016-01": {
            "month": "2016-01",
            "price": "19.19",
            "revenue": 91250
        },
        "2016-02": {
            "month": "2016-02",
            "price": "19.03",
            "revenue": 55155
        },
        "2016-03": {
            "month": "2016-03",
            "price": "20.64",
            "revenue": 967161
        },
        "2016-04": {
            "month": "2016-04",
            "price": "21.35",
            "revenue": 167576
        },
        "2016-05": {
            "month": "2016-05",
            "price": "21.93",
            "revenue": 262094
        },
        "2016-06": {
            "month": "2016-06",
            "price": "22.86",
            "revenue": 186302
        },
        "2016-07": {
            "month": "2016-07",
            "price": "23.38",
            "revenue": 109712
        },
        "2016-08": {
            "month": "2016-08",
            "price": "22.79",
            "revenue": 46303
        },
        "2016-09": {
            "month": "2016-09",
            "price": "20.41",
            "revenue": 239180
        },
        "2016-10": {
            "month": "2016-10",
            "price": "20.03",
            "revenue": 73261
        },
        "2016-11": {
            "month": "2016-11",
            "price": "19.61",
            "revenue": 133000
        },
        "2016-12": {
            "month": "2016-12",
            "price": "19.65",
            "revenue": 123794
        },
        "2017-01": {
            "month": "2017-01",
            "price": "19.80",
            "revenue": 65760
        },
        "2017-02": {
            "month": "2017-02",
            "price": "21.62",
            "revenue": 31310
        },
        "2017-03": {
            "month": "2017-03",
            "price": "23.78",
            "revenue": 34174
        },
        "2017-04": {
            "month": "2017-04",
            "price": "23.31",
            "revenue": 517508
        },
        "2017-05": {
            "month": "2017-05",
            "price": "23.40",
            "revenue": 141454
        },
        "2017-06": {
            "month": "2017-06",
            "price": "25.35",
            "revenue": 2741876
        },
        "2017-07": {
            "month": "2017-07",
            "price": "25.55",
            "revenue": 261544
        },
        "2017-08": {
            "month": "2017-08",
            "price": "28.56",
            "revenue": 104746
        },
        "2017-09": {
            "month": "2017-09",
            "price": "34.60",
            "revenue": 58312
        },
        "2017-10": {
            "month": "2017-10",
            "price": "33.63",
            "revenue": 772162
        },
        "2017-11": {
            "month": "2017-11",
            "price": "33.25",
            "revenue": 719291
        },
        "2017-12": {
            "month": "2017-12",
            "price": "32.12",
            "revenue": 170710
        },
        "2018-01": {
            "month": "2018-01",
            "price": "34.58",
            "revenue": 35470
        },
        "2018-02": {
            "month": "2018-02",
            "price": "32.85",
            "revenue": 66505
        },
        "2018-03": {
            "month": "2018-03",
            "price": "33.97",
            "revenue": 67789
        },
        "2018-04": {
            "month": "2018-04",
            "price": "36.93",
            "revenue": 68541
        },
        "2018-05": {
            "month": "2018-05",
            "price": "36.30",
            "revenue": 133721
        },
        "2018-06": {
            "month": "2018-06",
            "price": "36.73",
            "revenue": 87285
        },
        "2018-07": {
            "month": "2018-07",
            "price": "33.94",
            "revenue": 64616
        },
        "2018-08": {
            "month": "2018-08",
            "price": "34.41",
            "revenue": 45151
        },
        "2018-09": {
            "month": "2018-09",
            "price": "27.68",
            "revenue": 136785
        },
        "2018-10": {
            "month": "2018-10",
            "price": "28.33",
            "revenue": 85444
        },
        "2018-11": {
            "month": "2018-11",
            "price": "26.19",
            "revenue": 236075
        },
        "2018-12": {
            "month": "2018-12",
            "price": "26.73",
            "revenue": 424119
        },
        "2019-01": {
            "month": "2019-01",
            "price": "29.39",
            "revenue": 4651
        },
        "2019-02": {
            "month": "2019-02",
            "price": "31.02",
            "revenue": 58510
        },
        "2019-03": {
            "month": "2019-03",
            "price": "31.66",
            "revenue": 3434197
        },
        "2019-04": {
            "month": "2019-04",
            "price": "32.25",
            "revenue": 477885
        },
        "2019-05": {
            "month": "2019-05",
            "price": "30.70",
            "revenue": 733645
        },
        "2019-06": {
            "month": "2019-06",
            "price": "30.15",
            "revenue": 226233
        },
        "2019-07": {
            "month": "2019-07",
            "price": "29.67",
            "revenue": 227486
        },
        "2019-08": {
            "month": "2019-08",
            "price": "28.08",
            "revenue": 142613
        },
        "2019-09": {
            "month": "2019-09",
            "price": "27.78",
            "revenue": 594123
        },
        "2019-10": {
            "month": "2019-10",
            "price": "26.98",
            "revenue": 351170
        },
        "2019-11": {
            "month": "2019-11",
            "price": "28.47",
            "revenue": 87459
        },
        "2019-12": {
            "month": "2019-12",
            "price": "28.12",
            "revenue": 289511
        },
        "2020-01": {
            "month": "2020-01",
            "price": "28.32",
            "revenue": 134425
        },
        "2020-02": {
            "month": "2020-02",
            "price": "27.81",
            "revenue": 190843
        },
        "2020-03": {
            "month": "2020-03",
            "price": "25.26",
            "revenue": 1163114
        },
        "2020-04": {
            "month": "2020-04",
            "price": "27.86",
            "revenue": 101343
        },
        "2020-05": {
            "month": "2020-05",
            "price": "28.78",
            "revenue": 100971
        },
        "2020-06": {
            "month": "2020-06",
            "price": "31.22",
            "revenue": 28335
        },
        "2020-07": {
            "month": "2020-07",
            "price": "32.30",
            "revenue": 88128
        },
        "2020-08": {
            "month": "2020-08",
            "price": "27.98",
            "revenue": 118884
        },
        "2020-09": {
            "month": "2020-09",
            "price": "29.33",
            "revenue": 117950
        },
        "2020-10": {
            "month": "2020-10",
            "price": "29.53",
            "revenue": 8343
        },
        "2020-11": {
            "month": "2020-11",
            "price": "29.43",
            "revenue": 6019
        },
        "2020-12": {
            "month": "2020-12",
            "price": "30.41",
            "revenue": 44987
        },
        "2021-01": {
            "month": "2021-01",
            "price": "29.36",
            "revenue": 5240
        },
        "2021-02": {
            "month": "2021-02",
            "price": "29.27",
            "revenue": 5617
        },
        "2021-03": {
            "month": "2021-03",
            "price": "30.53",
            "revenue": 5455
        },
        "2021-04": {
            "month": "2021-04",
            "price": "31.92",
            "revenue": 13189
        },
        "2021-05": {
            "month": "2021-05",
            "price": "29.20",
            "revenue": 1636153
        },
        "2021-06": {
            "month": "2021-06",
            "price": "29.80",
            "revenue": 992520
        },
        "2021-07": {
            "month": "2021-07",
            "price": "30.30",
            "revenue": 526688
        },
        "2021-08": {
            "month": "2021-08",
            "price": "30.52",
            "revenue": 377233
        },
        "2021-09": {
            "month": "2021-09",
            "price": "31.64",
            "revenue": 2149093
        },
        "2021-10": {
            "month": "2021-10",
            "price": "31.28",
            "revenue": 304425
        },
        "2021-11": {
            "month": "2021-11",
            "price": "30.15",
            "revenue": 1326580
        },
        "2021-12": {
            "month": "2021-12",
            "price": "30.10",
            "revenue": 2736374
        },
        "2022-01": {
            "month": "2022-01",
            "price": "30.13",
            "revenue": 197879
        },
        "2022-02": {
            "month": "2022-02",
            "price": "30.45",
            "revenue": 107905
        },
        "2022-03": {
            "month": "2022-03",
            "price": "30.93",
            "revenue": 4084829
        },
        "2022-04": {
            "month": "2022-04",
            "price": "31.72",
            "revenue": 656565
        },
        "2022-05": {
            "month": "2022-05",
            "price": "30.57",
            "revenue": 259974
        },
        "2022-06": {
            "month": "2022-06",
            "price": "30.23",
            "revenue": 1590714
        },
        "2022-07": {
            "month": "2022-07",
            "price": "29.57",
            "revenue": 61937
        },
        "2022-08": {
            "month": "2022-08",
            "price": "27.55",
            "revenue": 106544
        },
        "2022-09": {
            "month": "2022-09",
            "price": "27.70",
            "revenue": 1300482
        },
        "2022-10": {
            "month": "2022-10",
            "price": "26.54",
            "revenue": 81154
        },
        "2022-11": {
            "month": "2022-11",
            "price": "27.67",
            "revenue": 57355
        },
        "2022-12": {
            "month": "2022-12",
            "price": "29.08",
            "revenue": 83143
        },
        "2023-01": {
            "month": "2023-01",
            "price": "30.25",
            "revenue": 26174
        },
        "2023-02": {
            "month": "2023-02",
            "price": "30.48",
            "revenue": 1666836
        },
        "2023-03": {
            "month": "2023-03",
            "price": "31.95",
            "revenue": 183093
        },
        "2023-04": {
            "month": "2023-04",
            "price": "32.00",
            "revenue": 87837
        },
        "2023-05": {
            "month": "2023-05",
            "price": "31.69",
            "revenue": 101713
        },
        "2023-06": {
            "month": "2023-06",
            "price": "31.72",
            "revenue": 133530
        },
        "2023-07": {
            "month": "2023-07",
            "price": "31.60",
            "revenue": 2950414
        },
        "2023-08": {
            "month": "2023-08",
            "price": "31.29",
            "revenue": 246750
        },
        "2023-09": {
            "month": "2023-09",
            "price": "31.18",
            "revenue": 96142
        },
        "2023-10": {
            "month": "2023-10",
            "price": "31.82",
            "revenue": 3047318
        },
        "2023-11": {
            "month": "2023-11",
            "price": "33.08",
            "revenue": 869191
        },
        "2023-12": {
            "month": "2023-12",
            "price": "34.46",
            "revenue": 6016736
        }
    }
}
