{
    "summary": {
        "stock_name": "亞通",
        "stock_id": "6179",
        "category": "其他",
        "main_business": "能源工程相關業務",
        "website_url": "http://www.ateenergy.com.tw",
        "ceo": "龔誠山",
        "pe_ratio": -114,
        "report_year_from": 2001,
        "report_year_to": 2023,
        "age": 23,
        "eps_negative_percentage": 30,
        "eps_growth_avg": {
            "last_all": -9.93,
            "last_2y": -59.57,
            "last_4y": -15.28,
            "last_8y": -4.1,
            "last_12y": -4.1,
            "last_16y": -14.51,
            "last_20y": -11.28,
            "at_2006_last_3y": -3.22,
            "at_2007_last_3y": -26.99,
            "at_2008_last_3y": -33.83,
            "at_2009_last_3y": -57.95,
            "at_2010_last_3y": -56.15,
            "at_2011_last_3y": -100,
            "at_2012_last_3y": null,
            "at_2013_last_3y": null,
            "at_2014_last_3y": null,
            "at_2015_last_3y": 100,
            "at_2016_last_3y": 55.5,
            "at_2017_last_3y": 26.19,
            "at_2018_last_3y": 7.09,
            "at_2019_last_3y": -28.4,
            "at_2020_last_3y": -6.15,
            "at_2021_last_3y": -2.83,
            "at_2022_last_3y": -15.28,
            "at_2023_last_3y": -6.38,
            "at_2024_last_3y": -6.38,
            "at_2006_last_all": -0.79,
            "at_2007_last_all": -2.71,
            "at_2008_last_all": -16.61,
            "at_2009_last_all": -16.61,
            "at_2010_last_all": -16.61,
            "at_2011_last_all": -16.61,
            "at_2012_last_all": -16.61,
            "at_2013_last_all": -16.61,
            "at_2014_last_all": -16.61,
            "at_2015_last_all": -2.03,
            "at_2016_last_all": -0.58,
            "at_2017_last_all": -3.77,
            "at_2018_last_all": -7.99,
            "at_2019_last_all": -10.82,
            "at_2020_last_all": -2.3,
            "at_2021_last_all": -3.5,
            "at_2022_last_all": -9.93,
            "at_2023_last_all": -9.93,
            "at_2024_last_all": -9.93
        },
        "latest_eps": -0.32,
        "latest_price": 36.45,
        "latest_roe": -1.86,
        "latest_gross_margin": 11.69,
        "latest_equity": 2001264,
        "latest_revenue": 889824,
        "latest_gross_profit": 104054,
        "latest_net_income": 30235,
        "latest_debt_ratio": 63.3,
        "latest_current_ratio": 167.04,
        "latest_account_receivable_turnover_ratio": 1.31,
        "latest_inventory_turnover_ratio": 77.1,
        "latest_reinvestment_rate": -25.54,
        "latest_research_to_sale_ratio": null
    },
    "eps_dividends": {
        "2001": {
            "cash": 0,
            "stock": 8.43,
            "eps": 2.24
        },
        "2002": {
            "cash": 1,
            "stock": 2,
            "eps": 2.44
        },
        "2003": {
            "cash": 0.5,
            "stock": 1,
            "eps": 4.46
        },
        "2004": {
            "cash": 1.5,
            "stock": 1.5,
            "eps": 1.22
        },
        "2005": {
            "cash": 0.8,
            "stock": 0.2,
            "eps": 1.69
        },
        "2006": {
            "cash": 1,
            "stock": 0.2,
            "eps": 0.65
        },
        "2007": {
            "cash": 0.5,
            "stock": 0.1,
            "eps": 0.57
        },
        "2008": {
            "cash": 0.5,
            "stock": 0,
            "eps": -2.14
        },
        "2009": {
            "cash": 0,
            "stock": 0,
            "eps": -1.24
        },
        "2010": {
            "cash": 0,
            "stock": 0,
            "eps": -0.81
        },
        "2011": {
            "cash": 0,
            "stock": 0,
            "eps": -0.75
        },
        "2012": {
            "cash": 0,
            "stock": 0,
            "eps": -1.92
        },
        "2013": {
            "cash": 0,
            "stock": 0,
            "eps": -3.95
        },
        "2014": {
            "cash": 0,
            "stock": 0,
            "eps": 1
        },
        "2015": {
            "cash": 0.2,
            "stock": 0,
            "eps": 3
        },
        "2016": {
            "cash": 2.6,
            "stock": 0,
            "eps": 3.33
        },
        "2017": {
            "cash": 2.88,
            "stock": 0,
            "eps": 2.25
        },
        "2018": {
            "cash": 2,
            "stock": 0,
            "eps": 1.12
        },
        "2019": {
            "cash": 1.5,
            "stock": 0,
            "eps": 0.65
        },
        "2020": {
            "cash": 1.5,
            "stock": 0,
            "eps": 2.35
        },
        "2021": {
            "cash": 1.88,
            "stock": 0,
            "eps": 1.9
        },
        "2022": {
            "cash": 1.5,
            "stock": 0,
            "eps": -0.91
        },
        "2023": {
            "cash": 0.5,
            "stock": 0,
            "eps": 0.83
        }
    },
    "dividends": {
        "2001-05-28": {
            "cash": 0,
            "stock": 8.43
        },
        "2002-04-08": {
            "cash": 1,
            "stock": 2
        },
        "2003-04-08": {
            "cash": 0.5,
            "stock": 1
        },
        "2004-02-19": {
            "cash": 1.5,
            "stock": 1.5
        },
        "2005-04-29": {
            "cash": 0.8,
            "stock": 0.2
        },
        "2006-04-27": {
            "cash": 1,
            "stock": 0.2
        },
        "2007-04-18": {
            "cash": 0.5,
            "stock": 0.1
        },
        "2008-04-29": {
            "cash": 0.5,
            "stock": 0
        },
        "2015-08-14": {
            "cash": 0.2,
            "stock": 0
        },
        "2016-08-11": {
            "cash": 2.6,
            "stock": 0
        },
        "2017-08-18": {
            "cash": 2.88,
            "stock": 0
        },
        "2018-08-01": {
            "cash": 2,
            "stock": 0
        },
        "2019-08-15": {
            "cash": 1.5,
            "stock": 0
        },
        "2020-08-06": {
            "cash": 1.5,
            "stock": 0
        },
        "2021-07-22": {
            "cash": 1.88,
            "stock": 0
        },
        "2022-07-20": {
            "cash": 1.5,
            "stock": 0
        },
        "2023-09-12": {
            "cash": 0.5,
            "stock": 0
        }
    },
    "prices": {
        "200101": "無",
        "200102": "無",
        "200103": "無",
        "200104": "無",
        "200105": "無",
        "200106": "無",
        "200107": "無",
        "200108": "無",
        "200109": "無",
        "200110": "無",
        "200111": "無",
        "200112": "無",
        "200201": "無",
        "200202": "無",
        "200203": "無",
        "200204": "無",
        "200205": "92.00",
        "200206": "88.28",
        "200207": "64.82",
        "200208": "49.67",
        "200209": "41.14",
        "200210": "37.65",
        "200211": "39.82",
        "200212": "40.38",
        "200301": "39.08",
        "200302": "31.12",
        "200303": "36.46",
        "200304": "43.80",
        "200305": "57.64",
        "200306": "59.82",
        "200307": "59.33",
        "200308": "64.45",
        "200309": "62.60",
        "200310": "53.98",
        "200311": "50.34",
        "200312": "50.78",
        "200401": "52.33",
        "200402": "59.68",
        "200403": "56.33",
        "200404": "52.94",
        "200405": "39.50",
        "200406": "28.54",
        "200407": "22.46",
        "200408": "21.66",
        "200409": "21.68",
        "200410": "18.74",
        "200411": "17.66",
        "200412": "17.48",
        "200501": "15.87",
        "200502": "16.67",
        "200503": "18.61",
        "200504": "16.18",
        "200505": "13.08",
        "200506": "14.53",
        "200507": "16.62",
        "200508": "14.32",
        "200509": "14.42",
        "200510": "14.05",
        "200511": "13.93",
        "200512": "15.50",
        "200601": "18.13",
        "200602": "20.40",
        "200603": "20.83",
        "200604": "20.85",
        "200605": "18.53",
        "200606": "16.30",
        "200607": "15.99",
        "200608": "15.50",
        "200609": "15.37",
        "200610": "17.26",
        "200611": "17.71",
        "200612": "20.52",
        "200701": "20.54",
        "200702": "19.30",
        "200703": "20.64",
        "200704": "21.26",
        "200705": "18.86",
        "200706": "19.78",
        "200707": "20.51",
        "200708": "16.75",
        "200709": "16.84",
        "200710": "18.17",
        "200711": "17.40",
        "200712": "15.37",
        "200801": "13.97",
        "200802": "12.53",
        "200803": "13.06",
        "200804": "13.43",
        "200805": "12.44",
        "200806": "10.61",
        "200807": "7.50",
        "200808": "7.47",
        "200809": "5.97",
        "200810": "5.33",
        "200811": "3.55",
        "200812": "3.00",
        "200901": "4.75",
        "200902": "5.95",
        "200903": "5.89",
        "200904": "6.82",
        "200905": "7.05",
        "200906": "6.56",
        "200907": "6.31",
        "200908": "6.55",
        "200909": "7.02",
        "200910": "10.33",
        "200911": "12.72",
        "200912": "14.07",
        "201001": "16.48",
        "201002": "14.09",
        "201003": "17.40",
        "201004": "16.21",
        "201005": "14.70",
        "201006": "13.85",
        "201007": "13.64",
        "201008": "13.61",
        "201009": "11.86",
        "201010": "12.35",
        "201011": "10.29",
        "201012": "11.59",
        "201101": "11.50",
        "201102": "10.80",
        "201103": "10.45",
        "201104": "10.29",
        "201105": "10.18",
        "201106": "11.96",
        "201107": "10.87",
        "201108": "9.81",
        "201109": "9.84",
        "201110": "9.97",
        "201111": "9.63",
        "201112": "9.42",
        "201201": "9.52",
        "201202": "10.20",
        "201203": "9.56",
        "201204": "9.04",
        "201205": "8.44",
        "201206": "8.73",
        "201207": "8.63",
        "201208": "8.37",
        "201209": "7.60",
        "201210": "7.33",
        "201211": "6.43",
        "201212": "6.22",
        "201301": "6.15",
        "201302": "6.92",
        "201303": "7.76",
        "201304": "7.12",
        "201305": "7.16",
        "201306": "7.78",
        "201307": "9.76",
        "201308": "12.11",
        "201309": "12.88",
        "201310": "12.61",
        "201311": "12.03",
        "201312": "11.50",
        "201401": "11.86",
        "201402": "16.77",
        "201403": "19.54",
        "201404": "20.10",
        "201405": "20.20",
        "201406": "19.64",
        "201407": "24.85",
        "201408": "28.00",
        "201409": "26.10",
        "201410": "30.87",
        "201411": "28.90",
        "201412": "36.34",
        "201501": "37.49",
        "201502": "37.88",
        "201503": "40.17",
        "201504": "42.90",
        "201505": "40.91",
        "201506": "39.00",
        "201507": "36.19",
        "201508": "36.31",
        "201509": "38.08",
        "201510": "38.13",
        "201511": "38.11",
        "201512": "36.40",
        "201601": "35.07",
        "201602": "36.74",
        "201603": "37.50",
        "201604": "37.89",
        "201605": "36.61",
        "201606": "35.59",
        "201607": "37.94",
        "201608": "47.11",
        "201609": "48.24",
        "201610": "51.38",
        "201611": "50.38",
        "201612": "49.20",
        "201701": "53.03",
        "201702": "52.50",
        "201703": "49.82",
        "201704": "50.31",
        "201705": "48.66",
        "201706": "49.83",
        "201707": "48.57",
        "201708": "45.66",
        "201709": "47.08",
        "201710": "48.24",
        "201711": "46.08",
        "201712": "44.70",
        "201801": "43.80",
        "201802": "42.30",
        "201803": "40.05",
        "201804": "39.17",
        "201805": "38.44",
        "201806": "38.19",
        "201807": "38.15",
        "201808": "37.85",
        "201809": "36.47",
        "201810": "34.09",
        "201811": "33.94",
        "201812": "34.11",
        "201901": "33.89",
        "201902": "33.67",
        "201903": "34.76",
        "201904": "34.95",
        "201905": "33.67",
        "201906": "33.78",
        "201907": "33.30",
        "201908": "33.09",
        "201909": "33.13",
        "201910": "32.86",
        "201911": "32.65",
        "201912": "32.35",
        "202001": "31.32",
        "202002": "30.07",
        "202003": "28.82",
        "202004": "28.85",
        "202005": "33.31",
        "202006": "34.39",
        "202007": "38.69",
        "202008": "40.10",
        "202009": "37.49",
        "202010": "32.89",
        "202011": "32.57",
        "202012": "33.01",
        "202101": "32.85",
        "202102": "32.60",
        "202103": "34.24",
        "202104": "37.61",
        "202105": "32.10",
        "202106": "32.68",
        "202107": "30.43",
        "202108": "28.90",
        "202109": "29.75",
        "202110": "29.99",
        "202111": "30.17",
        "202112": "31.41",
        "202201": "30.22",
        "202202": "29.42",
        "202203": "28.38",
        "202204": "31.00",
        "202205": "30.80",
        "202206": "29.75",
        "202207": "27.90",
        "202208": "27.46",
        "202209": "26.68",
        "202210": "26.06",
        "202211": "25.10",
        "202212": "23.77",
        "202301": "25.27",
        "202302": "27.33",
        "202303": "28.65",
        "202304": "31.29",
        "202305": "32.71",
        "202306": "33.69",
        "202307": "34.64",
        "202308": "29.34",
        "202309": "29.70",
        "202310": "28.85",
        "202311": "29.61",
        "202312": "30.09"
    },
    "quarters": {
        "20011": {
            "year_quarter": 20011,
            "year": 2001,
            "quarter": 1,
            "eps": null,
            "eps_growth_year": null,
            "eps_4q": null,
            "eps_4q_growth_year": null,
            "roe": null,
            "roe_4q": 0,
            "gross_profit": null,
            "gross_margin": null,
            "gross_margin_4q_avg": 0,
            "net_income": null,
            "net_income_4q": null,
            "revenue": null,
            "revenue_4q": null,
            "common_shares": null,
            "book_valuer_per_share": null,
            "book_valuer_per_share_4q_avg": 0,
            "equity": null,
            "current_ratio": null,
            "debt_ratio": null,
            "inventory_turnover_ratio": null,
            "account_receivable_turnover_ratio": null,
            "reinvestment_rate": null,
            "research_to_sale_ratio": null,
            "price_fair": 0,
            "eps_avg_yearly": 0,
            "eps_latest_yearly": 0,
            "eps_growth_yearly": 0
        },
        "20012": {
            "year_quarter": 20012,
            "year": 2001,
            "quarter": 2,
            "eps": null,
            "eps_growth_year": null,
            "eps_4q": null,
            "eps_4q_growth_year": null,
            "roe": null,
            "roe_4q": 0,
            "gross_profit": null,
            "gross_margin": null,
            "gross_margin_4q_avg": 0,
            "net_income": null,
            "net_income_4q": null,
            "revenue": null,
            "revenue_4q": null,
            "common_shares": null,
            "book_valuer_per_share": null,
            "book_valuer_per_share_4q_avg": 0,
            "equity": null,
            "current_ratio": null,
            "debt_ratio": null,
            "inventory_turnover_ratio": null,
            "account_receivable_turnover_ratio": null,
            "reinvestment_rate": null,
            "research_to_sale_ratio": null,
            "price_fair": 0,
            "eps_avg_yearly": 0,
            "eps_latest_yearly": 0,
            "eps_growth_yearly": 0
        },
        "20013": {
            "year_quarter": 20013,
            "year": 2001,
            "quarter": 3,
            "eps": 1.22,
            "eps_growth_year": null,
            "eps_4q": null,
            "eps_4q_growth_year": null,
            "roe": 8.77,
            "roe_4q": 8.77,
            "gross_profit": 74722,
            "gross_margin": 56.08,
            "gross_margin_4q_avg": 18.69,
            "net_income": 40141,
            "net_income_4q": null,
            "revenue": 133253,
            "revenue_4q": null,
            "common_shares": 327930,
            "book_valuer_per_share": 13.96,
            "book_valuer_per_share_4q_avg": 4.65,
            "equity": 457793,
            "current_ratio": 263.89,
            "debt_ratio": 23.24,
            "inventory_turnover_ratio": 0.7,
            "account_receivable_turnover_ratio": null,
            "reinvestment_rate": null,
            "research_to_sale_ratio": null,
            "price_fair": 0,
            "eps_avg_yearly": 0,
            "eps_latest_yearly": 0,
            "eps_growth_yearly": 0
        },
        "20014": {
            "year_quarter": 20014,
            "year": 2001,
            "quarter": 4,
            "eps": 1.02,
            "eps_growth_year": null,
            "eps_4q": null,
            "eps_4q_growth_year": null,
            "roe": 6.76,
            "roe_4q": 15.53,
            "gross_profit": 55802,
            "gross_margin": 58.3,
            "gross_margin_4q_avg": 28.6,
            "net_income": 33360,
            "net_income_4q": null,
            "revenue": 95712,
            "revenue_4q": null,
            "common_shares": 327930,
            "book_valuer_per_share": 16.13,
            "book_valuer_per_share_4q_avg": 7.52,
            "equity": 529067,
            "current_ratio": 294.62,
            "debt_ratio": 21.9,
            "inventory_turnover_ratio": 0.48,
            "account_receivable_turnover_ratio": null,
            "reinvestment_rate": null,
            "research_to_sale_ratio": null,
            "price_fair": 0,
            "eps_avg_yearly": 0,
            "eps_latest_yearly": 0,
            "eps_growth_yearly": 0
        },
        "20021": {
            "year_quarter": 20021,
            "year": 2002,
            "quarter": 1,
            "eps": 0.41,
            "eps_growth_year": null,
            "eps_4q": null,
            "eps_4q_growth_year": null,
            "roe": 2.66,
            "roe_4q": 18.189999999999998,
            "gross_profit": 49273,
            "gross_margin": 57.95,
            "gross_margin_4q_avg": 43.08,
            "net_income": 14315,
            "net_income_4q": null,
            "revenue": 85032,
            "revenue_4q": null,
            "common_shares": 347930,
            "book_valuer_per_share": 15.68,
            "book_valuer_per_share_4q_avg": 11.44,
            "equity": 545497,
            "current_ratio": 342.51,
            "debt_ratio": 17.99,
            "inventory_turnover_ratio": 0.4,
            "account_receivable_turnover_ratio": null,
            "reinvestment_rate": null,
            "research_to_sale_ratio": null,
            "price_fair": 4.92,
            "eps_avg_yearly": 1.64,
            "eps_latest_yearly": 1.64,
            "eps_growth_yearly": -239.22
        },
        "20022": {
            "year_quarter": 20022,
            "year": 2002,
            "quarter": 2,
            "eps": 0.7,
            "eps_growth_year": null,
            "eps_4q": 3.21,
            "eps_4q_growth_year": null,
            "roe": 4.54,
            "roe_4q": 22.73,
            "gross_profit": 88284,
            "gross_margin": 61.35,
            "gross_margin_4q_avg": 58.42,
            "net_income": 24449,
            "net_income_4q": null,
            "revenue": 143907,
            "revenue_4q": null,
            "common_shares": 347930,
            "book_valuer_per_share": 15.27,
            "book_valuer_per_share_4q_avg": 15.26,
            "equity": 531371,
            "current_ratio": 258.2,
            "debt_ratio": 25.17,
            "inventory_turnover_ratio": 0.57,
            "account_receivable_turnover_ratio": null,
            "reinvestment_rate": null,
            "research_to_sale_ratio": null,
            "price_fair": 70.72,
            "eps_avg_yearly": 2.22,
            "eps_latest_yearly": 2.8,
            "eps_growth_yearly": 21.86
        },
        "20023": {
            "year_quarter": 20023,
            "year": 2002,
            "quarter": 3,
            "eps": 0.78,
            "eps_growth_year": -36.07,
            "eps_4q": 2.45,
            "eps_4q_growth_year": null,
            "roe": 6.14,
            "roe_4q": 20.1,
            "gross_profit": 74464,
            "gross_margin": 56.76,
            "gross_margin_4q_avg": 58.59,
            "net_income": 33664,
            "net_income_4q": null,
            "revenue": 131191,
            "revenue_4q": null,
            "common_shares": 429400,
            "book_valuer_per_share": 13.16,
            "book_valuer_per_share_4q_avg": 15.06,
            "equity": 565082,
            "current_ratio": 301.35,
            "debt_ratio": 21.9,
            "inventory_turnover_ratio": 0.52,
            "account_receivable_turnover_ratio": null,
            "reinvestment_rate": null,
            "research_to_sale_ratio": null,
            "price_fair": 88.2,
            "eps_avg_yearly": 2.52,
            "eps_latest_yearly": 3.12,
            "eps_growth_yearly": 29.81
        },
        "20024": {
            "year_quarter": 20024,
            "year": 2002,
            "quarter": 4,
            "eps": 0.55,
            "eps_growth_year": -46.08,
            "eps_4q": 2.25,
            "eps_4q_growth_year": null,
            "roe": 4.06,
            "roe_4q": 17.4,
            "gross_profit": 91145,
            "gross_margin": 61.08,
            "gross_margin_4q_avg": 59.29,
            "net_income": 23415,
            "net_income_4q": null,
            "revenue": 149230,
            "revenue_4q": null,
            "common_shares": 429400,
            "book_valuer_per_share": 13.71,
            "book_valuer_per_share_4q_avg": 14.46,
            "equity": 588528,
            "current_ratio": 342.8,
            "debt_ratio": 20.03,
            "inventory_turnover_ratio": 0.56,
            "account_receivable_turnover_ratio": null,
            "reinvestment_rate": null,
            "research_to_sale_ratio": null,
            "price_fair": 7.32,
            "eps_avg_yearly": 2.44,
            "eps_latest_yearly": 2.2,
            "eps_growth_yearly": -7.13
        },
        "20031": {
            "year_quarter": 20031,
            "year": 2003,
            "quarter": 1,
            "eps": 1.21,
            "eps_growth_year": 195.12,
            "eps_4q": 3.11,
            "eps_4q_growth_year": null,
            "roe": 8.47,
            "roe_4q": 23.21,
            "gross_profit": 106061,
            "gross_margin": 52.31,
            "gross_margin_4q_avg": 57.88,
            "net_income": 52057,
            "net_income_4q": null,
            "revenue": 202749,
            "revenue_4q": null,
            "common_shares": 429400,
            "book_valuer_per_share": 14.92,
            "book_valuer_per_share_4q_avg": 14.27,
            "equity": 640667,
            "current_ratio": 307.14,
            "debt_ratio": 23.64,
            "inventory_turnover_ratio": 1.17,
            "account_receivable_turnover_ratio": null,
            "reinvestment_rate": null,
            "research_to_sale_ratio": null,
            "price_fair": 102.2,
            "eps_avg_yearly": 2.92,
            "eps_latest_yearly": 4.84,
            "eps_growth_yearly": 90.3
        },
        "20032": {
            "year_quarter": 20032,
            "year": 2003,
            "quarter": 2,
            "eps": 1.62,
            "eps_growth_year": 131.43,
            "eps_4q": 3.9,
            "eps_4q_growth_year": 21.19,
            "roe": 11.64,
            "roe_4q": 30.31,
            "gross_profit": 108877,
            "gross_margin": 56.04,
            "gross_margin_4q_avg": 56.55,
            "net_income": 77700,
            "net_income_4q": null,
            "revenue": 194298,
            "revenue_4q": null,
            "common_shares": 480000,
            "book_valuer_per_share": 14.47,
            "book_valuer_per_share_4q_avg": 14.07,
            "equity": 694663,
            "current_ratio": 313.87,
            "debt_ratio": 22.69,
            "inventory_turnover_ratio": 0.99,
            "account_receivable_turnover_ratio": null,
            "reinvestment_rate": null,
            "research_to_sale_ratio": null,
            "price_fair": 122.97,
            "eps_avg_yearly": 3.51,
            "eps_latest_yearly": 6.48,
            "eps_growth_yearly": 97.84
        },
        "20033": {
            "year_quarter": 20033,
            "year": 2003,
            "quarter": 3,
            "eps": 0.93,
            "eps_growth_year": 19.23,
            "eps_4q": 4.11,
            "eps_4q_growth_year": 67.67,
            "roe": 6.25,
            "roe_4q": 30.419999999999998,
            "gross_profit": 108686,
            "gross_margin": 52.36,
            "gross_margin_4q_avg": 55.45,
            "net_income": 44799,
            "net_income_4q": null,
            "revenue": 207584,
            "revenue_4q": null,
            "common_shares": 480000,
            "book_valuer_per_share": 15.4,
            "book_valuer_per_share_4q_avg": 14.63,
            "equity": 739228,
            "current_ratio": 386.55,
            "debt_ratio": 18.48,
            "inventory_turnover_ratio": 1.14,
            "account_receivable_turnover_ratio": null,
            "reinvestment_rate": null,
            "research_to_sale_ratio": null,
            "price_fair": 124,
            "eps_avg_yearly": 3.54,
            "eps_latest_yearly": 3.72,
            "eps_growth_yearly": 59.52
        },
        "20034": {
            "year_quarter": 20034,
            "year": 2003,
            "quarter": 4,
            "eps": 0.7,
            "eps_growth_year": 27.27,
            "eps_4q": 4.34,
            "eps_4q_growth_year": 92.93,
            "roe": 4.44,
            "roe_4q": 30.800000000000004,
            "gross_profit": 69903,
            "gross_margin": 46.88,
            "gross_margin_4q_avg": 51.9,
            "net_income": 33538,
            "net_income_4q": null,
            "revenue": 149101,
            "revenue_4q": null,
            "common_shares": 480000,
            "book_valuer_per_share": 16.09,
            "book_valuer_per_share_4q_avg": 15.22,
            "equity": 772384,
            "current_ratio": 390.28,
            "debt_ratio": 18.27,
            "inventory_turnover_ratio": 0.89,
            "account_receivable_turnover_ratio": null,
            "reinvestment_rate": null,
            "research_to_sale_ratio": null,
            "price_fair": 120.75,
            "eps_avg_yearly": 3.45,
            "eps_latest_yearly": 2.8,
            "eps_growth_yearly": 39.71
        },
        "20041": {
            "year_quarter": 20041,
            "year": 2004,
            "quarter": 1,
            "eps": 0.78,
            "eps_growth_year": -35.54,
            "eps_4q": 4.05,
            "eps_4q_growth_year": 30.48,
            "roe": 4.71,
            "roe_4q": 27.04,
            "gross_profit": 104786,
            "gross_margin": 44.63,
            "gross_margin_4q_avg": 49.98,
            "net_income": 37205,
            "net_income_4q": null,
            "revenue": 234808,
            "revenue_4q": null,
            "common_shares": 480000,
            "book_valuer_per_share": 16.81,
            "book_valuer_per_share_4q_avg": 15.69,
            "equity": 806957,
            "current_ratio": 290.71,
            "debt_ratio": 22.57,
            "inventory_turnover_ratio": 1.29,
            "account_receivable_turnover_ratio": null,
            "reinvestment_rate": null,
            "research_to_sale_ratio": null,
            "price_fair": 119.47,
            "eps_avg_yearly": 3.41,
            "eps_latest_yearly": 3.12,
            "eps_growth_yearly": 40.38
        },
        "20042": {
            "year_quarter": 20042,
            "year": 2004,
            "quarter": 2,
            "eps": 0.77,
            "eps_growth_year": -52.47,
            "eps_4q": 2.77,
            "eps_4q_growth_year": -28.8,
            "roe": 5.61,
            "roe_4q": 21.01,
            "gross_profit": 103394,
            "gross_margin": 40.44,
            "gross_margin_4q_avg": 46.08,
            "net_income": 44406,
            "net_income_4q": null,
            "revenue": 255646,
            "revenue_4q": null,
            "common_shares": 578000,
            "book_valuer_per_share": 13.43,
            "book_valuer_per_share_4q_avg": 15.43,
            "equity": 776196,
            "current_ratio": 238.73,
            "debt_ratio": 27.26,
            "inventory_turnover_ratio": 1.36,
            "account_receivable_turnover_ratio": null,
            "reinvestment_rate": null,
            "research_to_sale_ratio": null,
            "price_fair": 118.3,
            "eps_avg_yearly": 3.38,
            "eps_latest_yearly": 3.08,
            "eps_growth_yearly": 35.83
        },
        "20043": {
            "year_quarter": 20043,
            "year": 2004,
            "quarter": 3,
            "eps": 0.02,
            "eps_growth_year": -97.85,
            "eps_4q": 1.91,
            "eps_4q_growth_year": -53.54,
            "roe": 0.16,
            "roe_4q": 14.920000000000002,
            "gross_profit": 74099,
            "gross_margin": 43.38,
            "gross_margin_4q_avg": 43.83,
            "net_income": 1219,
            "net_income_4q": null,
            "revenue": 170818,
            "revenue_4q": null,
            "common_shares": 578000,
            "book_valuer_per_share": 13.46,
            "book_valuer_per_share_4q_avg": 14.95,
            "equity": 778025,
            "current_ratio": 352.7,
            "debt_ratio": 17.43,
            "inventory_turnover_ratio": 0.79,
            "account_receivable_turnover_ratio": null,
            "reinvestment_rate": null,
            "research_to_sale_ratio": null,
            "price_fair": 9.24,
            "eps_avg_yearly": 3.08,
            "eps_latest_yearly": 0.08,
            "eps_growth_yearly": -2.85
        },
        "20044": {
            "year_quarter": 20044,
            "year": 2004,
            "quarter": 4,
            "eps": -0.35,
            "eps_growth_year": -150,
            "eps_4q": 1.08,
            "eps_4q_growth_year": -75.13,
            "roe": -2.66,
            "roe_4q": 7.82,
            "gross_profit": 71914,
            "gross_margin": 41.1,
            "gross_margin_4q_avg": 42.39,
            "net_income": -20337,
            "net_income_4q": null,
            "revenue": 174962,
            "revenue_4q": null,
            "common_shares": 578000,
            "book_valuer_per_share": 12.95,
            "book_valuer_per_share_4q_avg": 14.16,
            "equity": 748468,
            "current_ratio": 358.84,
            "debt_ratio": 19.7,
            "inventory_turnover_ratio": 0.88,
            "account_receivable_turnover_ratio": null,
            "reinvestment_rate": null,
            "research_to_sale_ratio": null,
            "price_fair": 9.24,
            "eps_avg_yearly": 3.08,
            "eps_latest_yearly": 0.08,
            "eps_growth_yearly": -2.85
        },
        "20051": {
            "year_quarter": 20051,
            "year": 2005,
            "quarter": 1,
            "eps": -0.71,
            "eps_growth_year": -191.03,
            "eps_4q": -0.27,
            "eps_4q_growth_year": -106.68,
            "roe": -5.62,
            "roe_4q": -2.5100000000000007,
            "gross_profit": 63959,
            "gross_margin": 33.96,
            "gross_margin_4q_avg": 39.72,
            "net_income": -40861,
            "net_income_4q": null,
            "revenue": 188344,
            "revenue_4q": null,
            "common_shares": 578000,
            "book_valuer_per_share": 12.22,
            "book_valuer_per_share_4q_avg": 13.02,
            "equity": 706214,
            "current_ratio": 204.61,
            "debt_ratio": 23.17,
            "inventory_turnover_ratio": 1.26,
            "account_receivable_turnover_ratio": null,
            "reinvestment_rate": null,
            "research_to_sale_ratio": null,
            "price_fair": 9.24,
            "eps_avg_yearly": 3.08,
            "eps_latest_yearly": 0.08,
            "eps_growth_yearly": -2.85
        },
        "20052": {
            "year_quarter": 20052,
            "year": 2005,
            "quarter": 2,
            "eps": 1.01,
            "eps_growth_year": 31.17,
            "eps_4q": -0.03,
            "eps_4q_growth_year": -101.03,
            "roe": 8.2,
            "roe_4q": 0.07999999999999904,
            "gross_profit": 80711,
            "gross_margin": 37.22,
            "gross_margin_4q_avg": 38.92,
            "net_income": 58325,
            "net_income_4q": null,
            "revenue": 216855,
            "revenue_4q": null,
            "common_shares": 578000,
            "book_valuer_per_share": 12.4,
            "book_valuer_per_share_4q_avg": 12.76,
            "equity": 716886,
            "current_ratio": 198.6,
            "debt_ratio": 22.31,
            "inventory_turnover_ratio": 1.51,
            "account_receivable_turnover_ratio": null,
            "reinvestment_rate": 40.99,
            "research_to_sale_ratio": null,
            "price_fair": 9.24,
            "eps_avg_yearly": 3.08,
            "eps_latest_yearly": 0.08,
            "eps_growth_yearly": -2.85
        },
        "20053": {
            "year_quarter": 20053,
            "year": 2005,
            "quarter": 3,
            "eps": 0.59,
            "eps_growth_year": 2850,
            "eps_4q": 0.54,
            "eps_4q_growth_year": -71.6,
            "roe": 4.77,
            "roe_4q": 4.689999999999999,
            "gross_profit": 87283,
            "gross_margin": 41.88,
            "gross_margin_4q_avg": 38.54,
            "net_income": 35469,
            "net_income_4q": null,
            "revenue": 208398,
            "revenue_4q": null,
            "common_shares": 597000,
            "book_valuer_per_share": 12.91,
            "book_valuer_per_share_4q_avg": 12.62,
            "equity": 770974,
            "current_ratio": 125.05,
            "debt_ratio": 30.92,
            "inventory_turnover_ratio": 1.32,
            "account_receivable_turnover_ratio": null,
            "reinvestment_rate": -0.83,
            "research_to_sale_ratio": null,
            "price_fair": 9.06,
            "eps_avg_yearly": 3.02,
            "eps_latest_yearly": 2.36,
            "eps_growth_yearly": -16.47
        },
        "20054": {
            "year_quarter": 20054,
            "year": 2005,
            "quarter": 4,
            "eps": 0.8,
            "eps_growth_year": null,
            "eps_4q": 1.69,
            "eps_4q_growth_year": 56.38,
            "roe": 6.01,
            "roe_4q": 13.359999999999996,
            "gross_profit": 104449,
            "gross_margin": 44.34,
            "gross_margin_4q_avg": 39.35,
            "net_income": 47641,
            "net_income_4q": null,
            "revenue": 235553,
            "revenue_4q": null,
            "common_shares": 597000,
            "book_valuer_per_share": 13.65,
            "book_valuer_per_share_4q_avg": 12.8,
            "equity": 814648,
            "current_ratio": 267.24,
            "debt_ratio": 23.83,
            "inventory_turnover_ratio": 1.22,
            "account_receivable_turnover_ratio": null,
            "reinvestment_rate": 26.82,
            "research_to_sale_ratio": null,
            "price_fair": 9.1,
            "eps_avg_yearly": 3.03,
            "eps_latest_yearly": 3.2,
            "eps_growth_yearly": -4.25
        },
        "20061": {
            "year_quarter": 20061,
            "year": 2006,
            "quarter": 1,
            "eps": 0.57,
            "eps_growth_year": null,
            "eps_4q": 2.94,
            "eps_4q_growth_year": null,
            "roe": 4.1,
            "roe_4q": 23.08,
            "gross_profit": 99811,
            "gross_margin": 41.64,
            "gross_margin_4q_avg": 41.27,
            "net_income": 34028,
            "net_income_4q": null,
            "revenue": 239715,
            "revenue_4q": null,
            "common_shares": 597000,
            "book_valuer_per_share": 14.15,
            "book_valuer_per_share_4q_avg": 13.28,
            "equity": 844692,
            "current_ratio": 167.42,
            "debt_ratio": 24.91,
            "inventory_turnover_ratio": 1.13,
            "account_receivable_turnover_ratio": null,
            "reinvestment_rate": -2.22,
            "research_to_sale_ratio": null,
            "price_fair": 47.18,
            "eps_avg_yearly": 3.08,
            "eps_latest_yearly": 2.28,
            "eps_growth_yearly": 5.3
        },
        "20062": {
            "year_quarter": 20062,
            "year": 2006,
            "quarter": 2,
            "eps": 0.51,
            "eps_growth_year": -49.5,
            "eps_4q": 2.4,
            "eps_4q_growth_year": null,
            "roe": 3.81,
            "roe_4q": 18.689999999999998,
            "gross_profit": 86065,
            "gross_margin": 40.84,
            "gross_margin_4q_avg": 42.18,
            "net_income": 31604,
            "net_income_4q": null,
            "revenue": 210748,
            "revenue_4q": null,
            "common_shares": 597000,
            "book_valuer_per_share": 13.61,
            "book_valuer_per_share_4q_avg": 13.58,
            "equity": 812810,
            "current_ratio": 132.79,
            "debt_ratio": 29.48,
            "inventory_turnover_ratio": 1.03,
            "account_receivable_turnover_ratio": null,
            "reinvestment_rate": -3.7,
            "research_to_sale_ratio": null,
            "price_fair": 9.07,
            "eps_avg_yearly": 3.02,
            "eps_latest_yearly": 2.04,
            "eps_growth_yearly": -19.7
        },
        "20063": {
            "year_quarter": 20063,
            "year": 2006,
            "quarter": 3,
            "eps": 0.23,
            "eps_growth_year": -61.02,
            "eps_4q": 2.06,
            "eps_4q_growth_year": 279.8,
            "roe": 1.73,
            "roe_4q": 15.65,
            "gross_profit": 70393,
            "gross_margin": 38.71,
            "gross_margin_4q_avg": 41.38,
            "net_income": 14242,
            "net_income_4q": null,
            "revenue": 181831,
            "revenue_4q": null,
            "common_shares": 617000,
            "book_valuer_per_share": 13.57,
            "book_valuer_per_share_4q_avg": 13.75,
            "equity": 837247,
            "current_ratio": 152.4,
            "debt_ratio": 22.1,
            "inventory_turnover_ratio": 0.99,
            "account_receivable_turnover_ratio": null,
            "reinvestment_rate": -4.72,
            "research_to_sale_ratio": null,
            "price_fair": 8.57,
            "eps_avg_yearly": 2.86,
            "eps_latest_yearly": 0.92,
            "eps_growth_yearly": -40.11
        },
        "20064": {
            "year_quarter": 20064,
            "year": 2006,
            "quarter": 4,
            "eps": -0.66,
            "eps_growth_year": -182.5,
            "eps_4q": 0.62,
            "eps_4q_growth_year": -63.29,
            "roe": -4.7,
            "roe_4q": 4.9399999999999995,
            "gross_profit": 53445,
            "gross_margin": 39.96,
            "gross_margin_4q_avg": 40.29,
            "net_income": -41347,
            "net_income_4q": null,
            "revenue": 133758,
            "revenue_4q": null,
            "common_shares": 717000,
            "book_valuer_per_share": 12.85,
            "book_valuer_per_share_4q_avg": 13.55,
            "equity": 921105,
            "current_ratio": 542.61,
            "debt_ratio": 12.11,
            "inventory_turnover_ratio": 0.71,
            "account_receivable_turnover_ratio": null,
            "reinvestment_rate": 27.93,
            "research_to_sale_ratio": null,
            "price_fair": 8.73,
            "eps_avg_yearly": 2.91,
            "eps_latest_yearly": 0.92,
            "eps_growth_yearly": -33.62
        },
        "20071": {
            "year_quarter": 20071,
            "year": 2007,
            "quarter": 1,
            "eps": 0.07,
            "eps_growth_year": -87.72,
            "eps_4q": 0.13,
            "eps_4q_growth_year": -95.51,
            "roe": 0.55,
            "roe_4q": 1.3899999999999997,
            "gross_profit": 67269,
            "gross_margin": 38.13,
            "gross_margin_4q_avg": 39.41,
            "net_income": 5088,
            "net_income_4q": null,
            "revenue": 176408,
            "revenue_4q": null,
            "common_shares": 717000,
            "book_valuer_per_share": 13.01,
            "book_valuer_per_share_4q_avg": 13.26,
            "equity": 932794,
            "current_ratio": 232.3,
            "debt_ratio": 18.88,
            "inventory_turnover_ratio": 1,
            "account_receivable_turnover_ratio": null,
            "reinvestment_rate": -3.79,
            "research_to_sale_ratio": null,
            "price_fair": 8.2,
            "eps_avg_yearly": 2.73,
            "eps_latest_yearly": 0.92,
            "eps_growth_yearly": -80.31
        },
        "20072": {
            "year_quarter": 20072,
            "year": 2007,
            "quarter": 2,
            "eps": -0.17,
            "eps_growth_year": -133.33,
            "eps_4q": -0.48,
            "eps_4q_growth_year": -119.93,
            "roe": -1.35,
            "roe_4q": -3.77,
            "gross_profit": 57376,
            "gross_margin": 32.54,
            "gross_margin_4q_avg": 37.34,
            "net_income": -12277,
            "net_income_4q": null,
            "revenue": 176300,
            "revenue_4q": null,
            "common_shares": 717000,
            "book_valuer_per_share": 12.36,
            "book_valuer_per_share_4q_avg": 12.95,
            "equity": 886036,
            "current_ratio": 156.16,
            "debt_ratio": 28.03,
            "inventory_turnover_ratio": 0.97,
            "account_receivable_turnover_ratio": null,
            "reinvestment_rate": 0.37,
            "research_to_sale_ratio": null,
            "price_fair": 7.08,
            "eps_avg_yearly": 2.36,
            "eps_latest_yearly": 0.92,
            "eps_growth_yearly": -101.9
        },
        "20073": {
            "year_quarter": 20073,
            "year": 2007,
            "quarter": 3,
            "eps": 0.43,
            "eps_growth_year": 86.96,
            "eps_4q": -0.24,
            "eps_4q_growth_year": -111.55,
            "roe": 3.49,
            "roe_4q": -2.01,
            "gross_profit": 85234,
            "gross_margin": 36.02,
            "gross_margin_4q_avg": 36.66,
            "net_income": 31254,
            "net_income_4q": null,
            "revenue": 236650,
            "revenue_4q": null,
            "common_shares": 729120,
            "book_valuer_per_share": 12.41,
            "book_valuer_per_share_4q_avg": 12.66,
            "equity": 904942,
            "current_ratio": 237.91,
            "debt_ratio": 28.51,
            "inventory_turnover_ratio": 0.91,
            "account_receivable_turnover_ratio": null,
            "reinvestment_rate": -19.23,
            "research_to_sale_ratio": null,
            "price_fair": 6.63,
            "eps_avg_yearly": 2.21,
            "eps_latest_yearly": 0.92,
            "eps_growth_yearly": -94.29
        },
        "20074": {
            "year_quarter": 20074,
            "year": 2007,
            "quarter": 4,
            "eps": 0.24,
            "eps_growth_year": null,
            "eps_4q": 0.57,
            "eps_4q_growth_year": -7.33,
            "roe": 1.97,
            "roe_4q": 4.659999999999999,
            "gross_profit": 72774,
            "gross_margin": 33.73,
            "gross_margin_4q_avg": 35.11,
            "net_income": 17265,
            "net_income_4q": null,
            "revenue": 215752,
            "revenue_4q": null,
            "common_shares": 729120,
            "book_valuer_per_share": 11.64,
            "book_valuer_per_share_4q_avg": 12.36,
            "equity": 848557,
            "current_ratio": 256.95,
            "debt_ratio": 25.73,
            "inventory_turnover_ratio": 0.76,
            "account_receivable_turnover_ratio": null,
            "reinvestment_rate": 1.56,
            "research_to_sale_ratio": null,
            "price_fair": 6.01,
            "eps_avg_yearly": 2,
            "eps_latest_yearly": 0.96,
            "eps_growth_yearly": -102.94
        },
        "20081": {
            "year_quarter": 20081,
            "year": 2008,
            "quarter": 1,
            "eps": -0.68,
            "eps_growth_year": -1071.43,
            "eps_4q": -0.15,
            "eps_4q_growth_year": -213.53,
            "roe": -5.67,
            "roe_4q": -1.56,
            "gross_profit": 32842,
            "gross_margin": 22.93,
            "gross_margin_4q_avg": 31.31,
            "net_income": -46477,
            "net_income_4q": null,
            "revenue": 143258,
            "revenue_4q": null,
            "common_shares": 729120,
            "book_valuer_per_share": 10.83,
            "book_valuer_per_share_4q_avg": 11.81,
            "equity": 789770,
            "current_ratio": 267.85,
            "debt_ratio": 23.68,
            "inventory_turnover_ratio": 0.58,
            "account_receivable_turnover_ratio": null,
            "reinvestment_rate": -1.71,
            "research_to_sale_ratio": null,
            "price_fair": 5.6,
            "eps_avg_yearly": 1.87,
            "eps_latest_yearly": 0.96,
            "eps_growth_yearly": -121.52
        },
        "20082": {
            "year_quarter": 20082,
            "year": 2008,
            "quarter": 2,
            "eps": -0.44,
            "eps_growth_year": null,
            "eps_4q": -0.39,
            "eps_4q_growth_year": null,
            "roe": -4.02,
            "roe_4q": -4.2299999999999995,
            "gross_profit": 34718,
            "gross_margin": 27.66,
            "gross_margin_4q_avg": 30.09,
            "net_income": -30236,
            "net_income_4q": null,
            "revenue": 125505,
            "revenue_4q": null,
            "common_shares": 729120,
            "book_valuer_per_share": 9.81,
            "book_valuer_per_share_4q_avg": 11.17,
            "equity": 715168,
            "current_ratio": 226.66,
            "debt_ratio": 27.85,
            "inventory_turnover_ratio": 0.45,
            "account_receivable_turnover_ratio": null,
            "reinvestment_rate": -2.02,
            "research_to_sale_ratio": null,
            "price_fair": 5.07,
            "eps_avg_yearly": 1.69,
            "eps_latest_yearly": 0.96,
            "eps_growth_yearly": -138.15
        },
        "20083": {
            "year_quarter": 20083,
            "year": 2008,
            "quarter": 3,
            "eps": -0.55,
            "eps_growth_year": -227.91,
            "eps_4q": -1.33,
            "eps_4q_growth_year": null,
            "roe": -5.29,
            "roe_4q": -13.009999999999998,
            "gross_profit": 26488,
            "gross_margin": 24.5,
            "gross_margin_4q_avg": 27.21,
            "net_income": -37352,
            "net_income_4q": null,
            "revenue": 108112,
            "revenue_4q": null,
            "common_shares": 729120,
            "book_valuer_per_share": 9.56,
            "book_valuer_per_share_4q_avg": 10.46,
            "equity": 697089,
            "current_ratio": 252.43,
            "debt_ratio": 23.54,
            "inventory_turnover_ratio": 0.4,
            "account_receivable_turnover_ratio": null,
            "reinvestment_rate": 9.86,
            "research_to_sale_ratio": null,
            "price_fair": 5.88,
            "eps_avg_yearly": 1.96,
            "eps_latest_yearly": 0.96,
            "eps_growth_yearly": -96.24
        },
        "20084": {
            "year_quarter": 20084,
            "year": 2008,
            "quarter": 4,
            "eps": -0.47,
            "eps_growth_year": -295.83,
            "eps_4q": -2.15,
            "eps_4q_growth_year": -474.22,
            "roe": -4.71,
            "roe_4q": -19.689999999999998,
            "gross_profit": 30615,
            "gross_margin": 27.8,
            "gross_margin_4q_avg": 25.72,
            "net_income": -32181,
            "net_income_4q": null,
            "revenue": 110135,
            "revenue_4q": null,
            "common_shares": 729120,
            "book_valuer_per_share": 9.17,
            "book_valuer_per_share_4q_avg": 9.84,
            "equity": 668791,
            "current_ratio": 309.87,
            "debt_ratio": 18.19,
            "inventory_turnover_ratio": 0.42,
            "account_receivable_turnover_ratio": 2.22,
            "reinvestment_rate": -6.95,
            "research_to_sale_ratio": null,
            "price_fair": 5.88,
            "eps_avg_yearly": 1.96,
            "eps_latest_yearly": 0.96,
            "eps_growth_yearly": -96.24
        },
        "20091": {
            "year_quarter": 20091,
            "year": 2009,
            "quarter": 1,
            "eps": -0.26,
            "eps_growth_year": null,
            "eps_4q": -1.61,
            "eps_4q_growth_year": null,
            "roe": -2.68,
            "roe_4q": -16.7,
            "gross_profit": 29203,
            "gross_margin": 35.35,
            "gross_margin_4q_avg": 28.83,
            "net_income": -17740,
            "net_income_4q": null,
            "revenue": 82607,
            "revenue_4q": null,
            "common_shares": 729120,
            "book_valuer_per_share": 9.01,
            "book_valuer_per_share_4q_avg": 9.39,
            "equity": 657173,
            "current_ratio": 447.45,
            "debt_ratio": 14.55,
            "inventory_turnover_ratio": 0.27,
            "account_receivable_turnover_ratio": 0.94,
            "reinvestment_rate": 43.6,
            "research_to_sale_ratio": null,
            "price_fair": 5.88,
            "eps_avg_yearly": 1.96,
            "eps_latest_yearly": 0.96,
            "eps_growth_yearly": -96.24
        },
        "20092": {
            "year_quarter": 20092,
            "year": 2009,
            "quarter": 2,
            "eps": -0.54,
            "eps_growth_year": null,
            "eps_4q": -1.7,
            "eps_4q_growth_year": null,
            "roe": -5.77,
            "roe_4q": -18.45,
            "gross_profit": 27502,
            "gross_margin": 36.78,
            "gross_margin_4q_avg": 31.11,
            "net_income": -36639,
            "net_income_4q": null,
            "revenue": 74782,
            "revenue_4q": null,
            "common_shares": 729120,
            "book_valuer_per_share": 8.41,
            "book_valuer_per_share_4q_avg": 9.04,
            "equity": 613546,
            "current_ratio": 488.06,
            "debt_ratio": 13.13,
            "inventory_turnover_ratio": 0.22,
            "account_receivable_turnover_ratio": 0.92,
            "reinvestment_rate": null,
            "research_to_sale_ratio": null,
            "price_fair": 5.88,
            "eps_avg_yearly": 1.96,
            "eps_latest_yearly": 0.96,
            "eps_growth_yearly": -96.24
        },
        "20093": {
            "year_quarter": 20093,
            "year": 2009,
            "quarter": 3,
            "eps": -0.48,
            "eps_growth_year": null,
            "eps_4q": -1.64,
            "eps_4q_growth_year": null,
            "roe": -5.48,
            "roe_4q": -18.64,
            "gross_profit": 21019,
            "gross_margin": 24.22,
            "gross_margin_4q_avg": 31.04,
            "net_income": -32652,
            "net_income_4q": null,
            "revenue": 86785,
            "revenue_4q": null,
            "common_shares": 729120,
            "book_valuer_per_share": 7.92,
            "book_valuer_per_share_4q_avg": 8.63,
            "equity": 577513,
            "current_ratio": 421.29,
            "debt_ratio": 15.54,
            "inventory_turnover_ratio": 0.32,
            "account_receivable_turnover_ratio": 1.01,
            "reinvestment_rate": null,
            "research_to_sale_ratio": null,
            "price_fair": 5.64,
            "eps_avg_yearly": 1.88,
            "eps_latest_yearly": 0.96,
            "eps_growth_yearly": -82.22
        },
        "20094": {
            "year_quarter": 20094,
            "year": 2009,
            "quarter": 4,
            "eps": 0.04,
            "eps_growth_year": null,
            "eps_4q": -1.24,
            "eps_4q_growth_year": null,
            "roe": 0.5,
            "roe_4q": -13.43,
            "gross_profit": 31137,
            "gross_margin": 18.72,
            "gross_margin_4q_avg": 28.77,
            "net_income": 2892,
            "net_income_4q": null,
            "revenue": 166292,
            "revenue_4q": null,
            "common_shares": 680950,
            "book_valuer_per_share": 8.59,
            "book_valuer_per_share_4q_avg": 8.48,
            "equity": 584834,
            "current_ratio": 398.32,
            "debt_ratio": 20.97,
            "inventory_turnover_ratio": 0.78,
            "account_receivable_turnover_ratio": 3.28,
            "reinvestment_rate": null,
            "research_to_sale_ratio": null,
            "price_fair": 4.65,
            "eps_avg_yearly": 1.55,
            "eps_latest_yearly": 0.96,
            "eps_growth_yearly": -138.36
        },
        "20101": {
            "year_quarter": 20101,
            "year": 2010,
            "quarter": 1,
            "eps": 0.01,
            "eps_growth_year": null,
            "eps_4q": -0.96,
            "eps_4q_growth_year": null,
            "roe": 0.14,
            "roe_4q": -10.61,
            "gross_profit": 44399,
            "gross_margin": 36.53,
            "gross_margin_4q_avg": 29.06,
            "net_income": 830,
            "net_income_4q": null,
            "revenue": 121536,
            "revenue_4q": null,
            "common_shares": 680950,
            "book_valuer_per_share": 8.58,
            "book_valuer_per_share_4q_avg": 8.38,
            "equity": 583925,
            "current_ratio": 413.65,
            "debt_ratio": 20.36,
            "inventory_turnover_ratio": 0.51,
            "account_receivable_turnover_ratio": 1.63,
            "reinvestment_rate": null,
            "research_to_sale_ratio": 15.93,
            "price_fair": 2.97,
            "eps_avg_yearly": 0.99,
            "eps_latest_yearly": 0.04,
            "eps_growth_yearly": -184.61
        },
        "20102": {
            "year_quarter": 20102,
            "year": 2010,
            "quarter": 2,
            "eps": -0.27,
            "eps_growth_year": null,
            "eps_4q": -0.7,
            "eps_4q_growth_year": null,
            "roe": -3.2,
            "roe_4q": -8.040000000000001,
            "gross_profit": 26794,
            "gross_margin": 30.8,
            "gross_margin_4q_avg": 27.57,
            "net_income": -18475,
            "net_income_4q": null,
            "revenue": 86995,
            "revenue_4q": null,
            "common_shares": 680950,
            "book_valuer_per_share": 8.37,
            "book_valuer_per_share_4q_avg": 8.37,
            "equity": 570274,
            "current_ratio": 509.98,
            "debt_ratio": 16.38,
            "inventory_turnover_ratio": 0.37,
            "account_receivable_turnover_ratio": 1.61,
            "reinvestment_rate": null,
            "research_to_sale_ratio": 23.98,
            "price_fair": 1.92,
            "eps_avg_yearly": 0.64,
            "eps_latest_yearly": 0.04,
            "eps_growth_yearly": -232.12
        },
        "20103": {
            "year_quarter": 20103,
            "year": 2010,
            "quarter": 3,
            "eps": -0.02,
            "eps_growth_year": null,
            "eps_4q": -0.28,
            "eps_4q_growth_year": null,
            "roe": -0.17,
            "roe_4q": -2.73,
            "gross_profit": 48111,
            "gross_margin": 39.8,
            "gross_margin_4q_avg": 31.46,
            "net_income": -963,
            "net_income_4q": null,
            "revenue": 120886,
            "revenue_4q": null,
            "common_shares": 558950,
            "book_valuer_per_share": 10.09,
            "book_valuer_per_share_4q_avg": 8.91,
            "equity": 564114,
            "current_ratio": 531.29,
            "debt_ratio": 15.68,
            "inventory_turnover_ratio": 0.47,
            "account_receivable_turnover_ratio": 1.71,
            "reinvestment_rate": null,
            "research_to_sale_ratio": 18.89,
            "price_fair": 1.5,
            "eps_avg_yearly": 0.5,
            "eps_latest_yearly": 0.04,
            "eps_growth_yearly": -238.37
        },
        "20104": {
            "year_quarter": 20104,
            "year": 2010,
            "quarter": 4,
            "eps": -0.53,
            "eps_growth_year": -1417.96,
            "eps_4q": -0.86,
            "eps_4q_growth_year": null,
            "roe": -5.43,
            "roe_4q": -8.66,
            "gross_profit": 36565,
            "gross_margin": 33.87,
            "gross_margin_4q_avg": 35.25,
            "net_income": -29467,
            "net_income_4q": null,
            "revenue": 107965,
            "revenue_4q": null,
            "common_shares": 558950,
            "book_valuer_per_share": 9.32,
            "book_valuer_per_share_4q_avg": 9.09,
            "equity": 521072,
            "current_ratio": 407.95,
            "debt_ratio": 20.31,
            "inventory_turnover_ratio": 0.49,
            "account_receivable_turnover_ratio": 1.38,
            "reinvestment_rate": null,
            "research_to_sale_ratio": 23.91,
            "price_fair": 1.5,
            "eps_avg_yearly": 0.5,
            "eps_latest_yearly": 0.04,
            "eps_growth_yearly": -238.37
        },
        "20111": {
            "year_quarter": 20111,
            "year": 2011,
            "quarter": 1,
            "eps": -0.16,
            "eps_growth_year": -1700,
            "eps_4q": -1.04,
            "eps_4q_growth_year": null,
            "roe": -1.74,
            "roe_4q": -10.54,
            "gross_profit": 35305,
            "gross_margin": 34.64,
            "gross_margin_4q_avg": 34.78,
            "net_income": -9012,
            "net_income_4q": null,
            "revenue": 101930,
            "revenue_4q": null,
            "common_shares": 558950,
            "book_valuer_per_share": 9.25,
            "book_valuer_per_share_4q_avg": 9.26,
            "equity": 517262,
            "current_ratio": 512.38,
            "debt_ratio": 16.2,
            "inventory_turnover_ratio": 0.46,
            "account_receivable_turnover_ratio": 1.49,
            "reinvestment_rate": null,
            "research_to_sale_ratio": 20.64,
            "price_fair": 1.5,
            "eps_avg_yearly": 0.5,
            "eps_latest_yearly": 0.04,
            "eps_growth_yearly": -238.37
        },
        "20112": {
            "year_quarter": 20112,
            "year": 2011,
            "quarter": 2,
            "eps": -0.42,
            "eps_growth_year": null,
            "eps_4q": -1.12,
            "eps_4q_growth_year": null,
            "roe": -4.63,
            "roe_4q": -11.97,
            "gross_profit": 25998,
            "gross_margin": 28.81,
            "gross_margin_4q_avg": 34.28,
            "net_income": -23341,
            "net_income_4q": null,
            "revenue": 90245,
            "revenue_4q": null,
            "common_shares": 558950,
            "book_valuer_per_share": 8.79,
            "book_valuer_per_share_4q_avg": 9.36,
            "equity": 491595,
            "current_ratio": 439.78,
            "debt_ratio": 18.78,
            "inventory_turnover_ratio": 0.42,
            "account_receivable_turnover_ratio": 1.43,
            "reinvestment_rate": null,
            "research_to_sale_ratio": 25.28,
            "price_fair": 1.5,
            "eps_avg_yearly": 0.5,
            "eps_latest_yearly": 0.04,
            "eps_growth_yearly": -238.37
        },
        "20113": {
            "year_quarter": 20113,
            "year": 2011,
            "quarter": 3,
            "eps": -0.19,
            "eps_growth_year": null,
            "eps_4q": -1.29,
            "eps_4q_growth_year": null,
            "roe": -2.14,
            "roe_4q": -13.94,
            "gross_profit": 35146,
            "gross_margin": 31.87,
            "gross_margin_4q_avg": 32.3,
            "net_income": -10561,
            "net_income_4q": null,
            "revenue": 110292,
            "revenue_4q": null,
            "common_shares": 558950,
            "book_valuer_per_share": 8.87,
            "book_valuer_per_share_4q_avg": 9.06,
            "equity": 495685,
            "current_ratio": 474.28,
            "debt_ratio": 17.6,
            "inventory_turnover_ratio": 0.49,
            "account_receivable_turnover_ratio": 1.65,
            "reinvestment_rate": null,
            "research_to_sale_ratio": 21.2,
            "price_fair": 1.5,
            "eps_avg_yearly": 0.5,
            "eps_latest_yearly": 0.04,
            "eps_growth_yearly": -238.37
        },
        "20114": {
            "year_quarter": 20114,
            "year": 2011,
            "quarter": 4,
            "eps": 0.02,
            "eps_growth_year": null,
            "eps_4q": -0.75,
            "eps_4q_growth_year": null,
            "roe": 0.2,
            "roe_4q": -8.31,
            "gross_profit": 35388,
            "gross_margin": 34.21,
            "gross_margin_4q_avg": 32.38,
            "net_income": 955,
            "net_income_4q": null,
            "revenue": 103444,
            "revenue_4q": null,
            "common_shares": 558950,
            "book_valuer_per_share": 8.34,
            "book_valuer_per_share_4q_avg": 8.81,
            "equity": 466378,
            "current_ratio": 394.04,
            "debt_ratio": 21.44,
            "inventory_turnover_ratio": 0.49,
            "account_receivable_turnover_ratio": 1.44,
            "reinvestment_rate": null,
            "research_to_sale_ratio": 22.15,
            "price_fair": 0.12,
            "eps_avg_yearly": 0.04,
            "eps_latest_yearly": 0.04,
            "eps_growth_yearly": -300
        },
        "20121": {
            "year_quarter": 20121,
            "year": 2012,
            "quarter": 1,
            "eps": -0.62,
            "eps_growth_year": null,
            "eps_4q": -1.21,
            "eps_4q_growth_year": null,
            "roe": -7.76,
            "roe_4q": -14.329999999999998,
            "gross_profit": 23751,
            "gross_margin": 38.65,
            "gross_margin_4q_avg": 33.39,
            "net_income": -34811,
            "net_income_4q": null,
            "revenue": 61457,
            "revenue_4q": null,
            "common_shares": 558950,
            "book_valuer_per_share": 7.7,
            "book_valuer_per_share_4q_avg": 8.43,
            "equity": 430485,
            "current_ratio": 515.62,
            "debt_ratio": 16.28,
            "inventory_turnover_ratio": 0.28,
            "account_receivable_turnover_ratio": 1.05,
            "reinvestment_rate": null,
            "research_to_sale_ratio": 44.13,
            "price_fair": 0.12,
            "eps_avg_yearly": 0.04,
            "eps_latest_yearly": 0.04,
            "eps_growth_yearly": -300
        },
        "20122": {
            "year_quarter": 20122,
            "year": 2012,
            "quarter": 2,
            "eps": -0.6,
            "eps_growth_year": null,
            "eps_4q": -1.39,
            "eps_4q_growth_year": null,
            "roe": -8.08,
            "roe_4q": -17.78,
            "gross_profit": 14315,
            "gross_margin": 21.75,
            "gross_margin_4q_avg": 31.62,
            "net_income": -33442,
            "net_income_4q": null,
            "revenue": 65816,
            "revenue_4q": null,
            "common_shares": 558950,
            "book_valuer_per_share": 7.1,
            "book_valuer_per_share_4q_avg": 8,
            "equity": 397056,
            "current_ratio": 491.23,
            "debt_ratio": 17.09,
            "inventory_turnover_ratio": 0.37,
            "account_receivable_turnover_ratio": 1.39,
            "reinvestment_rate": null,
            "research_to_sale_ratio": 32.87,
            "price_fair": 0.12,
            "eps_avg_yearly": 0.04,
            "eps_latest_yearly": 0.04,
            "eps_growth_yearly": -300
        },
        "20123": {
            "year_quarter": 20123,
            "year": 2012,
            "quarter": 3,
            "eps": -0.23,
            "eps_growth_year": null,
            "eps_4q": -1.43,
            "eps_4q_growth_year": null,
            "roe": -3.24,
            "roe_4q": -18.88,
            "gross_profit": 30205,
            "gross_margin": 27.78,
            "gross_margin_4q_avg": 30.6,
            "net_income": -12633,
            "net_income_4q": null,
            "revenue": 108726,
            "revenue_4q": null,
            "common_shares": 558950,
            "book_valuer_per_share": 6.86,
            "book_valuer_per_share_4q_avg": 7.5,
            "equity": 383510,
            "current_ratio": 519.34,
            "debt_ratio": 16.24,
            "inventory_turnover_ratio": 0.6,
            "account_receivable_turnover_ratio": 1.87,
            "reinvestment_rate": null,
            "research_to_sale_ratio": 15.73,
            "price_fair": 0.12,
            "eps_avg_yearly": 0.04,
            "eps_latest_yearly": 0.04,
            "eps_growth_yearly": -300
        },
        "20124": {
            "year_quarter": 20124,
            "year": 2012,
            "quarter": 4,
            "eps": -0.47,
            "eps_growth_year": -2871.35,
            "eps_4q": -1.92,
            "eps_4q_growth_year": null,
            "roe": -7.15,
            "roe_4q": -26.229999999999997,
            "gross_profit": 9529,
            "gross_margin": 20.8,
            "gross_margin_4q_avg": 27.25,
            "net_income": -26467,
            "net_income_4q": null,
            "revenue": 45806,
            "revenue_4q": null,
            "common_shares": 558950,
            "book_valuer_per_share": 6.38,
            "book_valuer_per_share_4q_avg": 7.01,
            "equity": 356392,
            "current_ratio": 515.4,
            "debt_ratio": 16.06,
            "inventory_turnover_ratio": 0.29,
            "account_receivable_turnover_ratio": 0.78,
            "reinvestment_rate": null,
            "research_to_sale_ratio": 35.87,
            "price_fair": 0.12,
            "eps_avg_yearly": 0.04,
            "eps_latest_yearly": 0.04,
            "eps_growth_yearly": -300
        },
        "20131": {
            "year_quarter": 20131,
            "year": 2013,
            "quarter": 1,
            "eps": -1.07,
            "eps_growth_year": null,
            "eps_4q": -2.37,
            "eps_4q_growth_year": null,
            "roe": -18.33,
            "roe_4q": -36.8,
            "gross_profit": 3057,
            "gross_margin": 9.92,
            "gross_margin_4q_avg": 20.06,
            "net_income": -59888,
            "net_income_4q": null,
            "revenue": 30821,
            "revenue_4q": null,
            "common_shares": 558950,
            "book_valuer_per_share": 5.32,
            "book_valuer_per_share_4q_avg": 6.42,
            "equity": 297224,
            "current_ratio": 595.73,
            "debt_ratio": 14.7,
            "inventory_turnover_ratio": 0.21,
            "account_receivable_turnover_ratio": 0.74,
            "reinvestment_rate": null,
            "research_to_sale_ratio": 43.1,
            "price_fair": 0.12,
            "eps_avg_yearly": 0.04,
            "eps_latest_yearly": 0.04,
            "eps_growth_yearly": -300
        },
        "20132": {
            "year_quarter": 20132,
            "year": 2013,
            "quarter": 2,
            "eps": -0.25,
            "eps_growth_year": null,
            "eps_4q": -2.02,
            "eps_4q_growth_year": null,
            "roe": -4.85,
            "roe_4q": -33.57,
            "gross_profit": 14674,
            "gross_margin": 29.71,
            "gross_margin_4q_avg": 22.05,
            "net_income": -14094,
            "net_income_4q": null,
            "revenue": 49392,
            "revenue_4q": null,
            "common_shares": 558950,
            "book_valuer_per_share": 5.07,
            "book_valuer_per_share_4q_avg": 5.91,
            "equity": 283462,
            "current_ratio": 1007.74,
            "debt_ratio": 9.74,
            "inventory_turnover_ratio": 0.29,
            "account_receivable_turnover_ratio": 1.59,
            "reinvestment_rate": null,
            "research_to_sale_ratio": 20.7,
            "price_fair": 0.12,
            "eps_avg_yearly": 0.04,
            "eps_latest_yearly": 0.04,
            "eps_growth_yearly": -300
        },
        "20133": {
            "year_quarter": 20133,
            "year": 2013,
            "quarter": 3,
            "eps": -1.09,
            "eps_growth_year": null,
            "eps_4q": -2.89,
            "eps_4q_growth_year": null,
            "roe": -24,
            "roe_4q": -54.33,
            "gross_profit": -25642,
            "gross_margin": -59.82,
            "gross_margin_4q_avg": 0.15,
            "net_income": -61133,
            "net_income_4q": null,
            "revenue": 42866,
            "revenue_4q": null,
            "common_shares": 558950,
            "book_valuer_per_share": 4.04,
            "book_valuer_per_share_4q_avg": 5.2,
            "equity": 226075,
            "current_ratio": 647.77,
            "debt_ratio": 13.48,
            "inventory_turnover_ratio": 0.75,
            "account_receivable_turnover_ratio": 1.52,
            "reinvestment_rate": null,
            "research_to_sale_ratio": 19.5,
            "price_fair": 0.12,
            "eps_avg_yearly": 0.04,
            "eps_latest_yearly": 0.04,
            "eps_growth_yearly": -300
        },
        "20134": {
            "year_quarter": 20134,
            "year": 2013,
            "quarter": 4,
            "eps": -1.54,
            "eps_growth_year": null,
            "eps_4q": -5.27,
            "eps_4q_growth_year": null,
            "roe": -27.94,
            "roe_4q": -75.12,
            "gross_profit": -33242,
            "gross_margin": -109.42,
            "gross_margin_4q_avg": -32.4,
            "net_income": -55518,
            "net_income_4q": null,
            "revenue": 30380,
            "revenue_4q": null,
            "common_shares": 361563,
            "book_valuer_per_share": 4.74,
            "book_valuer_per_share_4q_avg": 4.79,
            "equity": 171402,
            "current_ratio": 913.3,
            "debt_ratio": 6.99,
            "inventory_turnover_ratio": 1.64,
            "account_receivable_turnover_ratio": 1.24,
            "reinvestment_rate": null,
            "research_to_sale_ratio": 8.78,
            "price_fair": 0.12,
            "eps_avg_yearly": 0.04,
            "eps_latest_yearly": 0.04,
            "eps_growth_yearly": -300
        },
        "20141": {
            "year_quarter": 20141,
            "year": 2014,
            "quarter": 1,
            "eps": 0.27,
            "eps_growth_year": null,
            "eps_4q": -3.35,
            "eps_4q_growth_year": null,
            "roe": 5.49,
            "roe_4q": -51.300000000000004,
            "gross_profit": 12965,
            "gross_margin": 16.3,
            "gross_margin_4q_avg": -30.81,
            "net_income": 9673,
            "net_income_4q": null,
            "revenue": 79555,
            "revenue_4q": null,
            "common_shares": 361563,
            "book_valuer_per_share": 5.01,
            "book_valuer_per_share_4q_avg": 4.72,
            "equity": 181210,
            "current_ratio": 313.23,
            "debt_ratio": 22.58,
            "inventory_turnover_ratio": 18.2,
            "account_receivable_turnover_ratio": 4.3,
            "reinvestment_rate": null,
            "research_to_sale_ratio": 0,
            "price_fair": 0,
            "eps_avg_yearly": 0,
            "eps_latest_yearly": 0,
            "eps_growth_yearly": 0
        },
        "20142": {
            "year_quarter": 20142,
            "year": 2014,
            "quarter": 2,
            "eps": 0.01,
            "eps_growth_year": null,
            "eps_4q": -2.95,
            "eps_4q_growth_year": null,
            "roe": 0.14,
            "roe_4q": -46.31,
            "gross_profit": 15721,
            "gross_margin": 14.77,
            "gross_margin_4q_avg": -34.54,
            "net_income": 260,
            "net_income_4q": null,
            "revenue": 106451,
            "revenue_4q": null,
            "common_shares": 361563,
            "book_valuer_per_share": 5.02,
            "book_valuer_per_share_4q_avg": 4.7,
            "equity": 181341,
            "current_ratio": 223.25,
            "debt_ratio": 33.53,
            "inventory_turnover_ratio": null,
            "account_receivable_turnover_ratio": 5.18,
            "reinvestment_rate": null,
            "research_to_sale_ratio": 0,
            "price_fair": 0.12,
            "eps_avg_yearly": 0.04,
            "eps_latest_yearly": 0.04,
            "eps_growth_yearly": -385.19
        },
        "20143": {
            "year_quarter": 20143,
            "year": 2014,
            "quarter": 3,
            "eps": 0.04,
            "eps_growth_year": null,
            "eps_4q": -1.22,
            "eps_4q_growth_year": null,
            "roe": 0.75,
            "roe_4q": -21.560000000000002,
            "gross_profit": 20565,
            "gross_margin": 13.25,
            "gross_margin_4q_avg": -16.28,
            "net_income": 1389,
            "net_income_4q": null,
            "revenue": 155234,
            "revenue_4q": null,
            "common_shares": 361563,
            "book_valuer_per_share": 5.23,
            "book_valuer_per_share_4q_avg": 5,
            "equity": 189076,
            "current_ratio": 131.3,
            "debt_ratio": 67.21,
            "inventory_turnover_ratio": null,
            "account_receivable_turnover_ratio": 2.69,
            "reinvestment_rate": null,
            "research_to_sale_ratio": 0,
            "price_fair": 3.5,
            "eps_avg_yearly": 0.1,
            "eps_latest_yearly": 0.16,
            "eps_growth_yearly": 407.41
        },
        "20144": {
            "year_quarter": 20144,
            "year": 2014,
            "quarter": 4,
            "eps": 0.68,
            "eps_growth_year": null,
            "eps_4q": 0.9,
            "eps_4q_growth_year": null,
            "roe": 9.17,
            "roe_4q": 15.55,
            "gross_profit": 38650,
            "gross_margin": 13.32,
            "gross_margin_4q_avg": 14.41,
            "net_income": 33955,
            "net_income_4q": null,
            "revenue": 290062,
            "revenue_4q": null,
            "common_shares": 501563,
            "book_valuer_per_share": 10.99,
            "book_valuer_per_share_4q_avg": 6.56,
            "equity": 551455,
            "current_ratio": 344.43,
            "debt_ratio": 42.89,
            "inventory_turnover_ratio": null,
            "account_receivable_turnover_ratio": 1.94,
            "reinvestment_rate": null,
            "research_to_sale_ratio": 0,
            "price_fair": 34.07,
            "eps_avg_yearly": 0.97,
            "eps_latest_yearly": 2.72,
            "eps_growth_yearly": 2404.94
        },
        "20151": {
            "year_quarter": 20151,
            "year": 2015,
            "quarter": 1,
            "eps": 0.22,
            "eps_growth_year": -18.52,
            "eps_4q": 0.93,
            "eps_4q_growth_year": null,
            "roe": 1.95,
            "roe_4q": 12.01,
            "gross_profit": 30642,
            "gross_margin": 13.12,
            "gross_margin_4q_avg": 13.62,
            "net_income": 10879,
            "net_income_4q": null,
            "revenue": 233631,
            "revenue_4q": null,
            "common_shares": 501563,
            "book_valuer_per_share": 11.21,
            "book_valuer_per_share_4q_avg": 8.11,
            "equity": 562267,
            "current_ratio": 767.72,
            "debt_ratio": 32.62,
            "inventory_turnover_ratio": 1.52,
            "account_receivable_turnover_ratio": 1.28,
            "reinvestment_rate": null,
            "research_to_sale_ratio": 0,
            "price_fair": 33.25,
            "eps_avg_yearly": 0.95,
            "eps_latest_yearly": 0.88,
            "eps_growth_yearly": 1736.06
        },
        "20152": {
            "year_quarter": 20152,
            "year": 2015,
            "quarter": 2,
            "eps": 0.91,
            "eps_growth_year": 9000,
            "eps_4q": 1.83,
            "eps_4q_growth_year": null,
            "roe": 7.89,
            "roe_4q": 19.759999999999998,
            "gross_profit": 73743,
            "gross_margin": 14.51,
            "gross_margin_4q_avg": 13.55,
            "net_income": 45766,
            "net_income_4q": null,
            "revenue": 508192,
            "revenue_4q": null,
            "common_shares": 501563,
            "book_valuer_per_share": 11.92,
            "book_valuer_per_share_4q_avg": 9.84,
            "equity": 597906,
            "current_ratio": 312.18,
            "debt_ratio": 45.47,
            "inventory_turnover_ratio": 1.79,
            "account_receivable_turnover_ratio": 3.08,
            "reinvestment_rate": null,
            "research_to_sale_ratio": 0,
            "price_fair": 52.08,
            "eps_avg_yearly": 1.49,
            "eps_latest_yearly": 3.64,
            "eps_growth_yearly": 1639.75
        },
        "20153": {
            "year_quarter": 20153,
            "year": 2015,
            "quarter": 3,
            "eps": 0.72,
            "eps_growth_year": 1700,
            "eps_4q": 2.52,
            "eps_4q_growth_year": null,
            "roe": 5.83,
            "roe_4q": 24.839999999999996,
            "gross_profit": 64252,
            "gross_margin": 17.75,
            "gross_margin_4q_avg": 14.68,
            "net_income": 35932,
            "net_income_4q": null,
            "revenue": 362033,
            "revenue_4q": null,
            "common_shares": 501563,
            "book_valuer_per_share": 12.64,
            "book_valuer_per_share_4q_avg": 11.69,
            "equity": 634105,
            "current_ratio": 367.14,
            "debt_ratio": 41.66,
            "inventory_turnover_ratio": 1.13,
            "account_receivable_turnover_ratio": 2.55,
            "reinvestment_rate": null,
            "research_to_sale_ratio": 0,
            "price_fair": 60.2,
            "eps_avg_yearly": 1.72,
            "eps_latest_yearly": 2.88,
            "eps_growth_yearly": 1352.54
        },
        "20154": {
            "year_quarter": 20154,
            "year": 2015,
            "quarter": 4,
            "eps": 1.15,
            "eps_growth_year": 69.95,
            "eps_4q": 3,
            "eps_4q_growth_year": 231.92,
            "roe": 8.71,
            "roe_4q": 24.38,
            "gross_profit": 66690,
            "gross_margin": 22.95,
            "gross_margin_4q_avg": 17.08,
            "net_income": 57708,
            "net_income_4q": null,
            "revenue": 290526,
            "revenue_4q": null,
            "common_shares": 501563,
            "book_valuer_per_share": 13.79,
            "book_valuer_per_share_4q_avg": 12.39,
            "equity": 691576,
            "current_ratio": 493.66,
            "debt_ratio": 34.96,
            "inventory_turnover_ratio": 1.41,
            "account_receivable_turnover_ratio": 1.89,
            "reinvestment_rate": null,
            "research_to_sale_ratio": 0,
            "price_fair": 74.6,
            "eps_avg_yearly": 2.13,
            "eps_latest_yearly": 4.6,
            "eps_growth_yearly": 1193.45
        },
        "20161": {
            "year_quarter": 20161,
            "year": 2016,
            "quarter": 1,
            "eps": 0.23,
            "eps_growth_year": 4.55,
            "eps_4q": 3.01,
            "eps_4q_growth_year": 225.19,
            "roe": 1.68,
            "roe_4q": 24.11,
            "gross_profit": 45731,
            "gross_margin": 15.44,
            "gross_margin_4q_avg": 17.66,
            "net_income": 11750,
            "net_income_4q": null,
            "revenue": 296172,
            "revenue_4q": null,
            "common_shares": 501563,
            "book_valuer_per_share": 14.02,
            "book_valuer_per_share_4q_avg": 13.09,
            "equity": 703295,
            "current_ratio": 289.02,
            "debt_ratio": 45.13,
            "inventory_turnover_ratio": 28.46,
            "account_receivable_turnover_ratio": 1.73,
            "reinvestment_rate": null,
            "research_to_sale_ratio": 0,
            "price_fair": 69.3,
            "eps_avg_yearly": 1.98,
            "eps_latest_yearly": 0.92,
            "eps_growth_yearly": 1004.27
        },
        "20162": {
            "year_quarter": 20162,
            "year": 2016,
            "quarter": 2,
            "eps": 0.99,
            "eps_growth_year": 8.79,
            "eps_4q": 3.09,
            "eps_4q_growth_year": 68.73,
            "roe": 7.52,
            "roe_4q": 23.740000000000002,
            "gross_profit": 91590,
            "gross_margin": 15.8,
            "gross_margin_4q_avg": 17.99,
            "net_income": 49821,
            "net_income_4q": null,
            "revenue": 579581,
            "revenue_4q": null,
            "common_shares": 501563,
            "book_valuer_per_share": 12.41,
            "book_valuer_per_share_4q_avg": 13.22,
            "equity": 622537,
            "current_ratio": 362.48,
            "debt_ratio": 41.76,
            "inventory_turnover_ratio": 55.45,
            "account_receivable_turnover_ratio": 3.96,
            "reinvestment_rate": -62.43,
            "research_to_sale_ratio": 0,
            "price_fair": 77,
            "eps_avg_yearly": 2.2,
            "eps_latest_yearly": 3.96,
            "eps_growth_yearly": 1039.54
        },
        "20163": {
            "year_quarter": 20163,
            "year": 2016,
            "quarter": 3,
            "eps": 0.92,
            "eps_growth_year": 27.78,
            "eps_4q": 3.29,
            "eps_4q_growth_year": 30.6,
            "roe": 7.12,
            "roe_4q": 25.03,
            "gross_profit": 90219,
            "gross_margin": 12.85,
            "gross_margin_4q_avg": 16.76,
            "net_income": 45971,
            "net_income_4q": null,
            "revenue": 702248,
            "revenue_4q": null,
            "common_shares": 501563,
            "book_valuer_per_share": 13.32,
            "book_valuer_per_share_4q_avg": 13.39,
            "equity": 668330,
            "current_ratio": 275.81,
            "debt_ratio": 47.56,
            "inventory_turnover_ratio": 83.97,
            "account_receivable_turnover_ratio": 2.17,
            "reinvestment_rate": -18.59,
            "research_to_sale_ratio": 0,
            "price_fair": 82.18,
            "eps_avg_yearly": 2.35,
            "eps_latest_yearly": 3.68,
            "eps_growth_yearly": 932.76
        },
        "20164": {
            "year_quarter": 20164,
            "year": 2016,
            "quarter": 4,
            "eps": 1.19,
            "eps_growth_year": 3.53,
            "eps_4q": 3.34,
            "eps_4q_growth_year": 11.31,
            "roe": 8.56,
            "roe_4q": 24.88,
            "gross_profit": 110887,
            "gross_margin": 13.94,
            "gross_margin_4q_avg": 14.51,
            "net_income": 59744,
            "net_income_4q": null,
            "revenue": 795214,
            "revenue_4q": null,
            "common_shares": 501563,
            "book_valuer_per_share": 14.51,
            "book_valuer_per_share_4q_avg": 13.57,
            "equity": 727903,
            "current_ratio": 171.8,
            "debt_ratio": 53.74,
            "inventory_turnover_ratio": 118.44,
            "account_receivable_turnover_ratio": 1.7,
            "reinvestment_rate": -9.81,
            "research_to_sale_ratio": 0,
            "price_fair": 89.85,
            "eps_avg_yearly": 2.57,
            "eps_latest_yearly": 4.76,
            "eps_growth_yearly": 858.64
        },
        "20171": {
            "year_quarter": 20171,
            "year": 2017,
            "quarter": 1,
            "eps": 0.86,
            "eps_growth_year": 273.91,
            "eps_4q": 3.96,
            "eps_4q_growth_year": 31.33,
            "roe": 5.73,
            "roe_4q": 28.93,
            "gross_profit": 81610,
            "gross_margin": 12.29,
            "gross_margin_4q_avg": 13.72,
            "net_income": 42971,
            "net_income_4q": null,
            "revenue": 664289,
            "revenue_4q": null,
            "common_shares": 501563,
            "book_valuer_per_share": 15.37,
            "book_valuer_per_share_4q_avg": 13.9,
            "equity": 770877,
            "current_ratio": 154.52,
            "debt_ratio": 58.12,
            "inventory_turnover_ratio": 100.84,
            "account_receivable_turnover_ratio": 2.03,
            "reinvestment_rate": -4.79,
            "research_to_sale_ratio": 0,
            "price_fair": 92.4,
            "eps_avg_yearly": 2.64,
            "eps_latest_yearly": 3.44,
            "eps_growth_yearly": 777.84
        },
        "20172": {
            "year_quarter": 20172,
            "year": 2017,
            "quarter": 2,
            "eps": 0.64,
            "eps_growth_year": -35.35,
            "eps_4q": 2.98,
            "eps_4q_growth_year": -3.57,
            "roe": 3.79,
            "roe_4q": 25.2,
            "gross_profit": 82399,
            "gross_margin": 13.33,
            "gross_margin_4q_avg": 13.1,
            "net_income": 36802,
            "net_income_4q": null,
            "revenue": 618167,
            "revenue_4q": null,
            "common_shares": 621563,
            "book_valuer_per_share": 18.82,
            "book_valuer_per_share_4q_avg": 15.51,
            "equity": 1169828,
            "current_ratio": 160.29,
            "debt_ratio": 61.34,
            "inventory_turnover_ratio": 92.73,
            "account_receivable_turnover_ratio": 3.18,
            "reinvestment_rate": -3.53,
            "research_to_sale_ratio": null,
            "price_fair": 92.18,
            "eps_avg_yearly": 2.63,
            "eps_latest_yearly": 2.56,
            "eps_growth_yearly": 710.13
        },
        "20173": {
            "year_quarter": 20173,
            "year": 2017,
            "quarter": 3,
            "eps": 0.6,
            "eps_growth_year": -34.78,
            "eps_4q": 2.84,
            "eps_4q_growth_year": -13.81,
            "roe": 3.11,
            "roe_4q": 21.19,
            "gross_profit": 81473,
            "gross_margin": 16.81,
            "gross_margin_4q_avg": 14.09,
            "net_income": 36996,
            "net_income_4q": null,
            "revenue": 484657,
            "revenue_4q": null,
            "common_shares": 621563,
            "book_valuer_per_share": 19.43,
            "book_valuer_per_share_4q_avg": 17.03,
            "equity": 1207445,
            "current_ratio": 220.63,
            "debt_ratio": 44.25,
            "inventory_turnover_ratio": 69.78,
            "account_receivable_turnover_ratio": 2.64,
            "reinvestment_rate": -1.25,
            "research_to_sale_ratio": 0,
            "price_fair": 91.6,
            "eps_avg_yearly": 2.62,
            "eps_latest_yearly": 2.4,
            "eps_growth_yearly": 657.62
        },
        "20174": {
            "year_quarter": 20174,
            "year": 2017,
            "quarter": 4,
            "eps": 0.15,
            "eps_growth_year": -87.65,
            "eps_4q": 1.72,
            "eps_4q_growth_year": -48.37,
            "roe": 0.81,
            "roe_4q": 13.440000000000001,
            "gross_profit": 53785,
            "gross_margin": 11.48,
            "gross_margin_4q_avg": 13.48,
            "net_income": 10662,
            "net_income_4q": null,
            "revenue": 468311,
            "revenue_4q": null,
            "common_shares": 741467,
            "book_valuer_per_share": 19.12,
            "book_valuer_per_share_4q_avg": 18.19,
            "equity": 1422470,
            "current_ratio": 265.19,
            "debt_ratio": 36.34,
            "inventory_turnover_ratio": 71.74,
            "account_receivable_turnover_ratio": 3.38,
            "reinvestment_rate": 3.86,
            "research_to_sale_ratio": 0,
            "price_fair": 86.89,
            "eps_avg_yearly": 2.48,
            "eps_latest_yearly": 0.6,
            "eps_growth_yearly": 593.78
        },
        "20181": {
            "year_quarter": 20181,
            "year": 2018,
            "quarter": 1,
            "eps": 0.08,
            "eps_growth_year": -90.7,
            "eps_4q": 1.22,
            "eps_4q_growth_year": -69.13,
            "roe": 0.41,
            "roe_4q": 8.120000000000001,
            "gross_profit": 45761,
            "gross_margin": 12.37,
            "gross_margin_4q_avg": 13.5,
            "net_income": 5818,
            "net_income_4q": null,
            "revenue": 369888,
            "revenue_4q": null,
            "common_shares": 741467,
            "book_valuer_per_share": 19.21,
            "book_valuer_per_share_4q_avg": 19.15,
            "equity": 1428952,
            "current_ratio": 234.71,
            "debt_ratio": 40.9,
            "inventory_turnover_ratio": 56.1,
            "account_receivable_turnover_ratio": 4.15,
            "reinvestment_rate": 3.73,
            "research_to_sale_ratio": 0,
            "price_fair": 82.16,
            "eps_avg_yearly": 2.35,
            "eps_latest_yearly": 0.32,
            "eps_growth_yearly": 545
        },
        "20182": {
            "year_quarter": 20182,
            "year": 2018,
            "quarter": 2,
            "eps": 0.29,
            "eps_growth_year": -54.69,
            "eps_4q": 1.01,
            "eps_4q_growth_year": -66.06,
            "roe": 1.55,
            "roe_4q": 5.88,
            "gross_profit": 42740,
            "gross_margin": 13.01,
            "gross_margin_4q_avg": 13.42,
            "net_income": 21208,
            "net_income_4q": null,
            "revenue": 328613,
            "revenue_4q": null,
            "common_shares": 741467,
            "book_valuer_per_share": 17.5,
            "book_valuer_per_share_4q_avg": 18.82,
            "equity": 1301979,
            "current_ratio": 219.15,
            "debt_ratio": 44.37,
            "inventory_turnover_ratio": 53.28,
            "account_receivable_turnover_ratio": 3.09,
            "reinvestment_rate": 2.7,
            "research_to_sale_ratio": null,
            "price_fair": 84.61,
            "eps_avg_yearly": 2.42,
            "eps_latest_yearly": 1.16,
            "eps_growth_yearly": 634.7
        },
        "20183": {
            "year_quarter": 20183,
            "year": 2018,
            "quarter": 3,
            "eps": 0.07,
            "eps_growth_year": -88.33,
            "eps_4q": 0.59,
            "eps_4q_growth_year": -79.4,
            "roe": 0.39,
            "roe_4q": 3.16,
            "gross_profit": 61459,
            "gross_margin": 11.87,
            "gross_margin_4q_avg": 12.18,
            "net_income": 5134,
            "net_income_4q": null,
            "revenue": 517970,
            "revenue_4q": null,
            "common_shares": 741467,
            "book_valuer_per_share": 17.58,
            "book_valuer_per_share_4q_avg": 18.35,
            "equity": 1307909,
            "current_ratio": 221.14,
            "debt_ratio": 43.98,
            "inventory_turnover_ratio": 92.17,
            "account_receivable_turnover_ratio": 3.51,
            "reinvestment_rate": 2.65,
            "research_to_sale_ratio": null,
            "price_fair": 84.88,
            "eps_avg_yearly": 2.43,
            "eps_latest_yearly": 0.28,
            "eps_growth_yearly": 540.74
        },
        "20184": {
            "year_quarter": 20184,
            "year": 2018,
            "quarter": 4,
            "eps": 0.68,
            "eps_growth_year": 360.99,
            "eps_4q": 1.12,
            "eps_4q_growth_year": -35.19,
            "roe": 3.77,
            "roe_4q": 6.12,
            "gross_profit": 110739,
            "gross_margin": 14.97,
            "gross_margin_4q_avg": 13.06,
            "net_income": 50265,
            "net_income_4q": null,
            "revenue": 739847,
            "revenue_4q": null,
            "common_shares": 741467,
            "book_valuer_per_share": 18.25,
            "book_valuer_per_share_4q_avg": 18.14,
            "equity": 1357247,
            "current_ratio": 196.13,
            "debt_ratio": 49.79,
            "inventory_turnover_ratio": 127.02,
            "account_receivable_turnover_ratio": 2.54,
            "reinvestment_rate": 2.04,
            "research_to_sale_ratio": null,
            "price_fair": 84.88,
            "eps_avg_yearly": 2.43,
            "eps_latest_yearly": 2.72,
            "eps_growth_yearly": 358.6
        },
        "20191": {
            "year_quarter": 20191,
            "year": 2019,
            "quarter": 1,
            "eps": 0.05,
            "eps_growth_year": -37.5,
            "eps_4q": 1.09,
            "eps_4q_growth_year": -10.72,
            "roe": 0.29,
            "roe_4q": 5.999999999999999,
            "gross_profit": 36452,
            "gross_margin": 9.9,
            "gross_margin_4q_avg": 12.44,
            "net_income": 3953,
            "net_income_4q": null,
            "revenue": 368338,
            "revenue_4q": null,
            "common_shares": 741467,
            "book_valuer_per_share": 18.28,
            "book_valuer_per_share_4q_avg": 17.9,
            "equity": 1360011,
            "current_ratio": 181.31,
            "debt_ratio": 53.74,
            "inventory_turnover_ratio": 67.01,
            "account_receivable_turnover_ratio": 1.01,
            "reinvestment_rate": 4.19,
            "research_to_sale_ratio": 0,
            "price_fair": 83.39,
            "eps_avg_yearly": 2.38,
            "eps_latest_yearly": 0.2,
            "eps_growth_yearly": 352.35
        },
        "20192": {
            "year_quarter": 20192,
            "year": 2019,
            "quarter": 2,
            "eps": 0.11,
            "eps_growth_year": -62.07,
            "eps_4q": 0.91,
            "eps_4q_growth_year": -9.92,
            "roe": 0.61,
            "roe_4q": 5.06,
            "gross_profit": 55441,
            "gross_margin": 13.39,
            "gross_margin_4q_avg": 12.53,
            "net_income": 7919,
            "net_income_4q": null,
            "revenue": 414122,
            "revenue_4q": null,
            "common_shares": 741467,
            "book_valuer_per_share": 16.88,
            "book_valuer_per_share_4q_avg": 17.75,
            "equity": 1255775,
            "current_ratio": 172.84,
            "debt_ratio": 56.24,
            "inventory_turnover_ratio": 72.42,
            "account_receivable_turnover_ratio": 1.14,
            "reinvestment_rate": 5.44,
            "research_to_sale_ratio": null,
            "price_fair": 76.39,
            "eps_avg_yearly": 2.18,
            "eps_latest_yearly": 0.44,
            "eps_growth_yearly": 303.94
        },
        "20193": {
            "year_quarter": 20193,
            "year": 2019,
            "quarter": 3,
            "eps": 0.04,
            "eps_growth_year": -42.86,
            "eps_4q": 1.24,
            "eps_4q_growth_year": 111.85,
            "roe": 2.33,
            "roe_4q": 7,
            "gross_profit": 63446,
            "gross_margin": 10.16,
            "gross_margin_4q_avg": 12.11,
            "net_income": 30011,
            "net_income_4q": null,
            "revenue": 624722,
            "revenue_4q": null,
            "common_shares": 741467,
            "book_valuer_per_share": 17.27,
            "book_valuer_per_share_4q_avg": 17.67,
            "equity": 1318068,
            "current_ratio": 172.56,
            "debt_ratio": 57.97,
            "inventory_turnover_ratio": 113.32,
            "account_receivable_turnover_ratio": 1.52,
            "reinvestment_rate": 58.72,
            "research_to_sale_ratio": null,
            "price_fair": 70.44,
            "eps_avg_yearly": 2.01,
            "eps_latest_yearly": 0.16,
            "eps_growth_yearly": 293.25
        },
        "20194": {
            "year_quarter": 20194,
            "year": 2019,
            "quarter": 4,
            "eps": 0.45,
            "eps_growth_year": -33.7,
            "eps_4q": 1.01,
            "eps_4q_growth_year": -9.4,
            "roe": 2.47,
            "roe_4q": 5.700000000000001,
            "gross_profit": 100306,
            "gross_margin": 16.67,
            "gross_margin_4q_avg": 12.53,
            "net_income": 32948,
            "net_income_4q": null,
            "revenue": 601635,
            "revenue_4q": null,
            "common_shares": 741467,
            "book_valuer_per_share": 17.7,
            "book_valuer_per_share_4q_avg": 17.53,
            "equity": 1348421,
            "current_ratio": 171.74,
            "debt_ratio": 58.74,
            "inventory_turnover_ratio": 101.44,
            "account_receivable_turnover_ratio": 1.34,
            "reinvestment_rate": 55.74,
            "research_to_sale_ratio": null,
            "price_fair": 64.31,
            "eps_avg_yearly": 1.84,
            "eps_latest_yearly": 1.8,
            "eps_growth_yearly": 534.57
        },
        "20201": {
            "year_quarter": 20201,
            "year": 2020,
            "quarter": 1,
            "eps": 0.22,
            "eps_growth_year": 340,
            "eps_4q": 1.18,
            "eps_4q_growth_year": 8.06,
            "roe": 1.23,
            "roe_4q": 6.640000000000001,
            "gross_profit": 61821,
            "gross_margin": 11.66,
            "gross_margin_4q_avg": 12.97,
            "net_income": 16055,
            "net_income_4q": null,
            "revenue": 530404,
            "revenue_4q": null,
            "common_shares": 741467,
            "book_valuer_per_share": 16.53,
            "book_valuer_per_share_4q_avg": 17.1,
            "equity": 1261260,
            "current_ratio": 147.95,
            "debt_ratio": 67.66,
            "inventory_turnover_ratio": 95.03,
            "account_receivable_turnover_ratio": 1.19,
            "reinvestment_rate": 54.57,
            "research_to_sale_ratio": null,
            "price_fair": 64.23,
            "eps_avg_yearly": 1.84,
            "eps_latest_yearly": 0.88,
            "eps_growth_yearly": 541.79
        },
        "20202": {
            "year_quarter": 20202,
            "year": 2020,
            "quarter": 2,
            "eps": 0.33,
            "eps_growth_year": 200,
            "eps_4q": 1.4,
            "eps_4q_growth_year": 53.69,
            "roe": 2.02,
            "roe_4q": 8.05,
            "gross_profit": 82484,
            "gross_margin": 13.91,
            "gross_margin_4q_avg": 13.1,
            "net_income": 25620,
            "net_income_4q": null,
            "revenue": 592811,
            "revenue_4q": null,
            "common_shares": 741467,
            "book_valuer_per_share": 16.77,
            "book_valuer_per_share_4q_avg": 17.07,
            "equity": 1269250,
            "current_ratio": 142.55,
            "debt_ratio": 70.03,
            "inventory_turnover_ratio": 103.49,
            "account_receivable_turnover_ratio": 1.33,
            "reinvestment_rate": 57.12,
            "research_to_sale_ratio": null,
            "price_fair": 58.45,
            "eps_avg_yearly": 1.67,
            "eps_latest_yearly": 1.32,
            "eps_growth_yearly": 471.68
        },
        "20203": {
            "year_quarter": 20203,
            "year": 2020,
            "quarter": 3,
            "eps": 0.92,
            "eps_growth_year": 2200,
            "eps_4q": 1.92,
            "eps_4q_growth_year": 55.07,
            "roe": 5.28,
            "roe_4q": 11.000000000000002,
            "gross_profit": 144388,
            "gross_margin": 12.92,
            "gross_margin_4q_avg": 13.79,
            "net_income": 69166,
            "net_income_4q": null,
            "revenue": 1117301,
            "revenue_4q": null,
            "common_shares": 741467,
            "book_valuer_per_share": 17.83,
            "book_valuer_per_share_4q_avg": 17.21,
            "equity": 1349015,
            "current_ratio": 160.76,
            "debt_ratio": 70.73,
            "inventory_turnover_ratio": 197.31,
            "account_receivable_turnover_ratio": 3.59,
            "reinvestment_rate": 60.51,
            "research_to_sale_ratio": null,
            "price_fair": 58.45,
            "eps_avg_yearly": 1.67,
            "eps_latest_yearly": 3.68,
            "eps_growth_yearly": 518.14
        },
        "20204": {
            "year_quarter": 20204,
            "year": 2020,
            "quarter": 4,
            "eps": 0.88,
            "eps_growth_year": 96.79,
            "eps_4q": 2.36,
            "eps_4q_growth_year": 133.14,
            "roe": 4.68,
            "roe_4q": 13.21,
            "gross_profit": 169317,
            "gross_margin": 16.25,
            "gross_margin_4q_avg": 13.69,
            "net_income": 64065,
            "net_income_4q": null,
            "revenue": 1042021,
            "revenue_4q": null,
            "common_shares": 741467,
            "book_valuer_per_share": 18.38,
            "book_valuer_per_share_4q_avg": 17.38,
            "equity": 1388516,
            "current_ratio": 182.57,
            "debt_ratio": 65.1,
            "inventory_turnover_ratio": 177.2,
            "account_receivable_turnover_ratio": 4.76,
            "reinvestment_rate": 61.05,
            "research_to_sale_ratio": null,
            "price_fair": 55.74,
            "eps_avg_yearly": 1.59,
            "eps_latest_yearly": 3.52,
            "eps_growth_yearly": 509.72
        },
        "20211": {
            "year_quarter": 20211,
            "year": 2021,
            "quarter": 1,
            "eps": 0.51,
            "eps_growth_year": 131.82,
            "eps_4q": 2.65,
            "eps_4q_growth_year": 124.42,
            "roe": 2.86,
            "roe_4q": 14.84,
            "gross_profit": 116587,
            "gross_margin": 15.94,
            "gross_margin_4q_avg": 14.76,
            "net_income": 38065,
            "net_income_4q": null,
            "revenue": 731365,
            "revenue_4q": null,
            "common_shares": 741467,
            "book_valuer_per_share": 16.86,
            "book_valuer_per_share_4q_avg": 17.46,
            "equity": 1277274,
            "current_ratio": 175.31,
            "debt_ratio": 67.32,
            "inventory_turnover_ratio": 124.98,
            "account_receivable_turnover_ratio": 2.63,
            "reinvestment_rate": 62.97,
            "research_to_sale_ratio": null,
            "price_fair": 52.68,
            "eps_avg_yearly": 1.51,
            "eps_latest_yearly": 2.04,
            "eps_growth_yearly": 506.14
        },
        "20212": {
            "year_quarter": 20212,
            "year": 2021,
            "quarter": 2,
            "eps": 0.28,
            "eps_growth_year": -15.15,
            "eps_4q": 2.6,
            "eps_4q_growth_year": 85.12,
            "roe": 1.69,
            "roe_4q": 14.510000000000002,
            "gross_profit": 84908,
            "gross_margin": 10.63,
            "gross_margin_4q_avg": 13.94,
            "net_income": 21812,
            "net_income_4q": null,
            "revenue": 798812,
            "revenue_4q": null,
            "common_shares": 741467,
            "book_valuer_per_share": 17.28,
            "book_valuer_per_share_4q_avg": 17.59,
            "equity": 1309293,
            "current_ratio": 180.7,
            "debt_ratio": 69.28,
            "inventory_turnover_ratio": 145.13,
            "account_receivable_turnover_ratio": 1.64,
            "reinvestment_rate": 64.04,
            "research_to_sale_ratio": null,
            "price_fair": 49.53,
            "eps_avg_yearly": 1.42,
            "eps_latest_yearly": 1.12,
            "eps_growth_yearly": 501.26
        },
        "20213": {
            "year_quarter": 20213,
            "year": 2021,
            "quarter": 3,
            "eps": 1.03,
            "eps_growth_year": 11.96,
            "eps_4q": 2.3,
            "eps_4q_growth_year": 19.67,
            "roe": 5.06,
            "roe_4q": 14.29,
            "gross_profit": 98430,
            "gross_margin": 13.3,
            "gross_margin_4q_avg": 14.03,
            "net_income": 77851,
            "net_income_4q": null,
            "revenue": 739922,
            "revenue_4q": null,
            "common_shares": 881467,
            "book_valuer_per_share": 19.88,
            "book_valuer_per_share_4q_avg": 18.1,
            "equity": 1767014,
            "current_ratio": 228.52,
            "debt_ratio": 56.84,
            "inventory_turnover_ratio": 130.41,
            "account_receivable_turnover_ratio": 1.23,
            "reinvestment_rate": 7.15,
            "research_to_sale_ratio": null,
            "price_fair": 53.29,
            "eps_avg_yearly": 1.52,
            "eps_latest_yearly": 4.12,
            "eps_growth_yearly": 569.79
        },
        "20214": {
            "year_quarter": 20214,
            "year": 2021,
            "quarter": 4,
            "eps": 0.08,
            "eps_growth_year": -91.44,
            "eps_4q": 1.63,
            "eps_4q_growth_year": -30.77,
            "roe": 0.34,
            "roe_4q": 9.95,
            "gross_profit": 109711,
            "gross_margin": 13.89,
            "gross_margin_4q_avg": 13.44,
            "net_income": 6101,
            "net_income_4q": null,
            "revenue": 790037,
            "revenue_4q": null,
            "common_shares": 881467,
            "book_valuer_per_share": 20.07,
            "book_valuer_per_share_4q_avg": 18.52,
            "equity": 1820692,
            "current_ratio": 236.4,
            "debt_ratio": 55.39,
            "inventory_turnover_ratio": 138.31,
            "account_receivable_turnover_ratio": 1.58,
            "reinvestment_rate": 5.71,
            "research_to_sale_ratio": null,
            "price_fair": 52.68,
            "eps_avg_yearly": 1.51,
            "eps_latest_yearly": 0.32,
            "eps_growth_yearly": 565.48
        },
        "20221": {
            "year_quarter": 20221,
            "year": 2022,
            "quarter": 1,
            "eps": 0.07,
            "eps_growth_year": -86.27,
            "eps_4q": 1.27,
            "eps_4q_growth_year": -51.96,
            "roe": 0.33,
            "roe_4q": 7.42,
            "gross_profit": 28229,
            "gross_margin": 4.68,
            "gross_margin_4q_avg": 10.63,
            "net_income": 5881,
            "net_income_4q": null,
            "revenue": 603073,
            "revenue_4q": null,
            "common_shares": 881467,
            "book_valuer_per_share": 18.82,
            "book_valuer_per_share_4q_avg": 19.01,
            "equity": 1710675,
            "current_ratio": 207.88,
            "debt_ratio": 60.21,
            "inventory_turnover_ratio": 76.99,
            "account_receivable_turnover_ratio": 1.67,
            "reinvestment_rate": 6.53,
            "research_to_sale_ratio": null,
            "price_fair": 52.59,
            "eps_avg_yearly": 1.5,
            "eps_latest_yearly": 0.28,
            "eps_growth_yearly": 574.02
        },
        "20222": {
            "year_quarter": 20222,
            "year": 2022,
            "quarter": 2,
            "eps": 0.11,
            "eps_growth_year": -60.71,
            "eps_4q": 1.17,
            "eps_4q_growth_year": -54.79,
            "roe": 0.58,
            "roe_4q": 6.31,
            "gross_profit": 1845,
            "gross_margin": 0.27,
            "gross_margin_4q_avg": 8.04,
            "net_income": 9667,
            "net_income_4q": null,
            "revenue": 691824,
            "revenue_4q": null,
            "common_shares": 881467,
            "book_valuer_per_share": 18.43,
            "book_valuer_per_share_4q_avg": 19.3,
            "equity": 1630710,
            "current_ratio": 196.9,
            "debt_ratio": 63.22,
            "inventory_turnover_ratio": 69.32,
            "account_receivable_turnover_ratio": 2.15,
            "reinvestment_rate": 20.37,
            "research_to_sale_ratio": null,
            "price_fair": 51.01,
            "eps_avg_yearly": 1.46,
            "eps_latest_yearly": 0.44,
            "eps_growth_yearly": 522.68
        },
        "20223": {
            "year_quarter": 20223,
            "year": 2022,
            "quarter": 3,
            "eps": 0.11,
            "eps_growth_year": -89.32,
            "eps_4q": 0.37,
            "eps_4q_growth_year": -83.8,
            "roe": 0.29,
            "roe_4q": 1.54,
            "gross_profit": -20044,
            "gross_margin": -3.42,
            "gross_margin_4q_avg": 3.86,
            "net_income": 4809,
            "net_income_4q": null,
            "revenue": 585692,
            "revenue_4q": null,
            "common_shares": 881467,
            "book_valuer_per_share": 18.6,
            "book_valuer_per_share_4q_avg": 18.98,
            "equity": 1641250,
            "current_ratio": 159.1,
            "debt_ratio": 64.8,
            "inventory_turnover_ratio": 61.19,
            "account_receivable_turnover_ratio": 2.52,
            "reinvestment_rate": 24.67,
            "research_to_sale_ratio": null,
            "price_fair": 51.36,
            "eps_avg_yearly": 1.47,
            "eps_latest_yearly": 0.44,
            "eps_growth_yearly": 541.65
        },
        "20224": {
            "year_quarter": 20224,
            "year": 2022,
            "quarter": 4,
            "eps": -1.2,
            "eps_growth_year": -1690.13,
            "eps_4q": -0.91,
            "eps_4q_growth_year": -155.68,
            "roe": -7.28,
            "roe_4q": -6.08,
            "gross_profit": 48981,
            "gross_margin": 6.48,
            "gross_margin_4q_avg": 2,
            "net_income": -115935,
            "net_income_4q": null,
            "revenue": 755548,
            "revenue_4q": null,
            "common_shares": 881467,
            "book_valuer_per_share": 17.61,
            "book_valuer_per_share_4q_avg": 18.37,
            "equity": 1544194,
            "current_ratio": 150.42,
            "debt_ratio": 67.65,
            "inventory_turnover_ratio": 71.02,
            "account_receivable_turnover_ratio": 5.47,
            "reinvestment_rate": 47.46,
            "research_to_sale_ratio": null,
            "price_fair": 48.44,
            "eps_avg_yearly": 1.38,
            "eps_latest_yearly": 0.44,
            "eps_growth_yearly": 345.38
        },
        "20231": {
            "year_quarter": 20231,
            "year": 2023,
            "quarter": 1,
            "eps": 0.09,
            "eps_growth_year": 28.57,
            "eps_4q": -0.89,
            "eps_4q_growth_year": -170.07,
            "roe": 1.48,
            "roe_4q": -4.930000000000001,
            "gross_profit": 149121,
            "gross_margin": 13.65,
            "gross_margin_4q_avg": 4.25,
            "net_income": 22879,
            "net_income_4q": null,
            "revenue": 1092524,
            "revenue_4q": null,
            "common_shares": 881467,
            "book_valuer_per_share": 17.49,
            "book_valuer_per_share_4q_avg": 18.03,
            "equity": 1545264,
            "current_ratio": 136.73,
            "debt_ratio": 70.94,
            "inventory_turnover_ratio": 93.69,
            "account_receivable_turnover_ratio": 2.3,
            "reinvestment_rate": 43.62,
            "research_to_sale_ratio": null,
            "price_fair": 51.4,
            "eps_avg_yearly": 1.47,
            "eps_latest_yearly": 0.44,
            "eps_growth_yearly": 396.52
        },
        "20232": {
            "year_quarter": 20232,
            "year": 2023,
            "quarter": 2,
            "eps": 0.28,
            "eps_growth_year": 154.55,
            "eps_4q": -0.73,
            "eps_4q_growth_year": -161.87,
            "roe": 1.86,
            "roe_4q": -3.6500000000000004,
            "gross_profit": 80147,
            "gross_margin": 12.73,
            "gross_margin_4q_avg": 7.36,
            "net_income": 28883,
            "net_income_4q": null,
            "revenue": 629546,
            "revenue_4q": null,
            "common_shares": 881703,
            "book_valuer_per_share": 17.66,
            "book_valuer_per_share_4q_avg": 17.84,
            "equity": 1558714,
            "current_ratio": 137.77,
            "debt_ratio": 70.81,
            "inventory_turnover_ratio": 54.07,
            "account_receivable_turnover_ratio": 0.97,
            "reinvestment_rate": 39.39,
            "research_to_sale_ratio": null,
            "price_fair": 53.1,
            "eps_avg_yearly": 1.52,
            "eps_latest_yearly": 1.12,
            "eps_growth_yearly": 422.55
        },
        "20233": {
            "year_quarter": 20233,
            "year": 2023,
            "quarter": 3,
            "eps": 0.46,
            "eps_growth_year": 318.18,
            "eps_4q": -0.32,
            "eps_4q_growth_year": -185.24,
            "roe": 1.7,
            "roe_4q": -2.24,
            "gross_profit": 104054,
            "gross_margin": 11.69,
            "gross_margin_4q_avg": 11.14,
            "net_income": 30235,
            "net_income_4q": null,
            "revenue": 889824,
            "revenue_4q": null,
            "common_shares": 997042,
            "book_valuer_per_share": 20.22,
            "book_valuer_per_share_4q_avg": 18.25,
            "equity": 2001264,
            "current_ratio": 167.04,
            "debt_ratio": 63.3,
            "inventory_turnover_ratio": 77.1,
            "account_receivable_turnover_ratio": 1.31,
            "reinvestment_rate": -25.54,
            "research_to_sale_ratio": null,
            "price_fair": 57.3,
            "eps_avg_yearly": 1.64,
            "eps_latest_yearly": 1.84,
            "eps_growth_yearly": 459.1
        }
    },
    "months": {
        "2002-05": {
            "month": "2002-05",
            "price": "92.00",
            "revenue": 49500
        },
        "2002-06": {
            "month": "2002-06",
            "price": "88.28",
            "revenue": 47818
        },
        "2002-07": {
            "month": "2002-07",
            "price": "64.82",
            "revenue": 47802
        },
        "2002-08": {
            "month": "2002-08",
            "price": "49.67",
            "revenue": 41526
        },
        "2002-09": {
            "month": "2002-09",
            "price": "41.14",
            "revenue": 41863
        },
        "2002-10": {
            "month": "2002-10",
            "price": "37.65",
            "revenue": 41356
        },
        "2002-11": {
            "month": "2002-11",
            "price": "39.82",
            "revenue": 43378
        },
        "2002-12": {
            "month": "2002-12",
            "price": "40.38",
            "revenue": 64496
        },
        "2003-01": {
            "month": "2003-01",
            "price": "39.08",
            "revenue": 40456
        },
        "2003-02": {
            "month": "2003-02",
            "price": "31.12",
            "revenue": 104586
        },
        "2003-03": {
            "month": "2003-03",
            "price": "36.46",
            "revenue": 57707
        },
        "2003-04": {
            "month": "2003-04",
            "price": "43.80",
            "revenue": 74538
        },
        "2003-05": {
            "month": "2003-05",
            "price": "57.64",
            "revenue": 70978
        },
        "2003-06": {
            "month": "2003-06",
            "price": "59.82",
            "revenue": 48782
        },
        "2003-07": {
            "month": "2003-07",
            "price": "59.33",
            "revenue": 66123
        },
        "2003-08": {
            "month": "2003-08",
            "price": "64.45",
            "revenue": 73267
        },
        "2003-09": {
            "month": "2003-09",
            "price": "62.60",
            "revenue": 68193
        },
        "2003-10": {
            "month": "2003-10",
            "price": "53.98",
            "revenue": 48921
        },
        "2003-11": {
            "month": "2003-11",
            "price": "50.34",
            "revenue": 42706
        },
        "2003-12": {
            "month": "2003-12",
            "price": "50.78",
            "revenue": 57474
        },
        "2004-01": {
            "month": "2004-01",
            "price": "52.33",
            "revenue": 64915
        },
        "2004-02": {
            "month": "2004-02",
            "price": "59.68",
            "revenue": 67690
        },
        "2004-03": {
            "month": "2004-03",
            "price": "56.33",
            "revenue": 102202
        },
        "2004-04": {
            "month": "2004-04",
            "price": "52.94",
            "revenue": 100307
        },
        "2004-05": {
            "month": "2004-05",
            "price": "39.50",
            "revenue": 69137
        },
        "2004-06": {
            "month": "2004-06",
            "price": "28.54",
            "revenue": 86202
        },
        "2004-07": {
            "month": "2004-07",
            "price": "22.46",
            "revenue": 58732
        },
        "2004-08": {
            "month": "2004-08",
            "price": "21.66",
            "revenue": 63343
        },
        "2004-09": {
            "month": "2004-09",
            "price": "21.68",
            "revenue": 48742
        },
        "2004-10": {
            "month": "2004-10",
            "price": "18.74",
            "revenue": 81114
        },
        "2004-11": {
            "month": "2004-11",
            "price": "17.66",
            "revenue": 62295
        },
        "2004-12": {
            "month": "2004-12",
            "price": "17.48",
            "revenue": 31553
        },
        "2005-01": {
            "month": "2005-01",
            "price": "15.87",
            "revenue": 62968
        },
        "2005-02": {
            "month": "2005-02",
            "price": "16.67",
            "revenue": 47115
        },
        "2005-03": {
            "month": "2005-03",
            "price": "18.61",
            "revenue": 78262
        },
        "2005-04": {
            "month": "2005-04",
            "price": "16.18",
            "revenue": 81538
        },
        "2005-05": {
            "month": "2005-05",
            "price": "13.08",
            "revenue": 70246
        },
        "2005-06": {
            "month": "2005-06",
            "price": "14.53",
            "revenue": 64696
        },
        "2005-07": {
            "month": "2005-07",
            "price": "16.62",
            "revenue": 72623
        },
        "2005-08": {
            "month": "2005-08",
            "price": "14.32",
            "revenue": 62310
        },
        "2005-09": {
            "month": "2005-09",
            "price": "14.42",
            "revenue": 74668
        },
        "2005-10": {
            "month": "2005-10",
            "price": "14.05",
            "revenue": 70876
        },
        "2005-11": {
            "month": "2005-11",
            "price": "13.93",
            "revenue": 74077
        },
        "2005-12": {
            "month": "2005-12",
            "price": "15.50",
            "revenue": 90635
        },
        "2006-01": {
            "month": "2006-01",
            "price": "18.13",
            "revenue": 94122
        },
        "2006-02": {
            "month": "2006-02",
            "price": "20.40",
            "revenue": 70703
        },
        "2006-03": {
            "month": "2006-03",
            "price": "20.83",
            "revenue": 74953
        },
        "2006-04": {
            "month": "2006-04",
            "price": "20.85",
            "revenue": 61780
        },
        "2006-05": {
            "month": "2006-05",
            "price": "18.53",
            "revenue": 69344
        },
        "2006-06": {
            "month": "2006-06",
            "price": "16.30",
            "revenue": 79533
        },
        "2006-07": {
            "month": "2006-07",
            "price": "15.99",
            "revenue": 61073
        },
        "2006-08": {
            "month": "2006-08",
            "price": "15.50",
            "revenue": 64538
        },
        "2006-09": {
            "month": "2006-09",
            "price": "15.37",
            "revenue": 54858
        },
        "2006-10": {
            "month": "2006-10",
            "price": "17.26",
            "revenue": 57762
        },
        "2006-11": {
            "month": "2006-11",
            "price": "17.71",
            "revenue": 38457
        },
        "2006-12": {
            "month": "2006-12",
            "price": "20.52",
            "revenue": 37060
        },
        "2007-01": {
            "month": "2007-01",
            "price": "20.54",
            "revenue": 69621
        },
        "2007-02": {
            "month": "2007-02",
            "price": "19.30",
            "revenue": 61308
        },
        "2007-03": {
            "month": "2007-03",
            "price": "20.64",
            "revenue": 45797
        },
        "2007-04": {
            "month": "2007-04",
            "price": "21.26",
            "revenue": 55217
        },
        "2007-05": {
            "month": "2007-05",
            "price": "18.86",
            "revenue": 64732
        },
        "2007-06": {
            "month": "2007-06",
            "price": "19.78",
            "revenue": 73249
        },
        "2007-07": {
            "month": "2007-07",
            "price": "20.51",
            "revenue": 58584
        },
        "2007-08": {
            "month": "2007-08",
            "price": "16.75",
            "revenue": 94829
        },
        "2007-09": {
            "month": "2007-09",
            "price": "16.84",
            "revenue": 83478
        },
        "2007-10": {
            "month": "2007-10",
            "price": "18.17",
            "revenue": 79090
        },
        "2007-11": {
            "month": "2007-11",
            "price": "17.40",
            "revenue": 65226
        },
        "2007-12": {
            "month": "2007-12",
            "price": "15.37",
            "revenue": 70762
        },
        "2008-01": {
            "month": "2008-01",
            "price": "13.97",
            "revenue": 66338
        },
        "2008-02": {
            "month": "2008-02",
            "price": "12.53",
            "revenue": 41792
        },
        "2008-03": {
            "month": "2008-03",
            "price": "13.06",
            "revenue": 41181
        },
        "2008-04": {
            "month": "2008-04",
            "price": "13.43",
            "revenue": 48803
        },
        "2008-05": {
            "month": "2008-05",
            "price": "12.44",
            "revenue": 34336
        },
        "2008-06": {
            "month": "2008-06",
            "price": "10.61",
            "revenue": 34498
        },
        "2008-07": {
            "month": "2008-07",
            "price": "7.50",
            "revenue": 35919
        },
        "2008-08": {
            "month": "2008-08",
            "price": "7.47",
            "revenue": 23238
        },
        "2008-09": {
            "month": "2008-09",
            "price": "5.97",
            "revenue": 34312
        },
        "2008-10": {
            "month": "2008-10",
            "price": "5.33",
            "revenue": 34681
        },
        "2008-11": {
            "month": "2008-11",
            "price": "3.55",
            "revenue": 31156
        },
        "2008-12": {
            "month": "2008-12",
            "price": "3.00",
            "revenue": 30745
        },
        "2009-01": {
            "month": "2009-01",
            "price": "4.75",
            "revenue": 30591
        },
        "2009-02": {
            "month": "2009-02",
            "price": "5.95",
            "revenue": 26483
        },
        "2009-03": {
            "month": "2009-03",
            "price": "5.89",
            "revenue": 24822
        },
        "2009-04": {
            "month": "2009-04",
            "price": "6.82",
            "revenue": 12690
        },
        "2009-05": {
            "month": "2009-05",
            "price": "7.05",
            "revenue": 31503
        },
        "2009-06": {
            "month": "2009-06",
            "price": "6.56",
            "revenue": 23734
        },
        "2009-07": {
            "month": "2009-07",
            "price": "6.31",
            "revenue": 16783
        },
        "2009-08": {
            "month": "2009-08",
            "price": "6.55",
            "revenue": 34773
        },
        "2009-09": {
            "month": "2009-09",
            "price": "7.02",
            "revenue": 25620
        },
        "2009-10": {
            "month": "2009-10",
            "price": "10.33",
            "revenue": 33846
        },
        "2009-11": {
            "month": "2009-11",
            "price": "12.72",
            "revenue": 40711
        },
        "2009-12": {
            "month": "2009-12",
            "price": "14.07",
            "revenue": 70275
        },
        "2010-01": {
            "month": "2010-01",
            "price": "16.48",
            "revenue": 40226
        },
        "2010-02": {
            "month": "2010-02",
            "price": "14.09",
            "revenue": 49924
        },
        "2010-03": {
            "month": "2010-03",
            "price": "17.40",
            "revenue": 23546
        },
        "2010-04": {
            "month": "2010-04",
            "price": "16.21",
            "revenue": 20246
        },
        "2010-05": {
            "month": "2010-05",
            "price": "14.70",
            "revenue": 45740
        },
        "2010-06": {
            "month": "2010-06",
            "price": "13.85",
            "revenue": 15648
        },
        "2010-07": {
            "month": "2010-07",
            "price": "13.64",
            "revenue": 41796
        },
        "2010-08": {
            "month": "2010-08",
            "price": "13.61",
            "revenue": 36126
        },
        "2010-09": {
            "month": "2010-09",
            "price": "11.86",
            "revenue": 39023
        },
        "2010-10": {
            "month": "2010-10",
            "price": "12.35",
            "revenue": 35064
        },
        "2010-11": {
            "month": "2010-11",
            "price": "10.29",
            "revenue": 25676
        },
        "2010-12": {
            "month": "2010-12",
            "price": "11.59",
            "revenue": 34137
        },
        "2011-01": {
            "month": "2011-01",
            "price": "11.50",
            "revenue": 30909
        },
        "2011-02": {
            "month": "2011-02",
            "price": "10.80",
            "revenue": 28129
        },
        "2011-03": {
            "month": "2011-03",
            "price": "10.45",
            "revenue": 39340
        },
        "2011-04": {
            "month": "2011-04",
            "price": "10.29",
            "revenue": 32075
        },
        "2011-05": {
            "month": "2011-05",
            "price": "10.18",
            "revenue": 30169
        },
        "2011-06": {
            "month": "2011-06",
            "price": "11.96",
            "revenue": 21352
        },
        "2011-07": {
            "month": "2011-07",
            "price": "10.87",
            "revenue": 44686
        },
        "2011-08": {
            "month": "2011-08",
            "price": "9.81",
            "revenue": 28682
        },
        "2011-09": {
            "month": "2011-09",
            "price": "9.84",
            "revenue": 33528
        },
        "2011-10": {
            "month": "2011-10",
            "price": "9.97",
            "revenue": 35346
        },
        "2011-11": {
            "month": "2011-11",
            "price": "9.63",
            "revenue": 33531
        },
        "2011-12": {
            "month": "2011-12",
            "price": "9.42",
            "revenue": 33282
        },
        "2012-01": {
            "month": "2012-01",
            "price": "9.52",
            "revenue": 25583
        },
        "2012-02": {
            "month": "2012-02",
            "price": "10.20",
            "revenue": 21079
        },
        "2012-03": {
            "month": "2012-03",
            "price": "9.56",
            "revenue": 12796
        },
        "2012-04": {
            "month": "2012-04",
            "price": "9.04",
            "revenue": 30637
        },
        "2012-05": {
            "month": "2012-05",
            "price": "8.44",
            "revenue": 26572
        },
        "2012-06": {
            "month": "2012-06",
            "price": "8.73",
            "revenue": 9049
        },
        "2012-07": {
            "month": "2012-07",
            "price": "8.63",
            "revenue": 35304
        },
        "2012-08": {
            "month": "2012-08",
            "price": "8.37",
            "revenue": 30103
        },
        "2012-09": {
            "month": "2012-09",
            "price": "7.60",
            "revenue": 34883
        },
        "2012-10": {
            "month": "2012-10",
            "price": "7.33",
            "revenue": 20935
        },
        "2012-11": {
            "month": "2012-11",
            "price": "6.43",
            "revenue": 15837
        },
        "2012-12": {
            "month": "2012-12",
            "price": "6.22",
            "revenue": 9959
        },
        "2013-01": {
            "month": "2013-01",
            "price": "6.15",
            "revenue": 11027
        },
        "2013-02": {
            "month": "2013-02",
            "price": "6.92",
            "revenue": 10297
        },
        "2013-03": {
            "month": "2013-03",
            "price": "7.76",
            "revenue": 9442
        },
        "2013-04": {
            "month": "2013-04",
            "price": "7.12",
            "revenue": 20386
        },
        "2013-05": {
            "month": "2013-05",
            "price": "7.16",
            "revenue": 17420
        },
        "2013-06": {
            "month": "2013-06",
            "price": "7.78",
            "revenue": 11361
        },
        "2013-07": {
            "month": "2013-07",
            "price": "9.76",
            "revenue": 17794
        },
        "2013-08": {
            "month": "2013-08",
            "price": "12.11",
            "revenue": 14957
        },
        "2013-09": {
            "month": "2013-09",
            "price": "12.88",
            "revenue": 10077
        },
        "2013-10": {
            "month": "2013-10",
            "price": "12.61",
            "revenue": 4428
        },
        "2013-11": {
            "month": "2013-11",
            "price": "12.03",
            "revenue": 17705
        },
        "2013-12": {
            "month": "2013-12",
            "price": "11.50",
            "revenue": 8566
        },
        "2014-01": {
            "month": "2014-01",
            "price": "11.86",
            "revenue": 3967
        },
        "2014-02": {
            "month": "2014-02",
            "price": "16.77",
            "revenue": 10779
        },
        "2014-03": {
            "month": "2014-03",
            "price": "19.54",
            "revenue": 64810
        },
        "2014-04": {
            "month": "2014-04",
            "price": "20.10",
            "revenue": 17809
        },
        "2014-05": {
            "month": "2014-05",
            "price": "20.20",
            "revenue": 30642
        },
        "2014-06": {
            "month": "2014-06",
            "price": "19.64",
            "revenue": 57922
        },
        "2014-07": {
            "month": "2014-07",
            "price": "24.85",
            "revenue": 37549
        },
        "2014-08": {
            "month": "2014-08",
            "price": "28.00",
            "revenue": 45583
        },
        "2014-09": {
            "month": "2014-09",
            "price": "26.10",
            "revenue": 72103
        },
        "2014-10": {
            "month": "2014-10",
            "price": "30.87",
            "revenue": 90637
        },
        "2014-11": {
            "month": "2014-11",
            "price": "28.90",
            "revenue": 105412
        },
        "2014-12": {
            "month": "2014-12",
            "price": "36.34",
            "revenue": 92944
        },
        "2015-01": {
            "month": "2015-01",
            "price": "37.49",
            "revenue": 95748
        },
        "2015-02": {
            "month": "2015-02",
            "price": "37.88",
            "revenue": 66301
        },
        "2015-03": {
            "month": "2015-03",
            "price": "40.17",
            "revenue": 71582
        },
        "2015-04": {
            "month": "2015-04",
            "price": "42.90",
            "revenue": 160855
        },
        "2015-05": {
            "month": "2015-05",
            "price": "40.91",
            "revenue": 209354
        },
        "2015-06": {
            "month": "2015-06",
            "price": "39.00",
            "revenue": 137983
        },
        "2015-07": {
            "month": "2015-07",
            "price": "36.19",
            "revenue": 131615
        },
        "2015-08": {
            "month": "2015-08",
            "price": "36.31",
            "revenue": 127997
        },
        "2015-09": {
            "month": "2015-09",
            "price": "38.08",
            "revenue": 102421
        },
        "2015-10": {
            "month": "2015-10",
            "price": "38.13",
            "revenue": 100403
        },
        "2015-11": {
            "month": "2015-11",
            "price": "38.11",
            "revenue": 73093
        },
        "2015-12": {
            "month": "2015-12",
            "price": "36.40",
            "revenue": 117031
        },
        "2016-01": {
            "month": "2016-01",
            "price": "35.07",
            "revenue": 114016
        },
        "2016-02": {
            "month": "2016-02",
            "price": "36.74",
            "revenue": 64530
        },
        "2016-03": {
            "month": "2016-03",
            "price": "37.50",
            "revenue": 117626
        },
        "2016-04": {
            "month": "2016-04",
            "price": "37.89",
            "revenue": 119107
        },
        "2016-05": {
            "month": "2016-05",
            "price": "36.61",
            "revenue": 242004
        },
        "2016-06": {
            "month": "2016-06",
            "price": "35.59",
            "revenue": 215360
        },
        "2016-07": {
            "month": "2016-07",
            "price": "37.94",
            "revenue": 180713
        },
        "2016-08": {
            "month": "2016-08",
            "price": "47.11",
            "revenue": 212008
        },
        "2016-09": {
            "month": "2016-09",
            "price": "48.24",
            "revenue": 309528
        },
        "2016-10": {
            "month": "2016-10",
            "price": "51.38",
            "revenue": 261328
        },
        "2016-11": {
            "month": "2016-11",
            "price": "50.38",
            "revenue": 267829
        },
        "2016-12": {
            "month": "2016-12",
            "price": "49.20",
            "revenue": 266057
        },
        "2017-01": {
            "month": "2017-01",
            "price": "53.03",
            "revenue": 178032
        },
        "2017-02": {
            "month": "2017-02",
            "price": "52.50",
            "revenue": 192026
        },
        "2017-03": {
            "month": "2017-03",
            "price": "49.82",
            "revenue": 286535
        },
        "2017-04": {
            "month": "2017-04",
            "price": "50.31",
            "revenue": 196318
        },
        "2017-05": {
            "month": "2017-05",
            "price": "48.66",
            "revenue": 199994
        },
        "2017-06": {
            "month": "2017-06",
            "price": "49.83",
            "revenue": 221854
        },
        "2017-07": {
            "month": "2017-07",
            "price": "48.57",
            "revenue": 161261
        },
        "2017-08": {
            "month": "2017-08",
            "price": "45.66",
            "revenue": 165699
        },
        "2017-09": {
            "month": "2017-09",
            "price": "47.08",
            "revenue": 157698
        },
        "2017-10": {
            "month": "2017-10",
            "price": "48.24",
            "revenue": 158535
        },
        "2017-11": {
            "month": "2017-11",
            "price": "46.08",
            "revenue": 160320
        },
        "2017-12": {
            "month": "2017-12",
            "price": "44.70",
            "revenue": 149456
        },
        "2018-01": {
            "month": "2018-01",
            "price": "43.80",
            "revenue": 136445
        },
        "2018-02": {
            "month": "2018-02",
            "price": "42.30",
            "revenue": 104711
        },
        "2018-03": {
            "month": "2018-03",
            "price": "40.05",
            "revenue": 128732
        },
        "2018-04": {
            "month": "2018-04",
            "price": "39.17",
            "revenue": 100542
        },
        "2018-05": {
            "month": "2018-05",
            "price": "38.44",
            "revenue": 112383
        },
        "2018-06": {
            "month": "2018-06",
            "price": "38.19",
            "revenue": 115687
        },
        "2018-07": {
            "month": "2018-07",
            "price": "38.15",
            "revenue": 176281
        },
        "2018-08": {
            "month": "2018-08",
            "price": "37.85",
            "revenue": 170344
        },
        "2018-09": {
            "month": "2018-09",
            "price": "36.47",
            "revenue": 171346
        },
        "2018-10": {
            "month": "2018-10",
            "price": "34.09",
            "revenue": 249798
        },
        "2018-11": {
            "month": "2018-11",
            "price": "33.94",
            "revenue": 230153
        },
        "2018-12": {
            "month": "2018-12",
            "price": "34.11",
            "revenue": 259896
        },
        "2019-01": {
            "month": "2019-01",
            "price": "33.89",
            "revenue": 156171
        },
        "2019-02": {
            "month": "2019-02",
            "price": "33.67",
            "revenue": 107220
        },
        "2019-03": {
            "month": "2019-03",
            "price": "34.76",
            "revenue": 104947
        },
        "2019-04": {
            "month": "2019-04",
            "price": "34.95",
            "revenue": 132059
        },
        "2019-05": {
            "month": "2019-05",
            "price": "33.67",
            "revenue": 124231
        },
        "2019-06": {
            "month": "2019-06",
            "price": "33.78",
            "revenue": 157833
        },
        "2019-07": {
            "month": "2019-07",
            "price": "33.30",
            "revenue": 197609
        },
        "2019-08": {
            "month": "2019-08",
            "price": "33.09",
            "revenue": 202398
        },
        "2019-09": {
            "month": "2019-09",
            "price": "33.13",
            "revenue": 224715
        },
        "2019-10": {
            "month": "2019-10",
            "price": "32.86",
            "revenue": 213984
        },
        "2019-11": {
            "month": "2019-11",
            "price": "32.65",
            "revenue": 203261
        },
        "2019-12": {
            "month": "2019-12",
            "price": "32.35",
            "revenue": 185033
        },
        "2020-01": {
            "month": "2020-01",
            "price": "31.32",
            "revenue": 194640
        },
        "2020-02": {
            "month": "2020-02",
            "price": "30.07",
            "revenue": 164861
        },
        "2020-03": {
            "month": "2020-03",
            "price": "28.82",
            "revenue": 170903
        },
        "2020-04": {
            "month": "2020-04",
            "price": "28.85",
            "revenue": 189091
        },
        "2020-05": {
            "month": "2020-05",
            "price": "33.31",
            "revenue": 190542
        },
        "2020-06": {
            "month": "2020-06",
            "price": "34.39",
            "revenue": 213178
        },
        "2020-07": {
            "month": "2020-07",
            "price": "38.69",
            "revenue": 279538
        },
        "2020-08": {
            "month": "2020-08",
            "price": "40.10",
            "revenue": 460521
        },
        "2020-09": {
            "month": "2020-09",
            "price": "37.49",
            "revenue": 377242
        },
        "2020-10": {
            "month": "2020-10",
            "price": "32.89",
            "revenue": 285162
        },
        "2020-11": {
            "month": "2020-11",
            "price": "32.57",
            "revenue": 339388
        },
        "2020-12": {
            "month": "2020-12",
            "price": "33.01",
            "revenue": 417471
        },
        "2021-01": {
            "month": "2021-01",
            "price": "32.85",
            "revenue": 249888
        },
        "2021-02": {
            "month": "2021-02",
            "price": "32.60",
            "revenue": 224281
        },
        "2021-03": {
            "month": "2021-03",
            "price": "34.24",
            "revenue": 257196
        },
        "2021-04": {
            "month": "2021-04",
            "price": "37.61",
            "revenue": 181204
        },
        "2021-05": {
            "month": "2021-05",
            "price": "32.10",
            "revenue": 222515
        },
        "2021-06": {
            "month": "2021-06",
            "price": "32.68",
            "revenue": 395093
        },
        "2021-07": {
            "month": "2021-07",
            "price": "30.43",
            "revenue": 275756
        },
        "2021-08": {
            "month": "2021-08",
            "price": "28.90",
            "revenue": 202992
        },
        "2021-09": {
            "month": "2021-09",
            "price": "29.75",
            "revenue": 261175
        },
        "2021-10": {
            "month": "2021-10",
            "price": "29.99",
            "revenue": 261236
        },
        "2021-11": {
            "month": "2021-11",
            "price": "30.17",
            "revenue": 299156
        },
        "2021-12": {
            "month": "2021-12",
            "price": "31.41",
            "revenue": 229644
        },
        "2022-01": {
            "month": "2022-01",
            "price": "30.22",
            "revenue": 194545
        },
        "2022-02": {
            "month": "2022-02",
            "price": "29.42",
            "revenue": 191237
        },
        "2022-03": {
            "month": "2022-03",
            "price": "28.38",
            "revenue": 217291
        },
        "2022-04": {
            "month": "2022-04",
            "price": "31.00",
            "revenue": 193717
        },
        "2022-05": {
            "month": "2022-05",
            "price": "30.80",
            "revenue": 185027
        },
        "2022-06": {
            "month": "2022-06",
            "price": "29.75",
            "revenue": 313080
        },
        "2022-07": {
            "month": "2022-07",
            "price": "27.90",
            "revenue": 231914
        },
        "2022-08": {
            "month": "2022-08",
            "price": "27.46",
            "revenue": 178662
        },
        "2022-09": {
            "month": "2022-09",
            "price": "26.68",
            "revenue": 272686
        },
        "2022-10": {
            "month": "2022-10",
            "price": "26.06",
            "revenue": 265664
        },
        "2022-11": {
            "month": "2022-11",
            "price": "25.10",
            "revenue": 234263
        },
        "2022-12": {
            "month": "2022-12",
            "price": "23.77",
            "revenue": 255620
        },
        "2023-01": {
            "month": "2023-01",
            "price": "25.27",
            "revenue": 238059
        },
        "2023-02": {
            "month": "2023-02",
            "price": "27.33",
            "revenue": 249469
        },
        "2023-03": {
            "month": "2023-03",
            "price": "28.65",
            "revenue": 552017
        },
        "2023-04": {
            "month": "2023-04",
            "price": "31.29",
            "revenue": 187025
        },
        "2023-05": {
            "month": "2023-05",
            "price": "32.71",
            "revenue": 198372
        },
        "2023-06": {
            "month": "2023-06",
            "price": "33.69",
            "revenue": 244149
        },
        "2023-07": {
            "month": "2023-07",
            "price": "34.64",
            "revenue": 192136
        },
        "2023-08": {
            "month": "2023-08",
            "price": "29.34",
            "revenue": 385813
        },
        "2023-09": {
            "month": "2023-09",
            "price": "29.70",
            "revenue": 313544
        },
        "2023-10": {
            "month": "2023-10",
            "price": "28.85",
            "revenue": 121800
        },
        "2023-11": {
            "month": "2023-11",
            "price": "29.61",
            "revenue": 252345
        },
        "2023-12": {
            "month": "2023-12",
            "price": "30.09",
            "revenue": 341542
        }
    }
}
