{
    "summary": {
        "stock_name": "橘子",
        "stock_id": "6180",
        "category": "文化創意",
        "main_business": "資訊軟體服務業，第二類電信事業<br>仲介服務業，資料儲存及處理設備製造業<br>一般廣告業務，除許可業務外，得經營法令非禁止或限制之業務",
        "website_url": "http://www.gamania.com",
        "ceo": "劉柏園",
        "pe_ratio": 13,
        "report_year_from": 2001,
        "report_year_to": 2023,
        "age": 22,
        "eps_negative_percentage": 22,
        "eps_growth_avg": {
            "last_all": -6.96,
            "last_2y": 13.19,
            "last_4y": 17.79,
            "last_8y": 13.98,
            "last_12y": -3.53,
            "last_16y": -4.39,
            "last_20y": -6.96,
            "at_2006_last_3y": -100,
            "at_2007_last_3y": -13.03,
            "at_2008_last_3y": -23.93,
            "at_2009_last_3y": -7.52,
            "at_2010_last_3y": -10.8,
            "at_2011_last_3y": -15.06,
            "at_2012_last_3y": -31.35,
            "at_2013_last_3y": -50.23,
            "at_2014_last_3y": -35.71,
            "at_2015_last_3y": 7.64,
            "at_2016_last_3y": 7.64,
            "at_2017_last_3y": 7.64,
            "at_2018_last_3y": 33.33,
            "at_2019_last_3y": -16.88,
            "at_2020_last_3y": 15.74,
            "at_2021_last_3y": 18.35,
            "at_2022_last_3y": -2.76,
            "at_2023_last_3y": -2.76,
            "at_2006_last_all": -25,
            "at_2007_last_all": -21.01,
            "at_2008_last_all": -24.47,
            "at_2009_last_all": -14.51,
            "at_2010_last_all": -15.54,
            "at_2011_last_all": -17.61,
            "at_2012_last_all": -27.91,
            "at_2013_last_all": -27.91,
            "at_2014_last_all": -22.26,
            "at_2015_last_all": -10.04,
            "at_2016_last_all": -18.21,
            "at_2017_last_all": -18.21,
            "at_2018_last_all": -8.36,
            "at_2019_last_all": -11.61,
            "at_2020_last_all": -10.94,
            "at_2021_last_all": -8.46,
            "at_2022_last_all": -6.96,
            "at_2023_last_all": -6.96
        },
        "latest_eps": 6.24,
        "latest_price": 81.3,
        "latest_roe": 16.75,
        "latest_gross_margin": 41.76,
        "latest_equity": 6620504,
        "latest_revenue": 3034224,
        "latest_gross_profit": 1266964,
        "latest_net_income": 335691,
        "latest_debt_ratio": 38.34,
        "latest_current_ratio": 156.96,
        "latest_account_receivable_turnover_ratio": 3.59,
        "latest_inventory_turnover_ratio": 13.54,
        "latest_reinvestment_rate": -3.36,
        "latest_research_to_sale_ratio": 5.27
    },
    "eps_dividends": {
        "2000": {
            "cash": 0,
            "stock": 5.5,
            "eps": 0
        },
        "2001": {
            "cash": 0,
            "stock": 0.7,
            "eps": 5.9
        },
        "2002": {
            "cash": 0,
            "stock": 5,
            "eps": 8.85
        },
        "2003": {
            "cash": 0.21,
            "stock": 3.98,
            "eps": -1.84
        },
        "2004": {
            "cash": 0,
            "stock": 0,
            "eps": -1.1
        },
        "2005": {
            "cash": 0,
            "stock": 0,
            "eps": -1.76
        },
        "2006": {
            "cash": 0,
            "stock": 0,
            "eps": 3.07
        },
        "2007": {
            "cash": 1.04,
            "stock": 0.26,
            "eps": 2.67
        },
        "2008": {
            "cash": 1.9,
            "stock": 0.05,
            "eps": 1.74
        },
        "2009": {
            "cash": 1,
            "stock": 0,
            "eps": 2.18
        },
        "2010": {
            "cash": 1.3,
            "stock": 0,
            "eps": 1.73
        },
        "2011": {
            "cash": 1.2,
            "stock": 0,
            "eps": 1.21
        },
        "2012": {
            "cash": 0.8,
            "stock": 0,
            "eps": -2.23
        },
        "2013": {
            "cash": 0,
            "stock": 0,
            "eps": 0.48
        },
        "2014": {
            "cash": 0.5,
            "stock": 0,
            "eps": 0.59
        },
        "2015": {
            "cash": 0.7,
            "stock": 0,
            "eps": 2.46
        },
        "2016": {
            "cash": 1.2,
            "stock": 0,
            "eps": -2.44
        },
        "2017": {
            "cash": 0,
            "stock": 0,
            "eps": 0.14
        },
        "2018": {
            "cash": 0.5,
            "stock": 0,
            "eps": 10.35
        },
        "2019": {
            "cash": 6.2,
            "stock": 0,
            "eps": 5.11
        },
        "2020": {
            "cash": 3.1,
            "stock": 0,
            "eps": 5
        },
        "2021": {
            "cash": 4,
            "stock": 0,
            "eps": 6.31
        },
        "2022": {
            "cash": 5,
            "stock": 0,
            "eps": 7.29
        },
        "2023": {
            "cash": 5.8,
            "stock": 0,
            "eps": 1.92
        }
    },
    "dividends": {
        "2000-03-24": {
            "cash": 0,
            "stock": 5.5
        },
        "2001-05-22": {
            "cash": 0,
            "stock": 0.7
        },
        "2002-06-03": {
            "cash": 0,
            "stock": 5
        },
        "2003-04-28": {
            "cash": 0.21,
            "stock": 3.98
        },
        "2007-04-25": {
            "cash": 1.04,
            "stock": 0.26
        },
        "2008-03-24": {
            "cash": 1.9,
            "stock": 0.05
        },
        "2009-03-23": {
            "cash": 1,
            "stock": 0
        },
        "2010-03-17": {
            "cash": 1.3,
            "stock": 0
        },
        "2011-04-22": {
            "cash": 1.2,
            "stock": 0
        },
        "2012-06-22": {
            "cash": 0.8,
            "stock": 0
        },
        "2014-09-17": {
            "cash": 0.5,
            "stock": 0
        },
        "2015-09-18": {
            "cash": 0.7,
            "stock": 0
        },
        "2016-08-19": {
            "cash": 1.2,
            "stock": 0
        },
        "2018-09-14": {
            "cash": 0.5,
            "stock": 0
        },
        "2019-07-12": {
            "cash": 6.2,
            "stock": 0
        },
        "2020-08-07": {
            "cash": 3.1,
            "stock": 0
        },
        "2021-09-15": {
            "cash": 4,
            "stock": 0
        },
        "2022-07-27": {
            "cash": 5,
            "stock": 0
        },
        "2023-03-09": {
            "cash": 5.8,
            "stock": 0
        }
    },
    "prices": {
        "200101": "無",
        "200102": "無",
        "200103": "無",
        "200104": "無",
        "200105": "無",
        "200106": "無",
        "200107": "無",
        "200108": "無",
        "200109": "無",
        "200110": "無",
        "200111": "無",
        "200112": "無",
        "200201": "無",
        "200202": "無",
        "200203": "無",
        "200204": "無",
        "200205": "163.67",
        "200206": "173.90",
        "200207": "112.96",
        "200208": "107.41",
        "200209": "91.90",
        "200210": "75.84",
        "200211": "71.33",
        "200212": "60.84",
        "200301": "62.95",
        "200302": "57.09",
        "200303": "46.82",
        "200304": "37.49",
        "200305": "29.35",
        "200306": "31.58",
        "200307": "30.83",
        "200308": "29.17",
        "200309": "26.73",
        "200310": "25.46",
        "200311": "27.60",
        "200312": "27.90",
        "200401": "31.49",
        "200402": "30.98",
        "200403": "27.25",
        "200404": "24.72",
        "200405": "20.77",
        "200406": "19.80",
        "200407": "17.71",
        "200408": "15.66",
        "200409": "14.80",
        "200410": "15.44",
        "200411": "15.80",
        "200412": "16.38",
        "200501": "18.00",
        "200502": "16.58",
        "200503": "15.83",
        "200504": "13.84",
        "200505": "13.14",
        "200506": "14.56",
        "200507": "14.80",
        "200508": "16.01",
        "200509": "16.07",
        "200510": "16.73",
        "200511": "14.94",
        "200512": "15.06",
        "200601": "14.99",
        "200602": "14.62",
        "200603": "14.65",
        "200604": "16.96",
        "200605": "16.56",
        "200606": "15.03",
        "200607": "15.24",
        "200608": "16.46",
        "200609": "19.89",
        "200610": "29.85",
        "200611": "27.86",
        "200612": "32.60",
        "200701": "35.36",
        "200702": "37.19",
        "200703": "32.71",
        "200704": "33.89",
        "200705": "34.22",
        "200706": "37.90",
        "200707": "42.15",
        "200708": "36.53",
        "200709": "33.23",
        "200710": "32.50",
        "200711": "30.25",
        "200712": "30.22",
        "200801": "27.79",
        "200802": "26.57",
        "200803": "29.12",
        "200804": "31.15",
        "200805": "34.54",
        "200806": "32.14",
        "200807": "27.54",
        "200808": "25.29",
        "200809": "18.80",
        "200810": "14.67",
        "200811": "13.31",
        "200812": "16.51",
        "200901": "21.98",
        "200902": "22.12",
        "200903": "28.97",
        "200904": "33.41",
        "200905": "42.34",
        "200906": "55.32",
        "200907": "59.90",
        "200908": "54.56",
        "200909": "49.33",
        "200910": "48.83",
        "200911": "46.24",
        "200912": "48.71",
        "201001": "56.25",
        "201002": "49.31",
        "201003": "49.13",
        "201004": "49.47",
        "201005": "52.53",
        "201006": "54.35",
        "201007": "52.28",
        "201008": "48.29",
        "201009": "43.01",
        "201010": "41.82",
        "201011": "43.60",
        "201012": "46.86",
        "201101": "47.51",
        "201102": "42.25",
        "201103": "41.39",
        "201104": "45.79",
        "201105": "48.38",
        "201106": "48.20",
        "201107": "44.81",
        "201108": "37.14",
        "201109": "33.41",
        "201110": "30.11",
        "201111": "28.17",
        "201112": "24.60",
        "201201": "26.85",
        "201202": "30.03",
        "201203": "31.77",
        "201204": "32.54",
        "201205": "30.50",
        "201206": "29.40",
        "201207": "27.66",
        "201208": "25.46",
        "201209": "25.07",
        "201210": "25.64",
        "201211": "24.55",
        "201212": "26.73",
        "201301": "27.08",
        "201302": "25.17",
        "201303": "24.98",
        "201304": "23.79",
        "201305": "25.84",
        "201306": "26.38",
        "201307": "24.84",
        "201308": "24.93",
        "201309": "24.82",
        "201310": "24.59",
        "201311": "23.91",
        "201312": "24.41",
        "201401": "27.44",
        "201402": "27.06",
        "201403": "29.76",
        "201404": "37.81",
        "201405": "36.36",
        "201406": "37.90",
        "201407": "34.67",
        "201408": "29.92",
        "201409": "30.89",
        "201410": "29.79",
        "201411": "29.18",
        "201412": "34.32",
        "201501": "38.27",
        "201502": "37.01",
        "201503": "36.25",
        "201504": "39.36",
        "201505": "38.40",
        "201506": "40.61",
        "201507": "40.37",
        "201508": "38.05",
        "201509": "36.94",
        "201510": "40.20",
        "201511": "45.82",
        "201512": "43.53",
        "201601": "37.95",
        "201602": "37.99",
        "201603": "38.11",
        "201604": "34.08",
        "201605": "31.31",
        "201606": "32.31",
        "201607": "33.21",
        "201608": "32.31",
        "201609": "29.54",
        "201610": "28.76",
        "201611": "28.70",
        "201612": "29.10",
        "201701": "29.27",
        "201702": "28.96",
        "201703": "29.63",
        "201704": "30.89",
        "201705": "33.58",
        "201706": "38.09",
        "201707": "36.52",
        "201708": "39.49",
        "201709": "70.20",
        "201710": "77.63",
        "201711": "95.84",
        "201712": "90.10",
        "201801": "86.51",
        "201802": "77.74",
        "201803": "74.05",
        "201804": "67.82",
        "201805": "70.80",
        "201806": "77.68",
        "201807": "69.79",
        "201808": "72.98",
        "201809": "67.80",
        "201810": "59.05",
        "201811": "67.28",
        "201812": "76.36",
        "201901": "75.84",
        "201902": "73.59",
        "201903": "77.14",
        "201904": "75.76",
        "201905": "69.40",
        "201906": "68.96",
        "201907": "68.07",
        "201908": "62.01",
        "201909": "60.05",
        "201910": "58.31",
        "201911": "58.59",
        "201912": "58.42",
        "202001": "58.61",
        "202002": "56.43",
        "202003": "48.07",
        "202004": "51.50",
        "202005": "60.44",
        "202006": "66.06",
        "202007": "72.41",
        "202008": "68.82",
        "202009": "65.84",
        "202010": "62.46",
        "202011": "63.62",
        "202012": "65.70",
        "202101": "66.62",
        "202102": "63.54",
        "202103": "64.39",
        "202104": "65.33",
        "202105": "64.13",
        "202106": "64.04",
        "202107": "64.18",
        "202108": "62.04",
        "202109": "57.48",
        "202110": "55.95",
        "202111": "59.55",
        "202112": "65.68",
        "202201": "66.42",
        "202202": "65.96",
        "202203": "65.96",
        "202204": "65.47",
        "202205": "66.81",
        "202206": "66.62",
        "202207": "58.39",
        "202208": "60.80",
        "202209": "57.73",
        "202210": "54.46",
        "202211": "59.62",
        "202212": "67.10",
        "202301": "73.36",
        "202302": "83.72",
        "202303": "77.55",
        "202304": "72.88",
        "202305": "74.04",
        "202306": "81.73"
    },
    "quarters": {
        "20011": {
            "year_quarter": 20011,
            "year": 2001,
            "quarter": 1,
            "eps": 0.12,
            "eps_growth_year": null,
            "eps_4q": null,
            "eps_4q_growth_year": null,
            "roe": 0.8,
            "roe_4q": 0.8,
            "gross_profit": 81258,
            "gross_margin": 52.03,
            "gross_margin_4q_avg": 52.03,
            "net_income": 4640,
            "revenue": 156175,
            "common_shares": 528130,
            "book_valuer_per_share": 15.76,
            "book_valuer_per_share_4q_avg": 15.76,
            "equity": 832462,
            "current_ratio": 296.47,
            "debt_ratio": 24.63,
            "inventory_turnover_ratio": 8.37,
            "account_receivable_turnover_ratio": null,
            "reinvestment_rate": null,
            "research_to_sale_ratio": null,
            "price_fair": 0,
            "eps_avg_yearly": 0,
            "eps_latest_yearly": 0,
            "eps_growth_yearly": 0
        },
        "20012": {
            "year_quarter": 20012,
            "year": 2001,
            "quarter": 2,
            "eps": 3.59,
            "eps_growth_year": null,
            "eps_4q": null,
            "eps_4q_growth_year": null,
            "roe": 18.96,
            "roe_4q": 19.76,
            "gross_profit": 249578,
            "gross_margin": 67.23,
            "gross_margin_4q_avg": 59.63,
            "net_income": 174577,
            "revenue": 371236,
            "common_shares": 528130,
            "book_valuer_per_share": 19.11,
            "book_valuer_per_share_4q_avg": 17.44,
            "equity": 1009047,
            "current_ratio": 442.23,
            "debt_ratio": 14.85,
            "inventory_turnover_ratio": 10.98,
            "account_receivable_turnover_ratio": null,
            "reinvestment_rate": null,
            "research_to_sale_ratio": null,
            "price_fair": 0,
            "eps_avg_yearly": 0,
            "eps_latest_yearly": 0,
            "eps_growth_yearly": 0
        },
        "20013": {
            "year_quarter": 20013,
            "year": 2001,
            "quarter": 3,
            "eps": 1.13,
            "eps_growth_year": null,
            "eps_4q": null,
            "eps_4q_growth_year": null,
            "roe": 5.6,
            "roe_4q": 25.360000000000003,
            "gross_profit": 173743,
            "gross_margin": 61.36,
            "gross_margin_4q_avg": 60.21,
            "net_income": 58146,
            "revenue": 283172,
            "common_shares": 569200,
            "book_valuer_per_share": 18.76,
            "book_valuer_per_share_4q_avg": 17.88,
            "equity": 1067960,
            "current_ratio": 433.57,
            "debt_ratio": 14.22,
            "inventory_turnover_ratio": 6.94,
            "account_receivable_turnover_ratio": null,
            "reinvestment_rate": null,
            "research_to_sale_ratio": null,
            "price_fair": 0,
            "eps_avg_yearly": 0,
            "eps_latest_yearly": 0,
            "eps_growth_yearly": 0
        },
        "20014": {
            "year_quarter": 20014,
            "year": 2001,
            "quarter": 4,
            "eps": 1.06,
            "eps_growth_year": null,
            "eps_4q": 5.55,
            "eps_4q_growth_year": null,
            "roe": 5.11,
            "roe_4q": 30.470000000000002,
            "gross_profit": 251571,
            "gross_margin": 64.39,
            "gross_margin_4q_avg": 61.25,
            "net_income": 55983,
            "revenue": 390679,
            "common_shares": 569200,
            "book_valuer_per_share": 19.71,
            "book_valuer_per_share_4q_avg": 18.34,
            "equity": 1122172,
            "current_ratio": 350.02,
            "debt_ratio": 18.64,
            "inventory_turnover_ratio": 7.05,
            "account_receivable_turnover_ratio": null,
            "reinvestment_rate": null,
            "research_to_sale_ratio": null,
            "price_fair": 0,
            "eps_avg_yearly": 0,
            "eps_latest_yearly": 0,
            "eps_growth_yearly": 0
        },
        "20021": {
            "year_quarter": 20021,
            "year": 2002,
            "quarter": 1,
            "eps": 3.22,
            "eps_growth_year": 2583.33,
            "eps_4q": 8.3,
            "eps_4q_growth_year": null,
            "roe": 15.1,
            "roe_4q": 44.77,
            "gross_profit": 338551,
            "gross_margin": 65.19,
            "gross_margin_4q_avg": 64.54,
            "net_income": 183067,
            "revenue": 519318,
            "common_shares": 569200,
            "book_valuer_per_share": 22.89,
            "book_valuer_per_share_4q_avg": 20.12,
            "equity": 1302986,
            "current_ratio": 209.76,
            "debt_ratio": 26.81,
            "inventory_turnover_ratio": 9.61,
            "account_receivable_turnover_ratio": null,
            "reinvestment_rate": null,
            "research_to_sale_ratio": null,
            "price_fair": 450.8,
            "eps_avg_yearly": 12.88,
            "eps_latest_yearly": 12.88,
            "eps_growth_yearly": 815.09
        },
        "20022": {
            "year_quarter": 20022,
            "year": 2002,
            "quarter": 2,
            "eps": 1.72,
            "eps_growth_year": -52.09,
            "eps_4q": 5.1,
            "eps_4q_growth_year": null,
            "roe": 11.09,
            "roe_4q": 36.9,
            "gross_profit": 342294,
            "gross_margin": 63.58,
            "gross_margin_4q_avg": 63.63,
            "net_income": 151306,
            "revenue": 538356,
            "common_shares": 569200,
            "book_valuer_per_share": 25.05,
            "book_valuer_per_share_4q_avg": 21.6,
            "equity": 1426038,
            "current_ratio": 239.63,
            "debt_ratio": 21.85,
            "inventory_turnover_ratio": 12.44,
            "account_receivable_turnover_ratio": null,
            "reinvestment_rate": null,
            "research_to_sale_ratio": null,
            "price_fair": 345.8,
            "eps_avg_yearly": 9.88,
            "eps_latest_yearly": 6.88,
            "eps_growth_yearly": 314.38
        },
        "20023": {
            "year_quarter": 20023,
            "year": 2002,
            "quarter": 3,
            "eps": 1.63,
            "eps_growth_year": 44.25,
            "eps_4q": 6.07,
            "eps_4q_growth_year": null,
            "roe": 9.56,
            "roe_4q": 40.86,
            "gross_profit": 398778,
            "gross_margin": 63.26,
            "gross_margin_4q_avg": 64.11,
            "net_income": 143279,
            "revenue": 630388,
            "common_shares": 880270,
            "book_valuer_per_share": 17.86,
            "book_valuer_per_share_4q_avg": 21.38,
            "equity": 1572317,
            "current_ratio": 185.65,
            "debt_ratio": 29.17,
            "inventory_turnover_ratio": 17.76,
            "account_receivable_turnover_ratio": null,
            "reinvestment_rate": null,
            "research_to_sale_ratio": null,
            "price_fair": 306.6,
            "eps_avg_yearly": 8.76,
            "eps_latest_yearly": 6.52,
            "eps_growth_yearly": 202.61
        },
        "20024": {
            "year_quarter": 20024,
            "year": 2002,
            "quarter": 4,
            "eps": 2.28,
            "eps_growth_year": 115.09,
            "eps_4q": 7.51,
            "eps_4q_growth_year": 35.12,
            "roe": 9.21,
            "roe_4q": 44.96,
            "gross_profit": 373037,
            "gross_margin": 58.57,
            "gross_margin_4q_avg": 62.65,
            "net_income": 208426,
            "revenue": 636904,
            "common_shares": 1080270,
            "book_valuer_per_share": 27.32,
            "book_valuer_per_share_4q_avg": 23.28,
            "equity": 2951386,
            "current_ratio": 349.08,
            "debt_ratio": 22.47,
            "inventory_turnover_ratio": 15.54,
            "account_receivable_turnover_ratio": null,
            "reinvestment_rate": null,
            "research_to_sale_ratio": null,
            "price_fair": 309.75,
            "eps_avg_yearly": 8.85,
            "eps_latest_yearly": 9.12,
            "eps_growth_yearly": 191.83
        },
        "20031": {
            "year_quarter": 20031,
            "year": 2003,
            "quarter": 1,
            "eps": -0.74,
            "eps_growth_year": -122.98,
            "eps_4q": 4.16,
            "eps_4q_growth_year": -49.83,
            "roe": -2.64,
            "roe_4q": 27.220000000000002,
            "gross_profit": 255903,
            "gross_margin": 52.77,
            "gross_margin_4q_avg": 59.55,
            "net_income": -75913,
            "revenue": 484912,
            "common_shares": 1080270,
            "book_valuer_per_share": 25.88,
            "book_valuer_per_share_4q_avg": 24.03,
            "equity": 2796129,
            "current_ratio": 335.32,
            "debt_ratio": 19.24,
            "inventory_turnover_ratio": 7.55,
            "account_receivable_turnover_ratio": null,
            "reinvestment_rate": null,
            "research_to_sale_ratio": null,
            "price_fair": 309.75,
            "eps_avg_yearly": 8.85,
            "eps_latest_yearly": 9.12,
            "eps_growth_yearly": 191.83
        },
        "20032": {
            "year_quarter": 20032,
            "year": 2003,
            "quarter": 2,
            "eps": -0.46,
            "eps_growth_year": -126.74,
            "eps_4q": 1.29,
            "eps_4q_growth_year": -74.65,
            "roe": -2.58,
            "roe_4q": 13.55,
            "gross_profit": 178008,
            "gross_margin": 39.19,
            "gross_margin_4q_avg": 53.45,
            "net_income": -70557,
            "revenue": 454205,
            "common_shares": 1587997,
            "book_valuer_per_share": 16.86,
            "book_valuer_per_share_4q_avg": 21.98,
            "equity": 2677034,
            "current_ratio": 328.76,
            "debt_ratio": 19.69,
            "inventory_turnover_ratio": 11.41,
            "account_receivable_turnover_ratio": null,
            "reinvestment_rate": null,
            "research_to_sale_ratio": null,
            "price_fair": 309.75,
            "eps_avg_yearly": 8.85,
            "eps_latest_yearly": 9.12,
            "eps_growth_yearly": 191.83
        },
        "20033": {
            "year_quarter": 20033,
            "year": 2003,
            "quarter": 3,
            "eps": -0.09,
            "eps_growth_year": -105.52,
            "eps_4q": 0.3,
            "eps_4q_growth_year": -95.06,
            "roe": -0.53,
            "roe_4q": 3.460000000000001,
            "gross_profit": 234087,
            "gross_margin": 49.1,
            "gross_margin_4q_avg": 49.91,
            "net_income": -14295,
            "revenue": 476742,
            "common_shares": 1587997,
            "book_valuer_per_share": 16.81,
            "book_valuer_per_share_4q_avg": 21.72,
            "equity": 2669248,
            "current_ratio": 352.01,
            "debt_ratio": 19.76,
            "inventory_turnover_ratio": 27.14,
            "account_receivable_turnover_ratio": null,
            "reinvestment_rate": null,
            "research_to_sale_ratio": null,
            "price_fair": 309.75,
            "eps_avg_yearly": 8.85,
            "eps_latest_yearly": 9.12,
            "eps_growth_yearly": 191.83
        },
        "20034": {
            "year_quarter": 20034,
            "year": 2003,
            "quarter": 4,
            "eps": -0.55,
            "eps_growth_year": -124.12,
            "eps_4q": -1.41,
            "eps_4q_growth_year": -118.78,
            "roe": -3.23,
            "roe_4q": -8.98,
            "gross_profit": 224721,
            "gross_margin": 46.08,
            "gross_margin_4q_avg": 46.79,
            "net_income": -84795,
            "revenue": 487725,
            "common_shares": 1587997,
            "book_valuer_per_share": 16.29,
            "book_valuer_per_share_4q_avg": 18.96,
            "equity": 2587393,
            "current_ratio": 359.43,
            "debt_ratio": 24.52,
            "inventory_turnover_ratio": 32.65,
            "account_receivable_turnover_ratio": null,
            "reinvestment_rate": null,
            "research_to_sale_ratio": null,
            "price_fair": 309.75,
            "eps_avg_yearly": 8.85,
            "eps_latest_yearly": 9.12,
            "eps_growth_yearly": 191.83
        },
        "20041": {
            "year_quarter": 20041,
            "year": 2004,
            "quarter": 1,
            "eps": 0.24,
            "eps_growth_year": null,
            "eps_4q": -0.86,
            "eps_4q_growth_year": -120.63,
            "roe": 1.42,
            "roe_4q": -4.92,
            "gross_profit": 270291,
            "gross_margin": 51.26,
            "gross_margin_4q_avg": 46.41,
            "net_income": 37046,
            "revenue": 527315,
            "common_shares": 1587997,
            "book_valuer_per_share": 16.48,
            "book_valuer_per_share_4q_avg": 16.61,
            "equity": 2616747,
            "current_ratio": 354.09,
            "debt_ratio": 25.1,
            "inventory_turnover_ratio": 30.07,
            "account_receivable_turnover_ratio": null,
            "reinvestment_rate": null,
            "research_to_sale_ratio": null,
            "price_fair": 309.75,
            "eps_avg_yearly": 8.85,
            "eps_latest_yearly": 9.12,
            "eps_growth_yearly": 191.83
        },
        "20042": {
            "year_quarter": 20042,
            "year": 2004,
            "quarter": 2,
            "eps": 0.31,
            "eps_growth_year": null,
            "eps_4q": -0.1,
            "eps_4q_growth_year": -107.35,
            "roe": 1.8,
            "roe_4q": -0.5400000000000003,
            "gross_profit": 221402,
            "gross_margin": 47.35,
            "gross_margin_4q_avg": 48.45,
            "net_income": 47489,
            "revenue": 467576,
            "common_shares": 1587997,
            "book_valuer_per_share": 16.75,
            "book_valuer_per_share_4q_avg": 16.58,
            "equity": 2660073,
            "current_ratio": 275.58,
            "debt_ratio": 19.87,
            "inventory_turnover_ratio": 30.06,
            "account_receivable_turnover_ratio": null,
            "reinvestment_rate": null,
            "research_to_sale_ratio": null,
            "price_fair": 256.48,
            "eps_avg_yearly": 7.33,
            "eps_latest_yearly": 1.24,
            "eps_growth_yearly": 176.8
        },
        "20043": {
            "year_quarter": 20043,
            "year": 2004,
            "quarter": 3,
            "eps": 0.11,
            "eps_growth_year": null,
            "eps_4q": 0.11,
            "eps_4q_growth_year": -63.93,
            "roe": 0.62,
            "roe_4q": 0.6099999999999999,
            "gross_profit": 286250,
            "gross_margin": 56.48,
            "gross_margin_4q_avg": 50.29,
            "net_income": 16289,
            "revenue": 506842,
            "common_shares": 1587997,
            "book_valuer_per_share": 16.38,
            "book_valuer_per_share_4q_avg": 16.48,
            "equity": 2601083,
            "current_ratio": 302.15,
            "debt_ratio": 19.29,
            "inventory_turnover_ratio": 23.92,
            "account_receivable_turnover_ratio": null,
            "reinvestment_rate": null,
            "research_to_sale_ratio": null,
            "price_fair": 216.3,
            "eps_avg_yearly": 6.18,
            "eps_latest_yearly": 0.44,
            "eps_growth_yearly": 104.32
        },
        "20044": {
            "year_quarter": 20044,
            "year": 2004,
            "quarter": 4,
            "eps": -1.76,
            "eps_growth_year": null,
            "eps_4q": -0.98,
            "eps_4q_growth_year": null,
            "roe": -10.92,
            "roe_4q": -7.08,
            "gross_profit": 227549,
            "gross_margin": 51.78,
            "gross_margin_4q_avg": 51.72,
            "net_income": -268568,
            "revenue": 439418,
            "common_shares": 1539897,
            "book_valuer_per_share": 15.05,
            "book_valuer_per_share_4q_avg": 16.17,
            "equity": 2317129,
            "current_ratio": 230.29,
            "debt_ratio": 31.58,
            "inventory_turnover_ratio": 17.1,
            "account_receivable_turnover_ratio": null,
            "reinvestment_rate": 121.25,
            "research_to_sale_ratio": null,
            "price_fair": 216.3,
            "eps_avg_yearly": 6.18,
            "eps_latest_yearly": 0.44,
            "eps_growth_yearly": 104.32
        },
        "20051": {
            "year_quarter": 20051,
            "year": 2005,
            "quarter": 1,
            "eps": 0.19,
            "eps_growth_year": -20.83,
            "eps_4q": -1.23,
            "eps_4q_growth_year": null,
            "roe": 1.18,
            "roe_4q": -7.320000000000001,
            "gross_profit": 234529,
            "gross_margin": 51.8,
            "gross_margin_4q_avg": 51.85,
            "net_income": 27482,
            "revenue": 452796,
            "common_shares": 1529177,
            "book_valuer_per_share": 15.29,
            "book_valuer_per_share_4q_avg": 15.87,
            "equity": 2337488,
            "current_ratio": 281.91,
            "debt_ratio": 29.43,
            "inventory_turnover_ratio": 16.48,
            "account_receivable_turnover_ratio": null,
            "reinvestment_rate": 68.73,
            "research_to_sale_ratio": null,
            "price_fair": 216.3,
            "eps_avg_yearly": 6.18,
            "eps_latest_yearly": 0.44,
            "eps_growth_yearly": 104.32
        },
        "20052": {
            "year_quarter": 20052,
            "year": 2005,
            "quarter": 2,
            "eps": 0,
            "eps_growth_year": -100,
            "eps_4q": -1.47,
            "eps_4q_growth_year": null,
            "roe": 0,
            "roe_4q": -9.120000000000001,
            "gross_profit": 201880,
            "gross_margin": 50.43,
            "gross_margin_4q_avg": 52.62,
            "net_income": 92,
            "revenue": 400283,
            "common_shares": 1529177,
            "book_valuer_per_share": 15.17,
            "book_valuer_per_share_4q_avg": 15.47,
            "equity": 2319952,
            "current_ratio": 273.8,
            "debt_ratio": 28.84,
            "inventory_turnover_ratio": 13.41,
            "account_receivable_turnover_ratio": null,
            "reinvestment_rate": 101.65,
            "research_to_sale_ratio": null,
            "price_fair": 216.3,
            "eps_avg_yearly": 6.18,
            "eps_latest_yearly": 0.44,
            "eps_growth_yearly": 104.32
        },
        "20053": {
            "year_quarter": 20053,
            "year": 2005,
            "quarter": 3,
            "eps": -0.35,
            "eps_growth_year": -418.18,
            "eps_4q": -1.93,
            "eps_4q_growth_year": -1881.75,
            "roe": -2.26,
            "roe_4q": -12,
            "gross_profit": 225505,
            "gross_margin": 50.32,
            "gross_margin_4q_avg": 51.08,
            "net_income": -51925,
            "revenue": 448097,
            "common_shares": 1518787,
            "book_valuer_per_share": 15,
            "book_valuer_per_share_4q_avg": 15.13,
            "equity": 2278007,
            "current_ratio": 283.58,
            "debt_ratio": 27.84,
            "inventory_turnover_ratio": 14.01,
            "account_receivable_turnover_ratio": null,
            "reinvestment_rate": 126.57,
            "research_to_sale_ratio": null,
            "price_fair": 216.3,
            "eps_avg_yearly": 6.18,
            "eps_latest_yearly": 0.44,
            "eps_growth_yearly": 104.32
        },
        "20054": {
            "year_quarter": 20054,
            "year": 2005,
            "quarter": 4,
            "eps": -1.6,
            "eps_growth_year": null,
            "eps_4q": -1.98,
            "eps_4q_growth_year": null,
            "roe": -10.65,
            "roe_4q": -11.73,
            "gross_profit": 265278,
            "gross_margin": 48.12,
            "gross_margin_4q_avg": 50.17,
            "net_income": -235682,
            "revenue": 551292,
            "common_shares": 1518787,
            "book_valuer_per_share": 13.4,
            "book_valuer_per_share_4q_avg": 14.72,
            "equity": 2149998,
            "current_ratio": 241.38,
            "debt_ratio": 35.03,
            "inventory_turnover_ratio": 18.39,
            "account_receivable_turnover_ratio": null,
            "reinvestment_rate": 3612.66,
            "research_to_sale_ratio": null,
            "price_fair": 216.3,
            "eps_avg_yearly": 6.18,
            "eps_latest_yearly": 0.44,
            "eps_growth_yearly": 104.32
        },
        "20061": {
            "year_quarter": 20061,
            "year": 2006,
            "quarter": 1,
            "eps": 0.39,
            "eps_growth_year": 105.26,
            "eps_4q": -1.59,
            "eps_4q_growth_year": null,
            "roe": 2.73,
            "roe_4q": -10.18,
            "gross_profit": 326118,
            "gross_margin": 46.84,
            "gross_margin_4q_avg": 48.93,
            "net_income": 56717,
            "revenue": 696254,
            "common_shares": 1468787,
            "book_valuer_per_share": 13.62,
            "book_valuer_per_share_4q_avg": 14.3,
            "equity": 2000132,
            "current_ratio": 244.96,
            "debt_ratio": 33.23,
            "inventory_turnover_ratio": 20.41,
            "account_receivable_turnover_ratio": null,
            "reinvestment_rate": null,
            "research_to_sale_ratio": null,
            "price_fair": 14.52,
            "eps_avg_yearly": 4.84,
            "eps_latest_yearly": 0.44,
            "eps_growth_yearly": -37.83
        },
        "20062": {
            "year_quarter": 20062,
            "year": 2006,
            "quarter": 2,
            "eps": 0.56,
            "eps_growth_year": null,
            "eps_4q": -1.05,
            "eps_4q_growth_year": null,
            "roe": 4,
            "roe_4q": -6.18,
            "gross_profit": 312413,
            "gross_margin": 46.96,
            "gross_margin_4q_avg": 48.06,
            "net_income": 80356,
            "revenue": 665305,
            "common_shares": 1468787,
            "book_valuer_per_share": 13.72,
            "book_valuer_per_share_4q_avg": 13.94,
            "equity": 2015262,
            "current_ratio": 267.79,
            "debt_ratio": 30.72,
            "inventory_turnover_ratio": 14.67,
            "account_receivable_turnover_ratio": null,
            "reinvestment_rate": null,
            "research_to_sale_ratio": null,
            "price_fair": 136.92,
            "eps_avg_yearly": 3.91,
            "eps_latest_yearly": 2.24,
            "eps_growth_yearly": 34.31
        },
        "20063": {
            "year_quarter": 20063,
            "year": 2006,
            "quarter": 3,
            "eps": 0.75,
            "eps_growth_year": null,
            "eps_4q": 0.05,
            "eps_4q_growth_year": null,
            "roe": 5.12,
            "roe_4q": 1.200000000000001,
            "gross_profit": 352118,
            "gross_margin": 48.72,
            "gross_margin_4q_avg": 47.66,
            "net_income": 105856,
            "revenue": 722789,
            "common_shares": 1468787,
            "book_valuer_per_share": 14.42,
            "book_valuer_per_share_4q_avg": 13.79,
            "equity": 2117920,
            "current_ratio": 219.42,
            "debt_ratio": 28.83,
            "inventory_turnover_ratio": 15.62,
            "account_receivable_turnover_ratio": null,
            "reinvestment_rate": null,
            "research_to_sale_ratio": null,
            "price_fair": 112.28,
            "eps_avg_yearly": 3.21,
            "eps_latest_yearly": 3,
            "eps_growth_yearly": 65.64
        },
        "20064": {
            "year_quarter": 20064,
            "year": 2006,
            "quarter": 4,
            "eps": 1.37,
            "eps_growth_year": null,
            "eps_4q": 3.11,
            "eps_4q_growth_year": null,
            "roe": 8.5,
            "roe_4q": 20.35,
            "gross_profit": 247319,
            "gross_margin": 41,
            "gross_margin_4q_avg": 45.88,
            "net_income": 191782,
            "revenue": 603266,
            "common_shares": 1468787,
            "book_valuer_per_share": 15.74,
            "book_valuer_per_share_4q_avg": 14.38,
            "equity": 2395806,
            "current_ratio": 233.58,
            "debt_ratio": 28.17,
            "inventory_turnover_ratio": 16.68,
            "account_receivable_turnover_ratio": null,
            "reinvestment_rate": null,
            "research_to_sale_ratio": null,
            "price_fair": 86.8,
            "eps_avg_yearly": 2.48,
            "eps_latest_yearly": 5.48,
            "eps_growth_yearly": 99.87
        },
        "20071": {
            "year_quarter": 20071,
            "year": 2007,
            "quarter": 1,
            "eps": 0.82,
            "eps_growth_year": 110.26,
            "eps_4q": 3.49,
            "eps_4q_growth_year": null,
            "roe": 4.82,
            "roe_4q": 22.44,
            "gross_profit": 412788,
            "gross_margin": 48.22,
            "gross_margin_4q_avg": 46.23,
            "net_income": 116503,
            "revenue": 856126,
            "common_shares": 1468787,
            "book_valuer_per_share": 16.56,
            "book_valuer_per_share_4q_avg": 15.11,
            "equity": 2441810,
            "current_ratio": 245.13,
            "debt_ratio": 26.71,
            "inventory_turnover_ratio": 16.38,
            "account_receivable_turnover_ratio": null,
            "reinvestment_rate": null,
            "research_to_sale_ratio": null,
            "price_fair": 91.47,
            "eps_avg_yearly": 2.61,
            "eps_latest_yearly": 3.28,
            "eps_growth_yearly": 56.46
        },
        "20072": {
            "year_quarter": 20072,
            "year": 2007,
            "quarter": 2,
            "eps": 0.25,
            "eps_growth_year": -55.36,
            "eps_4q": 3.18,
            "eps_4q_growth_year": null,
            "roe": 1.49,
            "roe_4q": 19.93,
            "gross_profit": 375685,
            "gross_margin": 47.59,
            "gross_margin_4q_avg": 46.38,
            "net_income": 35485,
            "revenue": 789384,
            "common_shares": 1468787,
            "book_valuer_per_share": 15.62,
            "book_valuer_per_share_4q_avg": 15.59,
            "equity": 2306994,
            "current_ratio": 222.87,
            "debt_ratio": 29.28,
            "inventory_turnover_ratio": 14.72,
            "account_receivable_turnover_ratio": null,
            "reinvestment_rate": -166.52,
            "research_to_sale_ratio": null,
            "price_fair": 44.49,
            "eps_avg_yearly": 2.38,
            "eps_latest_yearly": 1,
            "eps_growth_yearly": 8.67
        },
        "20073": {
            "year_quarter": 20073,
            "year": 2007,
            "quarter": 3,
            "eps": 1.23,
            "eps_growth_year": 64,
            "eps_4q": 3.64,
            "eps_4q_growth_year": 6994.5,
            "roe": 7.33,
            "roe_4q": 22.14,
            "gross_profit": 493562,
            "gross_margin": 50.23,
            "gross_margin_4q_avg": 46.76,
            "net_income": 175899,
            "revenue": 982614,
            "common_shares": 1528695,
            "book_valuer_per_share": 16.23,
            "book_valuer_per_share_4q_avg": 16.04,
            "equity": 2494903,
            "current_ratio": 284.92,
            "debt_ratio": 23.53,
            "inventory_turnover_ratio": 16.99,
            "account_receivable_turnover_ratio": null,
            "reinvestment_rate": -57.14,
            "research_to_sale_ratio": null,
            "price_fair": 94.5,
            "eps_avg_yearly": 2.7,
            "eps_latest_yearly": 4.92,
            "eps_growth_yearly": 203.59
        },
        "20074": {
            "year_quarter": 20074,
            "year": 2007,
            "quarter": 4,
            "eps": 0.37,
            "eps_growth_year": -72.99,
            "eps_4q": 2.58,
            "eps_4q_growth_year": -16.92,
            "roe": 2.2,
            "roe_4q": 15.840000000000002,
            "gross_profit": 423649,
            "gross_margin": 48.55,
            "gross_margin_4q_avg": 48.65,
            "net_income": 55038,
            "revenue": 872633,
            "common_shares": 1530678,
            "book_valuer_per_share": 16.27,
            "book_valuer_per_share_4q_avg": 16.17,
            "equity": 2505029,
            "current_ratio": 269.19,
            "debt_ratio": 24.57,
            "inventory_turnover_ratio": 18.87,
            "account_receivable_turnover_ratio": null,
            "reinvestment_rate": -73.73,
            "research_to_sale_ratio": null,
            "price_fair": 89.76,
            "eps_avg_yearly": 2.56,
            "eps_latest_yearly": 1.48,
            "eps_growth_yearly": 149.89
        },
        "20081": {
            "year_quarter": 20081,
            "year": 2008,
            "quarter": 1,
            "eps": 0.78,
            "eps_growth_year": -4.88,
            "eps_4q": 2.63,
            "eps_4q_growth_year": -24.8,
            "roe": 4.51,
            "roe_4q": 15.53,
            "gross_profit": 478420,
            "gross_margin": 48.56,
            "gross_margin_4q_avg": 48.73,
            "net_income": 112078,
            "revenue": 985239,
            "common_shares": 1530678,
            "book_valuer_per_share": 15.99,
            "book_valuer_per_share_4q_avg": 16.03,
            "equity": 2465002,
            "current_ratio": 271.49,
            "debt_ratio": 22.89,
            "inventory_turnover_ratio": 21.67,
            "account_receivable_turnover_ratio": null,
            "reinvestment_rate": -21.29,
            "research_to_sale_ratio": null,
            "price_fair": 91.7,
            "eps_avg_yearly": 2.62,
            "eps_latest_yearly": 3.12,
            "eps_growth_yearly": 179.23
        },
        "20082": {
            "year_quarter": 20082,
            "year": 2008,
            "quarter": 2,
            "eps": 0.41,
            "eps_growth_year": 64,
            "eps_4q": 2.69,
            "eps_4q_growth_year": -15.35,
            "roe": 2.63,
            "roe_4q": 16.67,
            "gross_profit": 429365,
            "gross_margin": 48.17,
            "gross_margin_4q_avg": 48.88,
            "net_income": 61860,
            "revenue": 891388,
            "common_shares": 1530678,
            "book_valuer_per_share": 14.55,
            "book_valuer_per_share_4q_avg": 15.76,
            "equity": 2243175,
            "current_ratio": 201.25,
            "debt_ratio": 30.94,
            "inventory_turnover_ratio": 15.98,
            "account_receivable_turnover_ratio": null,
            "reinvestment_rate": -27.48,
            "research_to_sale_ratio": null,
            "price_fair": 93.1,
            "eps_avg_yearly": 2.66,
            "eps_latest_yearly": 1.64,
            "eps_growth_yearly": 148.59
        },
        "20083": {
            "year_quarter": 20083,
            "year": 2008,
            "quarter": 3,
            "eps": 0.48,
            "eps_growth_year": -60.98,
            "eps_4q": 2.02,
            "eps_4q_growth_year": -44.68,
            "roe": 3.16,
            "roe_4q": 12.5,
            "gross_profit": 484838,
            "gross_margin": 49.95,
            "gross_margin_4q_avg": 48.81,
            "net_income": 72288,
            "revenue": 970717,
            "common_shares": 1587827,
            "book_valuer_per_share": 14.55,
            "book_valuer_per_share_4q_avg": 15.34,
            "equity": 2325544,
            "current_ratio": 191.45,
            "debt_ratio": 32.81,
            "inventory_turnover_ratio": 20.41,
            "account_receivable_turnover_ratio": null,
            "reinvestment_rate": -20.41,
            "research_to_sale_ratio": null,
            "price_fair": 98.28,
            "eps_avg_yearly": 2.81,
            "eps_latest_yearly": 1.92,
            "eps_growth_yearly": 181.22
        },
        "20084": {
            "year_quarter": 20084,
            "year": 2008,
            "quarter": 4,
            "eps": 0.07,
            "eps_growth_year": -81.08,
            "eps_4q": 1.07,
            "eps_4q_growth_year": -58.4,
            "roe": 0.73,
            "roe_4q": 11.03,
            "gross_profit": 421974,
            "gross_margin": 45.8,
            "gross_margin_4q_avg": 48.12,
            "net_income": 16962,
            "revenue": 921319,
            "common_shares": 1587827,
            "book_valuer_per_share": 14.63,
            "book_valuer_per_share_4q_avg": 14.93,
            "equity": 2343015,
            "current_ratio": 195.89,
            "debt_ratio": 30.47,
            "inventory_turnover_ratio": 23.47,
            "account_receivable_turnover_ratio": 1.83,
            "reinvestment_rate": -40.75,
            "research_to_sale_ratio": null,
            "price_fair": 90.24,
            "eps_avg_yearly": 2.58,
            "eps_latest_yearly": 0.28,
            "eps_growth_yearly": 133.69
        },
        "20091": {
            "year_quarter": 20091,
            "year": 2009,
            "quarter": 1,
            "eps": 1.13,
            "eps_growth_year": 44.87,
            "eps_4q": 2.08,
            "eps_4q_growth_year": -20.7,
            "roe": 7.01,
            "roe_4q": 13.530000000000001,
            "gross_profit": 709523,
            "gross_margin": 52.03,
            "gross_margin_4q_avg": 48.99,
            "net_income": 170288,
            "revenue": 1363614,
            "common_shares": 1587827,
            "book_valuer_per_share": 15.68,
            "book_valuer_per_share_4q_avg": 14.85,
            "equity": 2514467,
            "current_ratio": 216.66,
            "debt_ratio": 28.77,
            "inventory_turnover_ratio": 18.29,
            "account_receivable_turnover_ratio": 1.33,
            "reinvestment_rate": -8.91,
            "research_to_sale_ratio": null,
            "price_fair": 95.9,
            "eps_avg_yearly": 2.74,
            "eps_latest_yearly": 4.52,
            "eps_growth_yearly": 627.31
        },
        "20092": {
            "year_quarter": 20092,
            "year": 2009,
            "quarter": 2,
            "eps": 0.87,
            "eps_growth_year": 112.2,
            "eps_4q": 2.53,
            "eps_4q_growth_year": -5.88,
            "roe": 5.17,
            "roe_4q": 16.07,
            "gross_profit": 674407,
            "gross_margin": 51.56,
            "gross_margin_4q_avg": 49.84,
            "net_income": 129524,
            "revenue": 1308056,
            "common_shares": 1589059,
            "book_valuer_per_share": 15.5,
            "book_valuer_per_share_4q_avg": 15.09,
            "equity": 2492580,
            "current_ratio": 179.05,
            "debt_ratio": 34.71,
            "inventory_turnover_ratio": 12.04,
            "account_receivable_turnover_ratio": 1.15,
            "reinvestment_rate": -12.84,
            "research_to_sale_ratio": null,
            "price_fair": 97.89,
            "eps_avg_yearly": 2.8,
            "eps_latest_yearly": 3.48,
            "eps_growth_yearly": 571.97
        },
        "20093": {
            "year_quarter": 20093,
            "year": 2009,
            "quarter": 3,
            "eps": 0,
            "eps_growth_year": -100,
            "eps_4q": 1.91,
            "eps_4q_growth_year": -5.31,
            "roe": 0.06,
            "roe_4q": 12.969999999999999,
            "gross_profit": 649126,
            "gross_margin": 49.45,
            "gross_margin_4q_avg": 49.71,
            "net_income": 1402,
            "revenue": 1312797,
            "common_shares": 1589059,
            "book_valuer_per_share": 15.77,
            "book_valuer_per_share_4q_avg": 15.4,
            "equity": 2536717,
            "current_ratio": 175.19,
            "debt_ratio": 35.03,
            "inventory_turnover_ratio": 9.12,
            "account_receivable_turnover_ratio": 1.09,
            "reinvestment_rate": -11.3,
            "research_to_sale_ratio": null,
            "price_fair": 97.89,
            "eps_avg_yearly": 2.8,
            "eps_latest_yearly": 3.48,
            "eps_growth_yearly": 571.97
        },
        "20094": {
            "year_quarter": 20094,
            "year": 2009,
            "quarter": 4,
            "eps": 0.18,
            "eps_growth_year": 157.14,
            "eps_4q": 2.14,
            "eps_4q_growth_year": 99.86,
            "roe": 1.05,
            "roe_4q": 13.29,
            "gross_profit": 584068,
            "gross_margin": 49.59,
            "gross_margin_4q_avg": 50.66,
            "net_income": 26808,
            "revenue": 1177828,
            "common_shares": 1604951,
            "book_valuer_per_share": 17.18,
            "book_valuer_per_share_4q_avg": 16.03,
            "equity": 2584330,
            "current_ratio": 183.5,
            "debt_ratio": 35.37,
            "inventory_turnover_ratio": 7.85,
            "account_receivable_turnover_ratio": 1.9,
            "reinvestment_rate": -10.59,
            "research_to_sale_ratio": null,
            "price_fair": 97.89,
            "eps_avg_yearly": 2.8,
            "eps_latest_yearly": 3.48,
            "eps_growth_yearly": 571.97
        },
        "20101": {
            "year_quarter": 20101,
            "year": 2010,
            "quarter": 1,
            "eps": 0.93,
            "eps_growth_year": -17.7,
            "eps_4q": 1.73,
            "eps_4q_growth_year": -17.09,
            "roe": 4.18,
            "roe_4q": 10.459999999999999,
            "gross_profit": 686032,
            "gross_margin": 49.15,
            "gross_margin_4q_avg": 49.94,
            "net_income": 112265,
            "revenue": 1395887,
            "common_shares": 1604951,
            "book_valuer_per_share": 18.08,
            "book_valuer_per_share_4q_avg": 16.63,
            "equity": 2781068,
            "current_ratio": 203.58,
            "debt_ratio": 33.13,
            "inventory_turnover_ratio": 10.34,
            "account_receivable_turnover_ratio": 1.05,
            "reinvestment_rate": 3.52,
            "research_to_sale_ratio": 6.74,
            "price_fair": 100.2,
            "eps_avg_yearly": 2.86,
            "eps_latest_yearly": 3.72,
            "eps_growth_yearly": 650.17
        },
        "20102": {
            "year_quarter": 20102,
            "year": 2010,
            "quarter": 2,
            "eps": 0.33,
            "eps_growth_year": -61.95,
            "eps_4q": 1.23,
            "eps_4q_growth_year": -51.51,
            "roe": 1.83,
            "roe_4q": 7.119999999999999,
            "gross_profit": 708932,
            "gross_margin": 49.8,
            "gross_margin_4q_avg": 49.5,
            "net_income": 49554,
            "revenue": 1423660,
            "common_shares": 1656376,
            "book_valuer_per_share": 17.2,
            "book_valuer_per_share_4q_avg": 17.06,
            "equity": 2645549,
            "current_ratio": 164.36,
            "debt_ratio": 41.8,
            "inventory_turnover_ratio": 10.5,
            "account_receivable_turnover_ratio": 0.97,
            "reinvestment_rate": 9.1,
            "research_to_sale_ratio": 8.83,
            "price_fair": 97.9,
            "eps_avg_yearly": 2.8,
            "eps_latest_yearly": 1.32,
            "eps_growth_yearly": 619.28
        },
        "20103": {
            "year_quarter": 20103,
            "year": 2010,
            "quarter": 3,
            "eps": 0.06,
            "eps_growth_year": null,
            "eps_4q": 1.28,
            "eps_4q_growth_year": -32.71,
            "roe": 0.28,
            "roe_4q": 7.34,
            "gross_profit": 744210,
            "gross_margin": 47.99,
            "gross_margin_4q_avg": 49.13,
            "net_income": 7549,
            "revenue": 1550677,
            "common_shares": 1656376,
            "book_valuer_per_share": 17.23,
            "book_valuer_per_share_4q_avg": 17.42,
            "equity": 2651656,
            "current_ratio": 170.92,
            "debt_ratio": 38.69,
            "inventory_turnover_ratio": 16.17,
            "account_receivable_turnover_ratio": 1.04,
            "reinvestment_rate": 17,
            "research_to_sale_ratio": 8.16,
            "price_fair": 91,
            "eps_avg_yearly": 2.6,
            "eps_latest_yearly": 0.24,
            "eps_growth_yearly": 586.21
        },
        "20104": {
            "year_quarter": 20104,
            "year": 2010,
            "quarter": 4,
            "eps": 0.41,
            "eps_growth_year": 125.9,
            "eps_4q": 1.51,
            "eps_4q_growth_year": -29.55,
            "roe": 2.39,
            "roe_4q": 8.68,
            "gross_profit": 718073,
            "gross_margin": 48.4,
            "gross_margin_4q_avg": 48.84,
            "net_income": 63919,
            "revenue": 1483724,
            "common_shares": 1657020,
            "book_valuer_per_share": 17.4,
            "book_valuer_per_share_4q_avg": 17.48,
            "equity": 2695389,
            "current_ratio": 173.58,
            "debt_ratio": 37.37,
            "inventory_turnover_ratio": 21.78,
            "account_receivable_turnover_ratio": 1.07,
            "reinvestment_rate": 16.15,
            "research_to_sale_ratio": 9.34,
            "price_fair": 81.4,
            "eps_avg_yearly": 2.33,
            "eps_latest_yearly": 1.64,
            "eps_growth_yearly": 729.26
        },
        "20111": {
            "year_quarter": 20111,
            "year": 2011,
            "quarter": 1,
            "eps": 0.84,
            "eps_growth_year": -9.68,
            "eps_4q": 1.62,
            "eps_4q_growth_year": -6.05,
            "roe": 4.66,
            "roe_4q": 9.16,
            "gross_profit": 814626,
            "gross_margin": 44.05,
            "gross_margin_4q_avg": 47.56,
            "net_income": 129720,
            "revenue": 1849387,
            "common_shares": 1657020,
            "book_valuer_per_share": 18.37,
            "book_valuer_per_share_4q_avg": 17.55,
            "equity": 2877919,
            "current_ratio": 171.5,
            "debt_ratio": 40.63,
            "inventory_turnover_ratio": 21.01,
            "account_receivable_turnover_ratio": 1.19,
            "reinvestment_rate": 25.48,
            "research_to_sale_ratio": 7.85,
            "price_fair": 81.6,
            "eps_avg_yearly": 2.33,
            "eps_latest_yearly": 3.36,
            "eps_growth_yearly": 770.69
        },
        "20112": {
            "year_quarter": 20112,
            "year": 2011,
            "quarter": 2,
            "eps": 0.24,
            "eps_growth_year": -28.69,
            "eps_4q": 1.53,
            "eps_4q_growth_year": 24.78,
            "roe": 1.37,
            "roe_4q": 8.7,
            "gross_profit": 723308,
            "gross_margin": 41.27,
            "gross_margin_4q_avg": 45.43,
            "net_income": 38373,
            "revenue": 1752563,
            "common_shares": 1562883,
            "book_valuer_per_share": 17.34,
            "book_valuer_per_share_4q_avg": 17.59,
            "equity": 2719915,
            "current_ratio": 156.44,
            "debt_ratio": 45.18,
            "inventory_turnover_ratio": 9.98,
            "account_receivable_turnover_ratio": 0.95,
            "reinvestment_rate": 26.59,
            "research_to_sale_ratio": 8.29,
            "price_fair": 81.5,
            "eps_avg_yearly": 2.33,
            "eps_latest_yearly": 0.96,
            "eps_growth_yearly": 770.14
        },
        "20113": {
            "year_quarter": 20113,
            "year": 2011,
            "quarter": 3,
            "eps": 0.04,
            "eps_growth_year": -28.28,
            "eps_4q": 1.5,
            "eps_4q_growth_year": 16.86,
            "roe": 0.24,
            "roe_4q": 8.66,
            "gross_profit": 716964,
            "gross_margin": 40.79,
            "gross_margin_4q_avg": 43.63,
            "net_income": 6651,
            "revenue": 1757753,
            "common_shares": 1564011,
            "book_valuer_per_share": 17.91,
            "book_valuer_per_share_4q_avg": 17.76,
            "equity": 2838695,
            "current_ratio": 176.27,
            "debt_ratio": 38.67,
            "inventory_turnover_ratio": 8.14,
            "account_receivable_turnover_ratio": 0.89,
            "reinvestment_rate": 37.01,
            "research_to_sale_ratio": 8.88,
            "price_fair": 69.6,
            "eps_avg_yearly": 1.99,
            "eps_latest_yearly": 0.16,
            "eps_growth_yearly": 634.33
        },
        "20114": {
            "year_quarter": 20114,
            "year": 2011,
            "quarter": 4,
            "eps": 0.09,
            "eps_growth_year": -77.92,
            "eps_4q": 1.19,
            "eps_4q_growth_year": -21.05,
            "roe": 0.7,
            "roe_4q": 6.970000000000001,
            "gross_profit": 729472,
            "gross_margin": 38.7,
            "gross_margin_4q_avg": 41.2,
            "net_income": 20527,
            "revenue": 1884965,
            "common_shares": 1567515,
            "book_valuer_per_share": 17.94,
            "book_valuer_per_share_4q_avg": 17.89,
            "equity": 2998965,
            "current_ratio": 171.53,
            "debt_ratio": 41.92,
            "inventory_turnover_ratio": 6.06,
            "account_receivable_turnover_ratio": 0.98,
            "reinvestment_rate": 41.65,
            "research_to_sale_ratio": 8.72,
            "price_fair": 66.8,
            "eps_avg_yearly": 1.91,
            "eps_latest_yearly": 0.36,
            "eps_growth_yearly": 690.03
        },
        "20121": {
            "year_quarter": 20121,
            "year": 2012,
            "quarter": 1,
            "eps": 0.35,
            "eps_growth_year": -58.33,
            "eps_4q": 0.68,
            "eps_4q_growth_year": -58.09,
            "roe": 1.87,
            "roe_4q": 4.180000000000001,
            "gross_profit": 820728,
            "gross_margin": 40.78,
            "gross_margin_4q_avg": 40.39,
            "net_income": 56200,
            "revenue": 2012356,
            "common_shares": 1567515,
            "book_valuer_per_share": 18.03,
            "book_valuer_per_share_4q_avg": 17.81,
            "equity": 3023341,
            "current_ratio": 179.24,
            "debt_ratio": 39.34,
            "inventory_turnover_ratio": 6.05,
            "account_receivable_turnover_ratio": 1.13,
            "reinvestment_rate": 47.63,
            "research_to_sale_ratio": 8.96,
            "price_fair": 62.5,
            "eps_avg_yearly": 1.79,
            "eps_latest_yearly": 1.4,
            "eps_growth_yearly": 740.91
        },
        "20122": {
            "year_quarter": 20122,
            "year": 2012,
            "quarter": 2,
            "eps": -0.3,
            "eps_growth_year": -228.91,
            "eps_4q": 0.14,
            "eps_4q_growth_year": -90.74,
            "roe": -1.81,
            "roe_4q": 1,
            "gross_profit": 562652,
            "gross_margin": 35.13,
            "gross_margin_4q_avg": 38.85,
            "net_income": -52887,
            "revenue": 1601762,
            "common_shares": 1568125,
            "book_valuer_per_share": 17.02,
            "book_valuer_per_share_4q_avg": 17.73,
            "equity": 2830182,
            "current_ratio": 156.75,
            "debt_ratio": 46.02,
            "inventory_turnover_ratio": 8.58,
            "account_receivable_turnover_ratio": 1.04,
            "reinvestment_rate": 47.91,
            "research_to_sale_ratio": 10.14,
            "price_fair": 62.89,
            "eps_avg_yearly": 1.8,
            "eps_latest_yearly": 1.4,
            "eps_growth_yearly": 812.49
        },
        "20123": {
            "year_quarter": 20123,
            "year": 2012,
            "quarter": 3,
            "eps": -1.12,
            "eps_growth_year": -2786.35,
            "eps_4q": -1.02,
            "eps_4q_growth_year": -168.08,
            "roe": -6.29,
            "roe_4q": -5.529999999999999,
            "gross_profit": 634764,
            "gross_margin": 34.82,
            "gross_margin_4q_avg": 37.36,
            "net_income": -172479,
            "revenue": 1822806,
            "common_shares": 1568125,
            "book_valuer_per_share": 15.84,
            "book_valuer_per_share_4q_avg": 17.21,
            "equity": 2650964,
            "current_ratio": 162.55,
            "debt_ratio": 43.23,
            "inventory_turnover_ratio": 11.72,
            "account_receivable_turnover_ratio": 1.19,
            "reinvestment_rate": 70.28,
            "research_to_sale_ratio": 9.06,
            "price_fair": 62.53,
            "eps_avg_yearly": 1.79,
            "eps_latest_yearly": 1.4,
            "eps_growth_yearly": 874.51
        },
        "20124": {
            "year_quarter": 20124,
            "year": 2012,
            "quarter": 4,
            "eps": -1.16,
            "eps_growth_year": -1392,
            "eps_4q": -2.27,
            "eps_4q_growth_year": -290.39,
            "roe": -6.97,
            "roe_4q": -13.2,
            "gross_profit": 536881,
            "gross_margin": 31.89,
            "gross_margin_4q_avg": 35.66,
            "net_income": -178154,
            "revenue": 1683453,
            "common_shares": 1568685,
            "book_valuer_per_share": 14.57,
            "book_valuer_per_share_4q_avg": 16.37,
            "equity": 2458946,
            "current_ratio": 168.01,
            "debt_ratio": 41.15,
            "inventory_turnover_ratio": 13.73,
            "account_receivable_turnover_ratio": 1,
            "reinvestment_rate": 99.77,
            "research_to_sale_ratio": 6.99,
            "price_fair": 67.33,
            "eps_avg_yearly": 1.92,
            "eps_latest_yearly": 1.4,
            "eps_growth_yearly": 985.07
        },
        "20131": {
            "year_quarter": 20131,
            "year": 2013,
            "quarter": 1,
            "eps": 0.53,
            "eps_growth_year": 51.43,
            "eps_4q": -2.06,
            "eps_4q_growth_year": -402.37,
            "roe": 3.24,
            "roe_4q": -11.83,
            "gross_profit": 669333,
            "gross_margin": 32.42,
            "gross_margin_4q_avg": 33.57,
            "net_income": 80297,
            "revenue": 2064405,
            "common_shares": 1568685,
            "book_valuer_per_share": 14.8,
            "book_valuer_per_share_4q_avg": 15.56,
            "equity": 2500355,
            "current_ratio": 155.21,
            "debt_ratio": 47.5,
            "inventory_turnover_ratio": 12.33,
            "account_receivable_turnover_ratio": 1.36,
            "reinvestment_rate": 122.03,
            "research_to_sale_ratio": 4.79,
            "price_fair": 58.24,
            "eps_avg_yearly": 1.66,
            "eps_latest_yearly": 1.4,
            "eps_growth_yearly": 477.86
        },
        "20132": {
            "year_quarter": 20132,
            "year": 2013,
            "quarter": 2,
            "eps": 0.18,
            "eps_growth_year": null,
            "eps_4q": -1.57,
            "eps_4q_growth_year": -1209.24,
            "roe": 0.99,
            "roe_4q": -9.03,
            "gross_profit": 494477,
            "gross_margin": 25.27,
            "gross_margin_4q_avg": 31.1,
            "net_income": 24691,
            "revenue": 1956516,
            "common_shares": 1570976,
            "book_valuer_per_share": 14.81,
            "book_valuer_per_share_4q_avg": 15.01,
            "equity": 2484187,
            "current_ratio": 165.99,
            "debt_ratio": 45.45,
            "inventory_turnover_ratio": 10.46,
            "account_receivable_turnover_ratio": 1.4,
            "reinvestment_rate": 141.46,
            "research_to_sale_ratio": 3.53,
            "price_fair": 48.58,
            "eps_avg_yearly": 1.39,
            "eps_latest_yearly": 0.72,
            "eps_growth_yearly": 460.65
        },
        "20133": {
            "year_quarter": 20133,
            "year": 2013,
            "quarter": 3,
            "eps": 0.17,
            "eps_growth_year": null,
            "eps_4q": -0.28,
            "eps_4q_growth_year": null,
            "roe": 0.73,
            "roe_4q": -2.01,
            "gross_profit": 458989,
            "gross_margin": 21.09,
            "gross_margin_4q_avg": 27.67,
            "net_income": 18214,
            "revenue": 2176695,
            "common_shares": 1571132,
            "book_valuer_per_share": 14.92,
            "book_valuer_per_share_4q_avg": 14.78,
            "equity": 2500143,
            "current_ratio": 164.42,
            "debt_ratio": 47.26,
            "inventory_turnover_ratio": 14.26,
            "account_receivable_turnover_ratio": 1.49,
            "reinvestment_rate": 100.67,
            "research_to_sale_ratio": 3.14,
            "price_fair": 46.33,
            "eps_avg_yearly": 1.32,
            "eps_latest_yearly": 0.68,
            "eps_growth_yearly": 416.76
        },
        "20134": {
            "year_quarter": 20134,
            "year": 2013,
            "quarter": 4,
            "eps": -0.4,
            "eps_growth_year": null,
            "eps_4q": 0.47,
            "eps_4q_growth_year": null,
            "roe": -2.7,
            "roe_4q": 2.26,
            "gross_profit": 358673,
            "gross_margin": 17.58,
            "gross_margin_4q_avg": 24.09,
            "net_income": -66876,
            "revenue": 2040111,
            "common_shares": 1573117,
            "book_valuer_per_share": 14.69,
            "book_valuer_per_share_4q_avg": 14.81,
            "equity": 2460716,
            "current_ratio": 157.51,
            "debt_ratio": 47.59,
            "inventory_turnover_ratio": 19.23,
            "account_receivable_turnover_ratio": 1.32,
            "reinvestment_rate": 101.39,
            "research_to_sale_ratio": 3.33,
            "price_fair": 46.33,
            "eps_avg_yearly": 1.32,
            "eps_latest_yearly": 0.68,
            "eps_growth_yearly": 416.76
        },
        "20141": {
            "year_quarter": 20141,
            "year": 2014,
            "quarter": 1,
            "eps": 0.28,
            "eps_growth_year": -47.17,
            "eps_4q": 0.23,
            "eps_4q_growth_year": null,
            "roe": 1.76,
            "roe_4q": 0.7799999999999998,
            "gross_profit": 530094,
            "gross_margin": 21.5,
            "gross_margin_4q_avg": 21.36,
            "net_income": 43951,
            "revenue": 2466105,
            "common_shares": 1575936,
            "book_valuer_per_share": 15.12,
            "book_valuer_per_share_4q_avg": 14.89,
            "equity": 2528076,
            "current_ratio": 157.99,
            "debt_ratio": 48.18,
            "inventory_turnover_ratio": 16.67,
            "account_receivable_turnover_ratio": 1.46,
            "reinvestment_rate": 179.87,
            "research_to_sale_ratio": 2.61,
            "price_fair": 37.94,
            "eps_avg_yearly": 1.08,
            "eps_latest_yearly": 0.68,
            "eps_growth_yearly": 291.76
        },
        "20142": {
            "year_quarter": 20142,
            "year": 2014,
            "quarter": 2,
            "eps": 0.01,
            "eps_growth_year": -94.44,
            "eps_4q": 0.06,
            "eps_4q_growth_year": null,
            "roe": 0.01,
            "roe_4q": -0.20000000000000018,
            "gross_profit": 379691,
            "gross_margin": 17.64,
            "gross_margin_4q_avg": 19.45,
            "net_income": 131,
            "revenue": 2152515,
            "common_shares": 1575936,
            "book_valuer_per_share": 14.63,
            "book_valuer_per_share_4q_avg": 14.84,
            "equity": 2447259,
            "current_ratio": 155.13,
            "debt_ratio": 47.42,
            "inventory_turnover_ratio": 9.62,
            "account_receivable_turnover_ratio": 1.24,
            "reinvestment_rate": 584.94,
            "research_to_sale_ratio": 2.73,
            "price_fair": 33.46,
            "eps_avg_yearly": 0.96,
            "eps_latest_yearly": 0.04,
            "eps_growth_yearly": 279
        },
        "20143": {
            "year_quarter": 20143,
            "year": 2014,
            "quarter": 3,
            "eps": 0.25,
            "eps_growth_year": 47.06,
            "eps_4q": 0.14,
            "eps_4q_growth_year": null,
            "roe": 1.48,
            "roe_4q": 0.5499999999999998,
            "gross_profit": 384872,
            "gross_margin": 17.45,
            "gross_margin_4q_avg": 18.54,
            "net_income": 36369,
            "revenue": 2205847,
            "common_shares": 1575936,
            "book_valuer_per_share": 14.8,
            "book_valuer_per_share_4q_avg": 14.81,
            "equity": 2468159,
            "current_ratio": 153.27,
            "debt_ratio": 48.98,
            "inventory_turnover_ratio": 9.53,
            "account_receivable_turnover_ratio": 1.35,
            "reinvestment_rate": 78.76,
            "research_to_sale_ratio": 2.66,
            "price_fair": 36.12,
            "eps_avg_yearly": 1.03,
            "eps_latest_yearly": 1,
            "eps_growth_yearly": 1271.73
        },
        "20144": {
            "year_quarter": 20144,
            "year": 2014,
            "quarter": 4,
            "eps": 0.05,
            "eps_growth_year": null,
            "eps_4q": 0.59,
            "eps_4q_growth_year": 26.17,
            "roe": 0.93,
            "roe_4q": 4.18,
            "gross_profit": 295742,
            "gross_margin": 13.17,
            "gross_margin_4q_avg": 17.44,
            "net_income": 23547,
            "revenue": 2245389,
            "common_shares": 1575936,
            "book_valuer_per_share": 15.27,
            "book_valuer_per_share_4q_avg": 14.96,
            "equity": 2598262,
            "current_ratio": 138.4,
            "debt_ratio": 50.4,
            "inventory_turnover_ratio": 16.3,
            "account_receivable_turnover_ratio": 1.34,
            "reinvestment_rate": null,
            "research_to_sale_ratio": 1.04,
            "price_fair": 31.08,
            "eps_avg_yearly": 0.89,
            "eps_latest_yearly": 0.2,
            "eps_growth_yearly": 1006.39
        },
        "20151": {
            "year_quarter": 20151,
            "year": 2015,
            "quarter": 1,
            "eps": 2.05,
            "eps_growth_year": 632.14,
            "eps_4q": 2.36,
            "eps_4q_growth_year": 945.19,
            "roe": 11.19,
            "roe_4q": 13.61,
            "gross_profit": 434939,
            "gross_margin": 17.75,
            "gross_margin_4q_avg": 16.5,
            "net_income": 308117,
            "revenue": 2449942,
            "common_shares": 1575936,
            "book_valuer_per_share": 17.42,
            "book_valuer_per_share_4q_avg": 15.53,
            "equity": 2908137,
            "current_ratio": 112.77,
            "debt_ratio": 62.77,
            "inventory_turnover_ratio": 22.46,
            "account_receivable_turnover_ratio": 1.34,
            "reinvestment_rate": 1470.93,
            "research_to_sale_ratio": 0.93,
            "price_fair": 48.02,
            "eps_avg_yearly": 1.37,
            "eps_latest_yearly": 8.2,
            "eps_growth_yearly": 2564.44
        },
        "20152": {
            "year_quarter": 20152,
            "year": 2015,
            "quarter": 2,
            "eps": 0.22,
            "eps_growth_year": 2100,
            "eps_4q": 2.58,
            "eps_4q_growth_year": 4389.83,
            "roe": 0.49,
            "roe_4q": 14.09,
            "gross_profit": 313331,
            "gross_margin": 14.37,
            "gross_margin_4q_avg": 15.69,
            "net_income": 14355,
            "revenue": 2180921,
            "common_shares": 1575936,
            "book_valuer_per_share": 16.36,
            "book_valuer_per_share_4q_avg": 15.96,
            "equity": 2907538,
            "current_ratio": 114.7,
            "debt_ratio": 63.6,
            "inventory_turnover_ratio": 13.59,
            "account_receivable_turnover_ratio": 1.19,
            "reinvestment_rate": 1428.69,
            "research_to_sale_ratio": 2.08,
            "price_fair": 47.74,
            "eps_avg_yearly": 1.36,
            "eps_latest_yearly": 0.88,
            "eps_growth_yearly": 2557.31
        },
        "20153": {
            "year_quarter": 20153,
            "year": 2015,
            "quarter": 3,
            "eps": 0.17,
            "eps_growth_year": -32,
            "eps_4q": 2.5,
            "eps_4q_growth_year": 1705.3,
            "roe": 0.25,
            "roe_4q": 12.86,
            "gross_profit": 367496,
            "gross_margin": 14.63,
            "gross_margin_4q_avg": 14.98,
            "net_income": 7292,
            "revenue": 2511108,
            "common_shares": 1575936,
            "book_valuer_per_share": 16.3,
            "book_valuer_per_share_4q_avg": 16.34,
            "equity": 2884501,
            "current_ratio": 135.54,
            "debt_ratio": 65.01,
            "inventory_turnover_ratio": 15.39,
            "account_receivable_turnover_ratio": 1.38,
            "reinvestment_rate": 1298.41,
            "research_to_sale_ratio": 1.35,
            "price_fair": 49.56,
            "eps_avg_yearly": 1.42,
            "eps_latest_yearly": 0.68,
            "eps_growth_yearly": 2581.55
        },
        "20154": {
            "year_quarter": 20154,
            "year": 2015,
            "quarter": 4,
            "eps": 0.02,
            "eps_growth_year": -65.62,
            "eps_4q": 2.46,
            "eps_4q_growth_year": 315.9,
            "roe": -0.81,
            "roe_4q": 11.12,
            "gross_profit": 273082,
            "gross_margin": 10.76,
            "gross_margin_4q_avg": 14.38,
            "net_income": -23716,
            "revenue": 2538062,
            "common_shares": 1575936,
            "book_valuer_per_share": 16.56,
            "book_valuer_per_share_4q_avg": 16.66,
            "equity": 2941288,
            "current_ratio": 134.72,
            "debt_ratio": 64.63,
            "inventory_turnover_ratio": 18.89,
            "account_receivable_turnover_ratio": 1.31,
            "reinvestment_rate": 1377.56,
            "research_to_sale_ratio": 1.62,
            "price_fair": 48.58,
            "eps_avg_yearly": 1.39,
            "eps_latest_yearly": 0.08,
            "eps_growth_yearly": 2496.25
        },
        "20161": {
            "year_quarter": 20161,
            "year": 2016,
            "quarter": 1,
            "eps": 0.12,
            "eps_growth_year": -94.15,
            "eps_4q": 0.53,
            "eps_4q_growth_year": -77.65,
            "roe": -0.22,
            "roe_4q": -0.29000000000000004,
            "gross_profit": 386813,
            "gross_margin": 16.68,
            "gross_margin_4q_avg": 14.11,
            "net_income": -6576,
            "revenue": 2319634,
            "common_shares": 1575936,
            "book_valuer_per_share": 17.16,
            "book_valuer_per_share_4q_avg": 16.6,
            "equity": 3043917,
            "current_ratio": 128.06,
            "debt_ratio": 65.06,
            "inventory_turnover_ratio": 22.46,
            "account_receivable_turnover_ratio": 1.15,
            "reinvestment_rate": 1745.95,
            "research_to_sale_ratio": 1.7,
            "price_fair": 45.36,
            "eps_avg_yearly": 1.3,
            "eps_latest_yearly": 0.48,
            "eps_growth_yearly": 2580.7
        },
        "20162": {
            "year_quarter": 20162,
            "year": 2016,
            "quarter": 2,
            "eps": -0.39,
            "eps_growth_year": -277.27,
            "eps_4q": -0.09,
            "eps_4q_growth_year": -103.39,
            "roe": -3.05,
            "roe_4q": -3.83,
            "gross_profit": 263658,
            "gross_margin": 13.3,
            "gross_margin_4q_avg": 13.84,
            "net_income": -89237,
            "revenue": 1982061,
            "common_shares": 1575936,
            "book_valuer_per_share": 15.75,
            "book_valuer_per_share_4q_avg": 16.44,
            "equity": 2802866,
            "current_ratio": 122.62,
            "debt_ratio": 66.84,
            "inventory_turnover_ratio": 31.6,
            "account_receivable_turnover_ratio": 1.11,
            "reinvestment_rate": 1981.6,
            "research_to_sale_ratio": 2.02,
            "price_fair": 45.36,
            "eps_avg_yearly": 1.3,
            "eps_latest_yearly": 0.48,
            "eps_growth_yearly": 2580.7
        },
        "20163": {
            "year_quarter": 20163,
            "year": 2016,
            "quarter": 3,
            "eps": -1.94,
            "eps_growth_year": -1241.18,
            "eps_4q": -2.23,
            "eps_4q_growth_year": -189.22,
            "roe": -12.62,
            "roe_4q": -16.7,
            "gross_profit": 336804,
            "gross_margin": 15.9,
            "gross_margin_4q_avg": 14.16,
            "net_income": -331366,
            "revenue": 2118382,
            "common_shares": 1575936,
            "book_valuer_per_share": 13.88,
            "book_valuer_per_share_4q_avg": 15.84,
            "equity": 2448023,
            "current_ratio": 95.25,
            "debt_ratio": 69.12,
            "inventory_turnover_ratio": 41.84,
            "account_receivable_turnover_ratio": 1.4,
            "reinvestment_rate": 11246.98,
            "research_to_sale_ratio": 1.92,
            "price_fair": 45.36,
            "eps_avg_yearly": 1.3,
            "eps_latest_yearly": 0.48,
            "eps_growth_yearly": 2580.7
        },
        "20164": {
            "year_quarter": 20164,
            "year": 2016,
            "quarter": 4,
            "eps": -0.23,
            "eps_growth_year": -1368.04,
            "eps_4q": -2.53,
            "eps_4q_growth_year": -202.89,
            "roe": -2.4,
            "roe_4q": -18.29,
            "gross_profit": 301147,
            "gross_margin": 15.14,
            "gross_margin_4q_avg": 15.26,
            "net_income": -57910,
            "revenue": 1988957,
            "common_shares": 1575936,
            "book_valuer_per_share": 13.68,
            "book_valuer_per_share_4q_avg": 15.12,
            "equity": 2368411,
            "current_ratio": 89.87,
            "debt_ratio": 70.06,
            "inventory_turnover_ratio": 46.77,
            "account_receivable_turnover_ratio": 1.34,
            "reinvestment_rate": 1676.58,
            "research_to_sale_ratio": 2.38,
            "price_fair": 45.36,
            "eps_avg_yearly": 1.3,
            "eps_latest_yearly": 0.48,
            "eps_growth_yearly": 2580.7
        },
        "20171": {
            "year_quarter": 20171,
            "year": 2017,
            "quarter": 1,
            "eps": 0.34,
            "eps_growth_year": 183.33,
            "eps_4q": -2.3,
            "eps_4q_growth_year": -536.42,
            "roe": 1.49,
            "roe_4q": -16.58,
            "gross_profit": 405117,
            "gross_margin": 18.27,
            "gross_margin_4q_avg": 15.65,
            "net_income": 36325,
            "revenue": 2217422,
            "common_shares": 1575936,
            "book_valuer_per_share": 14.05,
            "book_valuer_per_share_4q_avg": 14.34,
            "equity": 2493283,
            "current_ratio": 97.88,
            "debt_ratio": 68.64,
            "inventory_turnover_ratio": 55.63,
            "account_receivable_turnover_ratio": 1.64,
            "reinvestment_rate": 2055.62,
            "research_to_sale_ratio": 2.17,
            "price_fair": 45.36,
            "eps_avg_yearly": 1.3,
            "eps_latest_yearly": 0.48,
            "eps_growth_yearly": 2580.7
        },
        "20172": {
            "year_quarter": 20172,
            "year": 2017,
            "quarter": 2,
            "eps": 0.17,
            "eps_growth_year": null,
            "eps_4q": -1.72,
            "eps_4q_growth_year": null,
            "roe": 0.35,
            "roe_4q": -13.18,
            "gross_profit": 212097,
            "gross_margin": 12.38,
            "gross_margin_4q_avg": 15.42,
            "net_income": 8671,
            "revenue": 1713794,
            "common_shares": 1575936,
            "book_valuer_per_share": 14.31,
            "book_valuer_per_share_4q_avg": 13.98,
            "equity": 2524830,
            "current_ratio": 96.09,
            "debt_ratio": 67.01,
            "inventory_turnover_ratio": 49.72,
            "account_receivable_turnover_ratio": 1.47,
            "reinvestment_rate": 2142.64,
            "research_to_sale_ratio": 2.33,
            "price_fair": 45.22,
            "eps_avg_yearly": 1.29,
            "eps_latest_yearly": 0.68,
            "eps_growth_yearly": 2587.11
        },
        "20173": {
            "year_quarter": 20173,
            "year": 2017,
            "quarter": 3,
            "eps": -0.53,
            "eps_growth_year": null,
            "eps_4q": -0.21,
            "eps_4q_growth_year": null,
            "roe": -3.65,
            "roe_4q": -4.21,
            "gross_profit": 296431,
            "gross_margin": 16.14,
            "gross_margin_4q_avg": 15.48,
            "net_income": -99166,
            "revenue": 1836344,
            "common_shares": 1685372,
            "book_valuer_per_share": 15.82,
            "book_valuer_per_share_4q_avg": 14.47,
            "equity": 2908932,
            "current_ratio": 95.1,
            "debt_ratio": 59.87,
            "inventory_turnover_ratio": 38.98,
            "account_receivable_turnover_ratio": 1.71,
            "reinvestment_rate": 8939.51,
            "research_to_sale_ratio": 2.99,
            "price_fair": 47.6,
            "eps_avg_yearly": 1.36,
            "eps_latest_yearly": 0.68,
            "eps_growth_yearly": 2877.04
        },
        "20174": {
            "year_quarter": 20174,
            "year": 2017,
            "quarter": 4,
            "eps": 0.16,
            "eps_growth_year": null,
            "eps_4q": 0.16,
            "eps_4q_growth_year": null,
            "roe": 0.57,
            "roe_4q": -1.24,
            "gross_profit": 651242,
            "gross_margin": 24.05,
            "gross_margin_4q_avg": 17.71,
            "net_income": 17263,
            "revenue": 2707428,
            "common_shares": 1750281,
            "book_valuer_per_share": 16.54,
            "book_valuer_per_share_4q_avg": 15.18,
            "equity": 3135813,
            "current_ratio": 101.26,
            "debt_ratio": 63.24,
            "inventory_turnover_ratio": 34.76,
            "account_receivable_turnover_ratio": 1.62,
            "reinvestment_rate": 2495.51,
            "research_to_sale_ratio": 2.29,
            "price_fair": 47.6,
            "eps_avg_yearly": 1.36,
            "eps_latest_yearly": 0.68,
            "eps_growth_yearly": 2877.04
        },
        "20181": {
            "year_quarter": 20181,
            "year": 2018,
            "quarter": 1,
            "eps": 2.41,
            "eps_growth_year": 608.82,
            "eps_4q": 2.25,
            "eps_4q_growth_year": null,
            "roe": 11.78,
            "roe_4q": 9.049999999999999,
            "gross_profit": 1230329,
            "gross_margin": 25.29,
            "gross_margin_4q_avg": 19.47,
            "net_income": 385196,
            "revenue": 4864458,
            "common_shares": 1754271,
            "book_valuer_per_share": 18.21,
            "book_valuer_per_share_4q_avg": 16.22,
            "equity": 3403821,
            "current_ratio": 108.56,
            "debt_ratio": 64.5,
            "inventory_turnover_ratio": 47.73,
            "account_receivable_turnover_ratio": 2.12,
            "reinvestment_rate": 523.08,
            "research_to_sale_ratio": 0.99,
            "price_fair": 76.58,
            "eps_avg_yearly": 2.19,
            "eps_latest_yearly": 9.64,
            "eps_growth_yearly": 3151.84
        },
        "20182": {
            "year_quarter": 20182,
            "year": 2018,
            "quarter": 2,
            "eps": 3.09,
            "eps_growth_year": 1717.65,
            "eps_4q": 5.19,
            "eps_4q_growth_year": null,
            "roe": 13.7,
            "roe_4q": 22.4,
            "gross_profit": 1276358,
            "gross_margin": 36.5,
            "gross_margin_4q_avg": 25.5,
            "net_income": 496494,
            "revenue": 3496792,
            "common_shares": 1754885,
            "book_valuer_per_share": 21.07,
            "book_valuer_per_share_4q_avg": 17.91,
            "equity": 3845943,
            "current_ratio": 121.47,
            "debt_ratio": 55.83,
            "inventory_turnover_ratio": 27.08,
            "account_receivable_turnover_ratio": 2.06,
            "reinvestment_rate": 245.99,
            "research_to_sale_ratio": 2.03,
            "price_fair": 119.7,
            "eps_avg_yearly": 3.42,
            "eps_latest_yearly": 12.36,
            "eps_growth_yearly": 3201.69
        },
        "20183": {
            "year_quarter": 20183,
            "year": 2018,
            "quarter": 3,
            "eps": 3.11,
            "eps_growth_year": null,
            "eps_4q": 8.57,
            "eps_4q_growth_year": null,
            "roe": 11.89,
            "roe_4q": 37.94,
            "gross_profit": 1373632,
            "gross_margin": 41.96,
            "gross_margin_4q_avg": 31.95,
            "net_income": 510457,
            "revenue": 3273645,
            "common_shares": 1754936,
            "book_valuer_per_share": 25.73,
            "book_valuer_per_share_4q_avg": 20.39,
            "equity": 4743065,
            "current_ratio": 139.09,
            "debt_ratio": 49.91,
            "inventory_turnover_ratio": 21.96,
            "account_receivable_turnover_ratio": 2.96,
            "reinvestment_rate": 161.32,
            "research_to_sale_ratio": 2.28,
            "price_fair": 159.74,
            "eps_avg_yearly": 4.56,
            "eps_latest_yearly": 12.44,
            "eps_growth_yearly": 2241.95
        },
        "20184": {
            "year_quarter": 20184,
            "year": 2018,
            "quarter": 4,
            "eps": 1.74,
            "eps_growth_year": 1002.08,
            "eps_4q": 10.16,
            "eps_4q_growth_year": 6318.97,
            "roe": 6.1,
            "roe_4q": 43.47,
            "gross_profit": 1013600,
            "gross_margin": 37.54,
            "gross_margin_4q_avg": 35.32,
            "net_income": 301838,
            "revenue": 2700053,
            "common_shares": 1754936,
            "book_valuer_per_share": 27.25,
            "book_valuer_per_share_4q_avg": 23.07,
            "equity": 5158730,
            "current_ratio": 139.96,
            "debt_ratio": 47.49,
            "inventory_turnover_ratio": 17.61,
            "account_receivable_turnover_ratio": 2.53,
            "reinvestment_rate": 111.87,
            "research_to_sale_ratio": 1.58,
            "price_fair": 183.4,
            "eps_avg_yearly": 5.24,
            "eps_latest_yearly": 6.96,
            "eps_growth_yearly": 2256.33
        },
        "20191": {
            "year_quarter": 20191,
            "year": 2019,
            "quarter": 1,
            "eps": 2.07,
            "eps_growth_year": -14.11,
            "eps_4q": 9.88,
            "eps_4q_growth_year": 338.18,
            "roe": 6.42,
            "roe_4q": 38.11,
            "gross_profit": 1217964,
            "gross_margin": 41.51,
            "gross_margin_4q_avg": 39.38,
            "net_income": 343447,
            "revenue": 2934286,
            "common_shares": 1754936,
            "book_valuer_per_share": 29.51,
            "book_valuer_per_share_4q_avg": 25.89,
            "equity": 5542765,
            "current_ratio": 140.57,
            "debt_ratio": 46.64,
            "inventory_turnover_ratio": 17.34,
            "account_receivable_turnover_ratio": 2.61,
            "reinvestment_rate": -32.23,
            "research_to_sale_ratio": 2.57,
            "price_fair": 183.68,
            "eps_avg_yearly": 5.25,
            "eps_latest_yearly": 8.28,
            "eps_growth_yearly": 663.92
        },
        "20192": {
            "year_quarter": 20192,
            "year": 2019,
            "quarter": 2,
            "eps": 0.03,
            "eps_growth_year": -99.03,
            "eps_4q": 6.89,
            "eps_4q_growth_year": 32.84,
            "roe": -0.19,
            "roe_4q": 24.22,
            "gross_profit": 791369,
            "gross_margin": 40.31,
            "gross_margin_4q_avg": 40.33,
            "net_income": -9722,
            "revenue": 1963387,
            "common_shares": 1754936,
            "book_valuer_per_share": 23.94,
            "book_valuer_per_share_4q_avg": 26.61,
            "equity": 4742211,
            "current_ratio": 113.61,
            "debt_ratio": 50.57,
            "inventory_turnover_ratio": 13.66,
            "account_receivable_turnover_ratio": 1.86,
            "reinvestment_rate": -28.56,
            "research_to_sale_ratio": 4.82,
            "price_fair": 181.02,
            "eps_avg_yearly": 5.17,
            "eps_latest_yearly": 0.12,
            "eps_growth_yearly": 660.21
        },
        "20193": {
            "year_quarter": 20193,
            "year": 2019,
            "quarter": 3,
            "eps": 1.84,
            "eps_growth_year": -40.84,
            "eps_4q": 5.61,
            "eps_4q_growth_year": -34.52,
            "roe": 6.32,
            "roe_4q": 18.65,
            "gross_profit": 1067746,
            "gross_margin": 44.8,
            "gross_margin_4q_avg": 41.04,
            "net_income": 311855,
            "revenue": 2383488,
            "common_shares": 1754936,
            "book_valuer_per_share": 25.94,
            "book_valuer_per_share_4q_avg": 26.66,
            "equity": 5126918,
            "current_ratio": 122.04,
            "debt_ratio": 44.73,
            "inventory_turnover_ratio": 15.45,
            "account_receivable_turnover_ratio": 2.2,
            "reinvestment_rate": -28.63,
            "research_to_sale_ratio": 4.56,
            "price_fair": 204.4,
            "eps_avg_yearly": 5.84,
            "eps_latest_yearly": 7.36,
            "eps_growth_yearly": 3082.63
        },
        "20194": {
            "year_quarter": 20194,
            "year": 2019,
            "quarter": 4,
            "eps": 1.17,
            "eps_growth_year": -32.97,
            "eps_4q": 5.06,
            "eps_4q_growth_year": -50.19,
            "roe": 4.2,
            "roe_4q": 16.75,
            "gross_profit": 1016079,
            "gross_margin": 42.33,
            "gross_margin_4q_avg": 42.24,
            "net_income": 219038,
            "revenue": 2400184,
            "common_shares": 1754936,
            "book_valuer_per_share": 26.84,
            "book_valuer_per_share_4q_avg": 26.56,
            "equity": 5297393,
            "current_ratio": 125.64,
            "debt_ratio": 42.79,
            "inventory_turnover_ratio": 13.07,
            "account_receivable_turnover_ratio": 1.99,
            "reinvestment_rate": -27.59,
            "research_to_sale_ratio": 3.49,
            "price_fair": 220.5,
            "eps_avg_yearly": 6.3,
            "eps_latest_yearly": 4.68,
            "eps_growth_yearly": 3103.36
        },
        "20201": {
            "year_quarter": 20201,
            "year": 2020,
            "quarter": 1,
            "eps": 2.14,
            "eps_growth_year": 3.38,
            "eps_4q": 5.22,
            "eps_4q_growth_year": -47.13,
            "roe": 6.79,
            "roe_4q": 17.12,
            "gross_profit": 1227653,
            "gross_margin": 38.91,
            "gross_margin_4q_avg": 41.59,
            "net_income": 367020,
            "revenue": 3155080,
            "common_shares": 1754936,
            "book_valuer_per_share": 28.33,
            "book_valuer_per_share_4q_avg": 26.26,
            "equity": 5518473,
            "current_ratio": 129.6,
            "debt_ratio": 43.34,
            "inventory_turnover_ratio": 17.2,
            "account_receivable_turnover_ratio": 2.77,
            "reinvestment_rate": -32.04,
            "research_to_sale_ratio": 2.29,
            "price_fair": 248.78,
            "eps_avg_yearly": 7.11,
            "eps_latest_yearly": 8.56,
            "eps_growth_yearly": 2936.52
        },
        "20202": {
            "year_quarter": 20202,
            "year": 2020,
            "quarter": 2,
            "eps": 1.18,
            "eps_growth_year": 3833.33,
            "eps_4q": 6.37,
            "eps_4q_growth_year": -7.52,
            "roe": 3.5,
            "roe_4q": 20.81,
            "gross_profit": 1003155,
            "gross_margin": 39.35,
            "gross_margin_4q_avg": 41.35,
            "net_income": 188376,
            "revenue": 2549117,
            "common_shares": 1754936,
            "book_valuer_per_share": 26.88,
            "book_valuer_per_share_4q_avg": 27,
            "equity": 5248646,
            "current_ratio": 112.52,
            "debt_ratio": 46.73,
            "inventory_turnover_ratio": 15.21,
            "account_receivable_turnover_ratio": 2.17,
            "reinvestment_rate": -30.89,
            "research_to_sale_ratio": 3.95,
            "price_fair": 241.18,
            "eps_avg_yearly": 6.89,
            "eps_latest_yearly": 4.72,
            "eps_growth_yearly": 2653.25
        },
        "20203": {
            "year_quarter": 20203,
            "year": 2020,
            "quarter": 3,
            "eps": 1.31,
            "eps_growth_year": -28.8,
            "eps_4q": 5.77,
            "eps_4q_growth_year": 2.77,
            "roe": 4.02,
            "roe_4q": 18.509999999999998,
            "gross_profit": 1050550,
            "gross_margin": 40.14,
            "gross_margin_4q_avg": 40.18,
            "net_income": 216662,
            "revenue": 2617487,
            "common_shares": 1754936,
            "book_valuer_per_share": 28.21,
            "book_valuer_per_share_4q_avg": 27.57,
            "equity": 5536643,
            "current_ratio": 118.15,
            "debt_ratio": 42.51,
            "inventory_turnover_ratio": 15.87,
            "account_receivable_turnover_ratio": 2.22,
            "reinvestment_rate": -18.45,
            "research_to_sale_ratio": 3.42,
            "price_fair": 236.37,
            "eps_avg_yearly": 6.75,
            "eps_latest_yearly": 5.24,
            "eps_growth_yearly": 2435.82
        },
        "20204": {
            "year_quarter": 20204,
            "year": 2020,
            "quarter": 4,
            "eps": 0.37,
            "eps_growth_year": -68.12,
            "eps_4q": 4.97,
            "eps_4q_growth_year": -1.73,
            "roe": 0.19,
            "roe_4q": 14.5,
            "gross_profit": 687380,
            "gross_margin": 32.4,
            "gross_margin_4q_avg": 37.7,
            "net_income": 10262,
            "revenue": 2121358,
            "common_shares": 1754936,
            "book_valuer_per_share": 28.4,
            "book_valuer_per_share_4q_avg": 27.96,
            "equity": 5511731,
            "current_ratio": 122.43,
            "debt_ratio": 40.77,
            "inventory_turnover_ratio": 12.59,
            "account_receivable_turnover_ratio": 1.95,
            "reinvestment_rate": -21.32,
            "research_to_sale_ratio": 3.93,
            "price_fair": 222.17,
            "eps_avg_yearly": 6.35,
            "eps_latest_yearly": 1.48,
            "eps_growth_yearly": 2226.37
        },
        "20211": {
            "year_quarter": 20211,
            "year": 2021,
            "quarter": 1,
            "eps": 1.76,
            "eps_growth_year": -17.76,
            "eps_4q": 4.59,
            "eps_4q_growth_year": -12.06,
            "roe": 5.17,
            "roe_4q": 12.879999999999999,
            "gross_profit": 1221716,
            "gross_margin": 39.33,
            "gross_margin_4q_avg": 37.81,
            "net_income": 292991,
            "revenue": 3106547,
            "common_shares": 1754936,
            "book_valuer_per_share": 30.15,
            "book_valuer_per_share_4q_avg": 28.41,
            "equity": 5820960,
            "current_ratio": 130.31,
            "debt_ratio": 42.67,
            "inventory_turnover_ratio": 14.05,
            "account_receivable_turnover_ratio": 2.95,
            "reinvestment_rate": -20.91,
            "research_to_sale_ratio": 2.89,
            "price_fair": 223.9,
            "eps_avg_yearly": 6.4,
            "eps_latest_yearly": 7.04,
            "eps_growth_yearly": 2174.68
        },
        "20212": {
            "year_quarter": 20212,
            "year": 2021,
            "quarter": 2,
            "eps": 0.96,
            "eps_growth_year": -18.64,
            "eps_4q": 4.39,
            "eps_4q_growth_year": -31.1,
            "roe": 2.58,
            "roe_4q": 11.96,
            "gross_profit": 860929,
            "gross_margin": 35.77,
            "gross_margin_4q_avg": 36.91,
            "net_income": 151632,
            "revenue": 2407042,
            "common_shares": 1754936,
            "book_valuer_per_share": 30.95,
            "book_valuer_per_share_4q_avg": 29.43,
            "equity": 5933986,
            "current_ratio": 131.85,
            "debt_ratio": 42.88,
            "inventory_turnover_ratio": 11.72,
            "account_receivable_turnover_ratio": 2.05,
            "reinvestment_rate": -20.63,
            "research_to_sale_ratio": 3.93,
            "price_fair": 231.8,
            "eps_avg_yearly": 6.62,
            "eps_latest_yearly": 3.84,
            "eps_growth_yearly": 2175.98
        },
        "20213": {
            "year_quarter": 20213,
            "year": 2021,
            "quarter": 3,
            "eps": 2.46,
            "eps_growth_year": 87.79,
            "eps_4q": 5.55,
            "eps_4q_growth_year": -3.79,
            "roe": 7.13,
            "roe_4q": 15.07,
            "gross_profit": 1500068,
            "gross_margin": 42.49,
            "gross_margin_4q_avg": 37.5,
            "net_income": 412495,
            "revenue": 3530516,
            "common_shares": 1754936,
            "book_valuer_per_share": 29.38,
            "book_valuer_per_share_4q_avg": 29.72,
            "equity": 5638182,
            "current_ratio": 132.68,
            "debt_ratio": 43.43,
            "inventory_turnover_ratio": 16.95,
            "account_receivable_turnover_ratio": 2.92,
            "reinvestment_rate": -20.61,
            "research_to_sale_ratio": 3.17,
            "price_fair": 239.31,
            "eps_avg_yearly": 6.84,
            "eps_latest_yearly": 9.84,
            "eps_growth_yearly": 2072.58
        },
        "20214": {
            "year_quarter": 20214,
            "year": 2021,
            "quarter": 4,
            "eps": 1.13,
            "eps_growth_year": 202.97,
            "eps_4q": 6.3,
            "eps_4q_growth_year": 26.8,
            "roe": 2.65,
            "roe_4q": 17.53,
            "gross_profit": 1174372,
            "gross_margin": 50.44,
            "gross_margin_4q_avg": 42.01,
            "net_income": 151997,
            "revenue": 2328372,
            "common_shares": 1754936,
            "book_valuer_per_share": 30.82,
            "book_valuer_per_share_4q_avg": 30.33,
            "equity": 5852053,
            "current_ratio": 157.04,
            "debt_ratio": 38.22,
            "inventory_turnover_ratio": 9.59,
            "account_receivable_turnover_ratio": 2.22,
            "reinvestment_rate": -21.51,
            "research_to_sale_ratio": 4.05,
            "price_fair": 234.24,
            "eps_avg_yearly": 6.69,
            "eps_latest_yearly": 4.52,
            "eps_growth_yearly": 1929.53
        },
        "20221": {
            "year_quarter": 20221,
            "year": 2022,
            "quarter": 1,
            "eps": 2.97,
            "eps_growth_year": 68.75,
            "eps_4q": 7.51,
            "eps_4q_growth_year": 63.66,
            "roe": 8.6,
            "roe_4q": 20.96,
            "gross_profit": 1593152,
            "gross_margin": 46.74,
            "gross_margin_4q_avg": 43.86,
            "net_income": 525582,
            "revenue": 3408550,
            "common_shares": 1754936,
            "book_valuer_per_share": 33.78,
            "book_valuer_per_share_4q_avg": 31.23,
            "equity": 6375620,
            "current_ratio": 168.65,
            "debt_ratio": 38.28,
            "inventory_turnover_ratio": 15.38,
            "account_receivable_turnover_ratio": 3.86,
            "reinvestment_rate": -8.29,
            "research_to_sale_ratio": 2.47,
            "price_fair": 239.14,
            "eps_avg_yearly": 6.83,
            "eps_latest_yearly": 11.88,
            "eps_growth_yearly": 1618.67
        },
        "20222": {
            "year_quarter": 20222,
            "year": 2022,
            "quarter": 2,
            "eps": 1.41,
            "eps_growth_year": 46.88,
            "eps_4q": 7.97,
            "eps_4q_growth_year": 81.6,
            "roe": 4.01,
            "roe_4q": 22.39,
            "gross_profit": 954110,
            "gross_margin": 39.35,
            "gross_margin_4q_avg": 44.76,
            "net_income": 242377,
            "revenue": 2424900,
            "common_shares": 1754936,
            "book_valuer_per_share": 30.21,
            "book_valuer_per_share_4q_avg": 31.05,
            "equity": 5725018,
            "current_ratio": 142.9,
            "debt_ratio": 45.22,
            "inventory_turnover_ratio": 12.11,
            "account_receivable_turnover_ratio": 2.57,
            "reinvestment_rate": -7.86,
            "research_to_sale_ratio": 5.14,
            "price_fair": 224.44,
            "eps_avg_yearly": 6.41,
            "eps_latest_yearly": 5.64,
            "eps_growth_yearly": 1598.49
        },
        "20223": {
            "year_quarter": 20223,
            "year": 2022,
            "quarter": 3,
            "eps": 2.81,
            "eps_growth_year": 14.23,
            "eps_4q": 8.32,
            "eps_4q_growth_year": 49.94,
            "roe": 8.27,
            "roe_4q": 23.529999999999998,
            "gross_profit": 1452567,
            "gross_margin": 42.71,
            "gross_margin_4q_avg": 44.81,
            "net_income": 496920,
            "revenue": 3400803,
            "common_shares": 1754936,
            "book_valuer_per_share": 33.42,
            "book_valuer_per_share_4q_avg": 32.06,
            "equity": 6295216,
            "current_ratio": 158.38,
            "debt_ratio": 42.3,
            "inventory_turnover_ratio": 14.06,
            "account_receivable_turnover_ratio": 3.35,
            "reinvestment_rate": -6.26,
            "research_to_sale_ratio": 3.98,
            "price_fair": 221.81,
            "eps_avg_yearly": 6.34,
            "eps_latest_yearly": 11.24,
            "eps_growth_yearly": 1623.15
        },
        "20224": {
            "year_quarter": 20224,
            "year": 2022,
            "quarter": 4,
            "eps": 0.1,
            "eps_growth_year": -91.14,
            "eps_4q": 7.29,
            "eps_4q_growth_year": 15.68,
            "roe": 0.21,
            "roe_4q": 21.09,
            "gross_profit": 682281,
            "gross_margin": 31.68,
            "gross_margin_4q_avg": 40.12,
            "net_income": 13228,
            "revenue": 2153768,
            "common_shares": 1754936,
            "book_valuer_per_share": 33.35,
            "book_valuer_per_share_4q_avg": 32.69,
            "equity": 6288962,
            "current_ratio": 149.21,
            "debt_ratio": 39.45,
            "inventory_turnover_ratio": 10.63,
            "account_receivable_turnover_ratio": 2.35,
            "reinvestment_rate": -3.88,
            "research_to_sale_ratio": 6.52,
            "price_fair": 207.46,
            "eps_avg_yearly": 5.93,
            "eps_latest_yearly": 0.4,
            "eps_growth_yearly": 1610.05
        },
        "20231": {
            "year_quarter": 20231,
            "year": 2023,
            "quarter": 1,
            "eps": 1.92,
            "eps_growth_year": -35.35,
            "eps_4q": 6.24,
            "eps_4q_growth_year": -17.01,
            "roe": 5.2,
            "roe_4q": 17.689999999999998,
            "gross_profit": 1266964,
            "gross_margin": 41.76,
            "gross_margin_4q_avg": 38.88,
            "net_income": 335691,
            "revenue": 3034224,
            "common_shares": 1754936,
            "book_valuer_per_share": 35.2,
            "book_valuer_per_share_4q_avg": 33.05,
            "equity": 6620504,
            "current_ratio": 156.96,
            "debt_ratio": 38.34,
            "inventory_turnover_ratio": 13.54,
            "account_receivable_turnover_ratio": 3.59,
            "reinvestment_rate": -3.36,
            "research_to_sale_ratio": 5.27,
            "price_fair": 206.15,
            "eps_avg_yearly": 5.89,
            "eps_latest_yearly": 7.68,
            "eps_growth_yearly": 2060.31
        }
    },
    "months": {
        "2002-05": {
            "month": "2002-05",
            "price": "163.67",
            "revenue": 163341
        },
        "2002-06": {
            "month": "2002-06",
            "price": "173.90",
            "revenue": 195172
        },
        "2002-07": {
            "month": "2002-07",
            "price": "112.96",
            "revenue": 211929
        },
        "2002-08": {
            "month": "2002-08",
            "price": "107.41",
            "revenue": 238228
        },
        "2002-09": {
            "month": "2002-09",
            "price": "91.90",
            "revenue": 194697
        },
        "2002-10": {
            "month": "2002-10",
            "price": "75.84",
            "revenue": 185223
        },
        "2002-11": {
            "month": "2002-11",
            "price": "71.33",
            "revenue": 190673
        },
        "2002-12": {
            "month": "2002-12",
            "price": "60.84",
            "revenue": 301638
        },
        "2003-01": {
            "month": "2003-01",
            "price": "62.95",
            "revenue": 177192
        },
        "2003-02": {
            "month": "2003-02",
            "price": "57.09",
            "revenue": 146081
        },
        "2003-03": {
            "month": "2003-03",
            "price": "46.82",
            "revenue": 175135
        },
        "2003-04": {
            "month": "2003-04",
            "price": "37.49",
            "revenue": 153552
        },
        "2003-05": {
            "month": "2003-05",
            "price": "29.35",
            "revenue": 147658
        },
        "2003-06": {
            "month": "2003-06",
            "price": "31.58",
            "revenue": 148234
        },
        "2003-07": {
            "month": "2003-07",
            "price": "30.83",
            "revenue": 164090
        },
        "2003-08": {
            "month": "2003-08",
            "price": "29.17",
            "revenue": 163551
        },
        "2003-09": {
            "month": "2003-09",
            "price": "26.73",
            "revenue": 149936
        },
        "2003-10": {
            "month": "2003-10",
            "price": "25.46",
            "revenue": 178506
        },
        "2003-11": {
            "month": "2003-11",
            "price": "27.60",
            "revenue": 155277
        },
        "2003-12": {
            "month": "2003-12",
            "price": "27.90",
            "revenue": 161824
        },
        "2004-01": {
            "month": "2004-01",
            "price": "31.49",
            "revenue": 206894
        },
        "2004-02": {
            "month": "2004-02",
            "price": "30.98",
            "revenue": 181097
        },
        "2004-03": {
            "month": "2004-03",
            "price": "27.25",
            "revenue": 170361
        },
        "2004-04": {
            "month": "2004-04",
            "price": "24.72",
            "revenue": 147757
        },
        "2004-05": {
            "month": "2004-05",
            "price": "20.77",
            "revenue": 163810
        },
        "2004-06": {
            "month": "2004-06",
            "price": "19.80",
            "revenue": 174922
        },
        "2004-07": {
            "month": "2004-07",
            "price": "17.71",
            "revenue": 202049
        },
        "2004-08": {
            "month": "2004-08",
            "price": "15.66",
            "revenue": 167057
        },
        "2004-09": {
            "month": "2004-09",
            "price": "14.80",
            "revenue": 143194
        },
        "2004-10": {
            "month": "2004-10",
            "price": "15.44",
            "revenue": 142514
        },
        "2004-11": {
            "month": "2004-11",
            "price": "15.80",
            "revenue": 157415
        },
        "2004-12": {
            "month": "2004-12",
            "price": "16.38",
            "revenue": 140983
        },
        "2005-01": {
            "month": "2005-01",
            "price": "18.00",
            "revenue": 167114
        },
        "2005-02": {
            "month": "2005-02",
            "price": "16.58",
            "revenue": 151026
        },
        "2005-03": {
            "month": "2005-03",
            "price": "15.83",
            "revenue": 151626
        },
        "2005-04": {
            "month": "2005-04",
            "price": "13.84",
            "revenue": 138418
        },
        "2005-05": {
            "month": "2005-05",
            "price": "13.14",
            "revenue": 138084
        },
        "2005-06": {
            "month": "2005-06",
            "price": "14.56",
            "revenue": 127843
        },
        "2005-07": {
            "month": "2005-07",
            "price": "14.80",
            "revenue": 165106
        },
        "2005-08": {
            "month": "2005-08",
            "price": "16.01",
            "revenue": 256009
        },
        "2005-09": {
            "month": "2005-09",
            "price": "16.07",
            "revenue": 229381
        },
        "2005-10": {
            "month": "2005-10",
            "price": "16.73",
            "revenue": 250665
        },
        "2005-11": {
            "month": "2005-11",
            "price": "14.94",
            "revenue": 267942
        },
        "2005-12": {
            "month": "2005-12",
            "price": "15.06",
            "revenue": 289906
        },
        "2006-01": {
            "month": "2006-01",
            "price": "14.99",
            "revenue": 306360
        },
        "2006-02": {
            "month": "2006-02",
            "price": "14.62",
            "revenue": 343010
        },
        "2006-03": {
            "month": "2006-03",
            "price": "14.65",
            "revenue": 317851
        },
        "2006-04": {
            "month": "2006-04",
            "price": "16.96",
            "revenue": 300359
        },
        "2006-05": {
            "month": "2006-05",
            "price": "16.56",
            "revenue": 319464
        },
        "2006-06": {
            "month": "2006-06",
            "price": "15.03",
            "revenue": 339606
        },
        "2006-07": {
            "month": "2006-07",
            "price": "15.24",
            "revenue": 359350
        },
        "2006-08": {
            "month": "2006-08",
            "price": "16.46",
            "revenue": 347549
        },
        "2006-09": {
            "month": "2006-09",
            "price": "19.89",
            "revenue": 275149
        },
        "2006-10": {
            "month": "2006-10",
            "price": "29.85",
            "revenue": 299441
        },
        "2006-11": {
            "month": "2006-11",
            "price": "27.86",
            "revenue": 275401
        },
        "2006-12": {
            "month": "2006-12",
            "price": "32.60",
            "revenue": 273614
        },
        "2007-01": {
            "month": "2007-01",
            "price": "35.36",
            "revenue": 252703
        },
        "2007-02": {
            "month": "2007-02",
            "price": "37.19",
            "revenue": 295474
        },
        "2007-03": {
            "month": "2007-03",
            "price": "32.71",
            "revenue": 306323
        },
        "2007-04": {
            "month": "2007-04",
            "price": "33.89",
            "revenue": 263217
        },
        "2007-05": {
            "month": "2007-05",
            "price": "34.22",
            "revenue": 261502
        },
        "2007-06": {
            "month": "2007-06",
            "price": "37.90",
            "revenue": 271509
        },
        "2007-07": {
            "month": "2007-07",
            "price": "42.15",
            "revenue": 377122
        },
        "2007-08": {
            "month": "2007-08",
            "price": "36.53",
            "revenue": 304196
        },
        "2007-09": {
            "month": "2007-09",
            "price": "33.23",
            "revenue": 293685
        },
        "2007-10": {
            "month": "2007-10",
            "price": "32.50",
            "revenue": 274048
        },
        "2007-11": {
            "month": "2007-11",
            "price": "30.25",
            "revenue": 256591
        },
        "2007-12": {
            "month": "2007-12",
            "price": "30.22",
            "revenue": 332044
        },
        "2008-01": {
            "month": "2008-01",
            "price": "27.79",
            "revenue": 326036
        },
        "2008-02": {
            "month": "2008-02",
            "price": "26.57",
            "revenue": 360924
        },
        "2008-03": {
            "month": "2008-03",
            "price": "29.12",
            "revenue": 307369
        },
        "2008-04": {
            "month": "2008-04",
            "price": "31.15",
            "revenue": 322635
        },
        "2008-05": {
            "month": "2008-05",
            "price": "34.54",
            "revenue": 297828
        },
        "2008-06": {
            "month": "2008-06",
            "price": "32.14",
            "revenue": 279155
        },
        "2008-07": {
            "month": "2008-07",
            "price": "27.54",
            "revenue": 350065
        },
        "2008-08": {
            "month": "2008-08",
            "price": "25.29",
            "revenue": 340049
        },
        "2008-09": {
            "month": "2008-09",
            "price": "18.80",
            "revenue": 282653
        },
        "2008-10": {
            "month": "2008-10",
            "price": "14.67",
            "revenue": 335904
        },
        "2008-11": {
            "month": "2008-11",
            "price": "13.31",
            "revenue": 283116
        },
        "2008-12": {
            "month": "2008-12",
            "price": "16.51",
            "revenue": 342706
        },
        "2009-01": {
            "month": "2009-01",
            "price": "21.98",
            "revenue": 443873
        },
        "2009-02": {
            "month": "2009-02",
            "price": "22.12",
            "revenue": 505747
        },
        "2009-03": {
            "month": "2009-03",
            "price": "28.97",
            "revenue": 419767
        },
        "2009-04": {
            "month": "2009-04",
            "price": "33.41",
            "revenue": 418399
        },
        "2009-05": {
            "month": "2009-05",
            "price": "42.34",
            "revenue": 432484
        },
        "2009-06": {
            "month": "2009-06",
            "price": "55.32",
            "revenue": 470942
        },
        "2009-07": {
            "month": "2009-07",
            "price": "59.90",
            "revenue": 525443
        },
        "2009-08": {
            "month": "2009-08",
            "price": "54.56",
            "revenue": 444795
        },
        "2009-09": {
            "month": "2009-09",
            "price": "49.33",
            "revenue": 335530
        },
        "2009-10": {
            "month": "2009-10",
            "price": "48.83",
            "revenue": 362152
        },
        "2009-11": {
            "month": "2009-11",
            "price": "46.24",
            "revenue": 357516
        },
        "2009-12": {
            "month": "2009-12",
            "price": "48.71",
            "revenue": 453539
        },
        "2010-01": {
            "month": "2010-01",
            "price": "56.25",
            "revenue": 408726
        },
        "2010-02": {
            "month": "2010-02",
            "price": "49.31",
            "revenue": 537375
        },
        "2010-03": {
            "month": "2010-03",
            "price": "49.13",
            "revenue": 454257
        },
        "2010-04": {
            "month": "2010-04",
            "price": "49.47",
            "revenue": 440290
        },
        "2010-05": {
            "month": "2010-05",
            "price": "52.53",
            "revenue": 519506
        },
        "2010-06": {
            "month": "2010-06",
            "price": "54.35",
            "revenue": 448612
        },
        "2010-07": {
            "month": "2010-07",
            "price": "52.28",
            "revenue": 550498
        },
        "2010-08": {
            "month": "2010-08",
            "price": "48.29",
            "revenue": 508842
        },
        "2010-09": {
            "month": "2010-09",
            "price": "43.01",
            "revenue": 472033
        },
        "2010-10": {
            "month": "2010-10",
            "price": "41.82",
            "revenue": 447596
        },
        "2010-11": {
            "month": "2010-11",
            "price": "43.60",
            "revenue": 495331
        },
        "2010-12": {
            "month": "2010-12",
            "price": "46.86",
            "revenue": 575104
        },
        "2011-01": {
            "month": "2011-01",
            "price": "47.51",
            "revenue": 584496
        },
        "2011-02": {
            "month": "2011-02",
            "price": "42.25",
            "revenue": 693008
        },
        "2011-03": {
            "month": "2011-03",
            "price": "41.39",
            "revenue": 557861
        },
        "2011-04": {
            "month": "2011-04",
            "price": "45.79",
            "revenue": 579496
        },
        "2011-05": {
            "month": "2011-05",
            "price": "48.38",
            "revenue": 677939
        },
        "2011-06": {
            "month": "2011-06",
            "price": "48.20",
            "revenue": 508004
        },
        "2011-07": {
            "month": "2011-07",
            "price": "44.81",
            "revenue": 604909
        },
        "2011-08": {
            "month": "2011-08",
            "price": "37.14",
            "revenue": 619160
        },
        "2011-09": {
            "month": "2011-09",
            "price": "33.41",
            "revenue": 524303
        },
        "2011-10": {
            "month": "2011-10",
            "price": "30.11",
            "revenue": 516195
        },
        "2011-11": {
            "month": "2011-11",
            "price": "28.17",
            "revenue": 535556
        },
        "2011-12": {
            "month": "2011-12",
            "price": "24.60",
            "revenue": 653483
        },
        "2012-01": {
            "month": "2012-01",
            "price": "26.85",
            "revenue": 813356
        },
        "2012-02": {
            "month": "2012-02",
            "price": "30.03",
            "revenue": 622571
        },
        "2012-03": {
            "month": "2012-03",
            "price": "31.77",
            "revenue": 575478
        },
        "2012-04": {
            "month": "2012-04",
            "price": "32.54",
            "revenue": 554665
        },
        "2012-05": {
            "month": "2012-05",
            "price": "30.50",
            "revenue": 493730
        },
        "2012-06": {
            "month": "2012-06",
            "price": "29.40",
            "revenue": 549149
        },
        "2012-07": {
            "month": "2012-07",
            "price": "27.66",
            "revenue": 622652
        },
        "2012-08": {
            "month": "2012-08",
            "price": "25.46",
            "revenue": 672743
        },
        "2012-09": {
            "month": "2012-09",
            "price": "25.07",
            "revenue": 539596
        },
        "2012-10": {
            "month": "2012-10",
            "price": "25.64",
            "revenue": 528205
        },
        "2012-11": {
            "month": "2012-11",
            "price": "24.55",
            "revenue": 533097
        },
        "2012-12": {
            "month": "2012-12",
            "price": "26.73",
            "revenue": 586301
        },
        "2013-01": {
            "month": "2013-01",
            "price": "27.08",
            "revenue": 569022
        },
        "2013-02": {
            "month": "2013-02",
            "price": "25.17",
            "revenue": 823608
        },
        "2013-03": {
            "month": "2013-03",
            "price": "24.98",
            "revenue": 675731
        },
        "2013-04": {
            "month": "2013-04",
            "price": "23.79",
            "revenue": 684874
        },
        "2013-05": {
            "month": "2013-05",
            "price": "25.84",
            "revenue": 645737
        },
        "2013-06": {
            "month": "2013-06",
            "price": "26.38",
            "revenue": 621312
        },
        "2013-07": {
            "month": "2013-07",
            "price": "24.84",
            "revenue": 715971
        },
        "2013-08": {
            "month": "2013-08",
            "price": "24.93",
            "revenue": 772876
        },
        "2013-09": {
            "month": "2013-09",
            "price": "24.82",
            "revenue": 671056
        },
        "2013-10": {
            "month": "2013-10",
            "price": "24.59",
            "revenue": 714576
        },
        "2013-11": {
            "month": "2013-11",
            "price": "23.91",
            "revenue": 658866
        },
        "2013-12": {
            "month": "2013-12",
            "price": "24.41",
            "revenue": 755460
        },
        "2014-01": {
            "month": "2014-01",
            "price": "27.44",
            "revenue": 805968
        },
        "2014-02": {
            "month": "2014-02",
            "price": "27.06",
            "revenue": 853221
        },
        "2014-03": {
            "month": "2014-03",
            "price": "29.76",
            "revenue": 821909
        },
        "2014-04": {
            "month": "2014-04",
            "price": "37.81",
            "revenue": 722628
        },
        "2014-05": {
            "month": "2014-05",
            "price": "36.36",
            "revenue": 733392
        },
        "2014-06": {
            "month": "2014-06",
            "price": "37.90",
            "revenue": 677238
        },
        "2014-07": {
            "month": "2014-07",
            "price": "34.67",
            "revenue": 782643
        },
        "2014-08": {
            "month": "2014-08",
            "price": "29.92",
            "revenue": 731925
        },
        "2014-09": {
            "month": "2014-09",
            "price": "30.89",
            "revenue": 682622
        },
        "2014-10": {
            "month": "2014-10",
            "price": "29.79",
            "revenue": 601566
        },
        "2014-11": {
            "month": "2014-11",
            "price": "29.18",
            "revenue": 843791
        },
        "2014-12": {
            "month": "2014-12",
            "price": "34.32",
            "revenue": 837492
        },
        "2015-01": {
            "month": "2015-01",
            "price": "38.27",
            "revenue": 689630
        },
        "2015-02": {
            "month": "2015-02",
            "price": "37.01",
            "revenue": 968260
        },
        "2015-03": {
            "month": "2015-03",
            "price": "36.25",
            "revenue": 797371
        },
        "2015-04": {
            "month": "2015-04",
            "price": "39.36",
            "revenue": 722913
        },
        "2015-05": {
            "month": "2015-05",
            "price": "38.40",
            "revenue": 756657
        },
        "2015-06": {
            "month": "2015-06",
            "price": "40.61",
            "revenue": 707297
        },
        "2015-07": {
            "month": "2015-07",
            "price": "40.37",
            "revenue": 786031
        },
        "2015-08": {
            "month": "2015-08",
            "price": "38.05",
            "revenue": 873795
        },
        "2015-09": {
            "month": "2015-09",
            "price": "36.94",
            "revenue": 860373
        },
        "2015-10": {
            "month": "2015-10",
            "price": "40.20",
            "revenue": 792504
        },
        "2015-11": {
            "month": "2015-11",
            "price": "45.82",
            "revenue": 893478
        },
        "2015-12": {
            "month": "2015-12",
            "price": "43.53",
            "revenue": 856965
        },
        "2016-01": {
            "month": "2016-01",
            "price": "37.95",
            "revenue": 709244
        },
        "2016-02": {
            "month": "2016-02",
            "price": "37.99",
            "revenue": 961314
        },
        "2016-03": {
            "month": "2016-03",
            "price": "38.11",
            "revenue": 638961
        },
        "2016-04": {
            "month": "2016-04",
            "price": "34.08",
            "revenue": 655128
        },
        "2016-05": {
            "month": "2016-05",
            "price": "31.31",
            "revenue": 668390
        },
        "2016-06": {
            "month": "2016-06",
            "price": "32.31",
            "revenue": 628788
        },
        "2016-07": {
            "month": "2016-07",
            "price": "33.21",
            "revenue": 767941
        },
        "2016-08": {
            "month": "2016-08",
            "price": "32.31",
            "revenue": 662140
        },
        "2016-09": {
            "month": "2016-09",
            "price": "29.54",
            "revenue": 645100
        },
        "2016-10": {
            "month": "2016-10",
            "price": "28.76",
            "revenue": 638149
        },
        "2016-11": {
            "month": "2016-11",
            "price": "28.70",
            "revenue": 697652
        },
        "2016-12": {
            "month": "2016-12",
            "price": "29.10",
            "revenue": 666519
        },
        "2017-01": {
            "month": "2017-01",
            "price": "29.27",
            "revenue": 829166
        },
        "2017-02": {
            "month": "2017-02",
            "price": "28.96",
            "revenue": 726178
        },
        "2017-03": {
            "month": "2017-03",
            "price": "29.63",
            "revenue": 666162
        },
        "2017-04": {
            "month": "2017-04",
            "price": "30.89",
            "revenue": 570507
        },
        "2017-05": {
            "month": "2017-05",
            "price": "33.58",
            "revenue": 571335
        },
        "2017-06": {
            "month": "2017-06",
            "price": "38.09",
            "revenue": 576544
        },
        "2017-07": {
            "month": "2017-07",
            "price": "36.52",
            "revenue": 643933
        },
        "2017-08": {
            "month": "2017-08",
            "price": "39.49",
            "revenue": 640583
        },
        "2017-09": {
            "month": "2017-09",
            "price": "70.20",
            "revenue": 547873
        },
        "2017-10": {
            "month": "2017-10",
            "price": "77.63",
            "revenue": 502355
        },
        "2017-11": {
            "month": "2017-11",
            "price": "95.84",
            "revenue": 540439
        },
        "2017-12": {
            "month": "2017-12",
            "price": "90.10",
            "revenue": 1666396
        },
        "2018-01": {
            "month": "2018-01",
            "price": "86.51",
            "revenue": 1705516
        },
        "2018-02": {
            "month": "2018-02",
            "price": "77.74",
            "revenue": 1771373
        },
        "2018-03": {
            "month": "2018-03",
            "price": "74.05",
            "revenue": 1367710
        },
        "2018-04": {
            "month": "2018-04",
            "price": "67.82",
            "revenue": 1309891
        },
        "2018-05": {
            "month": "2018-05",
            "price": "70.80",
            "revenue": 1002677
        },
        "2018-06": {
            "month": "2018-06",
            "price": "77.68",
            "revenue": 978795
        },
        "2018-07": {
            "month": "2018-07",
            "price": "69.79",
            "revenue": 1136215
        },
        "2018-08": {
            "month": "2018-08",
            "price": "72.98",
            "revenue": 1241736
        },
        "2018-09": {
            "month": "2018-09",
            "price": "67.80",
            "revenue": 907026
        },
        "2018-10": {
            "month": "2018-10",
            "price": "59.05",
            "revenue": 867737
        },
        "2018-11": {
            "month": "2018-11",
            "price": "67.28",
            "revenue": 1056355
        },
        "2018-12": {
            "month": "2018-12",
            "price": "76.36",
            "revenue": 788397
        },
        "2019-01": {
            "month": "2019-01",
            "price": "75.84",
            "revenue": 915872
        },
        "2019-02": {
            "month": "2019-02",
            "price": "73.59",
            "revenue": 1014736
        },
        "2019-03": {
            "month": "2019-03",
            "price": "77.14",
            "revenue": 1009893
        },
        "2019-04": {
            "month": "2019-04",
            "price": "75.76",
            "revenue": 652879
        },
        "2019-05": {
            "month": "2019-05",
            "price": "69.40",
            "revenue": 675290
        },
        "2019-06": {
            "month": "2019-06",
            "price": "68.96",
            "revenue": 641993
        },
        "2019-07": {
            "month": "2019-07",
            "price": "68.07",
            "revenue": 770879
        },
        "2019-08": {
            "month": "2019-08",
            "price": "62.01",
            "revenue": 786676
        },
        "2019-09": {
            "month": "2019-09",
            "price": "60.05",
            "revenue": 829402
        },
        "2019-10": {
            "month": "2019-10",
            "price": "58.31",
            "revenue": 739245
        },
        "2019-11": {
            "month": "2019-11",
            "price": "58.59",
            "revenue": 786744
        },
        "2019-12": {
            "month": "2019-12",
            "price": "58.42",
            "revenue": 869527
        },
        "2020-01": {
            "month": "2020-01",
            "price": "58.61",
            "revenue": 1241029
        },
        "2020-02": {
            "month": "2020-02",
            "price": "56.43",
            "revenue": 1045788
        },
        "2020-03": {
            "month": "2020-03",
            "price": "48.07",
            "revenue": 865922
        },
        "2020-04": {
            "month": "2020-04",
            "price": "51.50",
            "revenue": 821760
        },
        "2020-05": {
            "month": "2020-05",
            "price": "60.44",
            "revenue": 944186
        },
        "2020-06": {
            "month": "2020-06",
            "price": "66.06",
            "revenue": 791561
        },
        "2020-07": {
            "month": "2020-07",
            "price": "72.41",
            "revenue": 1023217
        },
        "2020-08": {
            "month": "2020-08",
            "price": "68.82",
            "revenue": 849864
        },
        "2020-09": {
            "month": "2020-09",
            "price": "65.84",
            "revenue": 725544
        },
        "2020-10": {
            "month": "2020-10",
            "price": "62.46",
            "revenue": 832287
        },
        "2020-11": {
            "month": "2020-11",
            "price": "63.62",
            "revenue": 641980
        },
        "2020-12": {
            "month": "2020-12",
            "price": "65.70",
            "revenue": 800748
        },
        "2021-01": {
            "month": "2021-01",
            "price": "66.62",
            "revenue": 935465
        },
        "2021-02": {
            "month": "2021-02",
            "price": "63.54",
            "revenue": 1192811
        },
        "2021-03": {
            "month": "2021-03",
            "price": "64.39",
            "revenue": 982373
        },
        "2021-04": {
            "month": "2021-04",
            "price": "65.33",
            "revenue": 751536
        },
        "2021-05": {
            "month": "2021-05",
            "price": "64.13",
            "revenue": 732734
        },
        "2021-06": {
            "month": "2021-06",
            "price": "64.04",
            "revenue": 921407
        },
        "2021-07": {
            "month": "2021-07",
            "price": "64.18",
            "revenue": 1405139
        },
        "2021-08": {
            "month": "2021-08",
            "price": "62.04",
            "revenue": 1150909
        },
        "2021-09": {
            "month": "2021-09",
            "price": "57.48",
            "revenue": 982737
        },
        "2021-10": {
            "month": "2021-10",
            "price": "55.95",
            "revenue": 843435
        },
        "2021-11": {
            "month": "2021-11",
            "price": "59.55",
            "revenue": 833769
        },
        "2021-12": {
            "month": "2021-12",
            "price": "65.68",
            "revenue": 662432
        },
        "2022-01": {
            "month": "2022-01",
            "price": "66.42",
            "revenue": 1116418
        },
        "2022-02": {
            "month": "2022-02",
            "price": "65.96",
            "revenue": 1331618
        },
        "2022-03": {
            "month": "2022-03",
            "price": "65.96",
            "revenue": 957658
        },
        "2022-04": {
            "month": "2022-04",
            "price": "65.47",
            "revenue": 798704
        },
        "2022-05": {
            "month": "2022-05",
            "price": "66.81",
            "revenue": 793824
        },
        "2022-06": {
            "month": "2022-06",
            "price": "66.62",
            "revenue": 831631
        },
        "2022-07": {
            "month": "2022-07",
            "price": "58.39",
            "revenue": 1423320
        },
        "2022-08": {
            "month": "2022-08",
            "price": "60.80",
            "revenue": 1007910
        },
        "2022-09": {
            "month": "2022-09",
            "price": "57.73",
            "revenue": 936000
        },
        "2022-10": {
            "month": "2022-10",
            "price": "54.46",
            "revenue": 760443
        },
        "2022-11": {
            "month": "2022-11",
            "price": "59.62",
            "revenue": 689247
        },
        "2022-12": {
            "month": "2022-12",
            "price": "67.10",
            "revenue": 726420
        },
        "2023-01": {
            "month": "2023-01",
            "price": "73.36",
            "revenue": 1192472
        },
        "2023-02": {
            "month": "2023-02",
            "price": "83.72",
            "revenue": 855147
        },
        "2023-03": {
            "month": "2023-03",
            "price": "77.55",
            "revenue": 987052
        },
        "2023-04": {
            "month": "2023-04",
            "price": "72.88",
            "revenue": 767543
        },
        "2023-05": {
            "month": "2023-05",
            "price": "74.04",
            "revenue": 648059
        }
    }
}
