{
    "summary": {
        "stock_name": "合晶",
        "stock_id": "6182",
        "category": "半導體",
        "main_business": "半導體及其材料之研發、設計、製造、進出口及代理銷售等",
        "website_url": "http://www.waferworks.com",
        "ceo": "張憲元",
        "pe_ratio": 38,
        "report_year_from": 2001,
        "report_year_to": 2023,
        "age": 23,
        "eps_negative_percentage": 30,
        "eps_growth_avg": {
            "last_all": -8.21,
            "last_2y": 40.77,
            "last_4y": 5.51,
            "last_8y": 3.94,
            "last_12y": -17.75,
            "last_16y": -20.57,
            "last_20y": -8.21,
            "at_2006_last_3y": 41.21,
            "at_2007_last_3y": 39.72,
            "at_2008_last_3y": 32.68,
            "at_2009_last_3y": 3.23,
            "at_2010_last_3y": -29.02,
            "at_2011_last_3y": -69.89,
            "at_2012_last_3y": -95.78,
            "at_2013_last_3y": -93.67,
            "at_2014_last_3y": -93.67,
            "at_2015_last_3y": -100,
            "at_2016_last_3y": -100,
            "at_2017_last_3y": -100,
            "at_2018_last_3y": 0,
            "at_2019_last_3y": -12.36,
            "at_2020_last_3y": 1.75,
            "at_2021_last_3y": 25.82,
            "at_2022_last_3y": 25.33,
            "at_2023_last_3y": 16.16,
            "at_2024_last_3y": 16.16,
            "at_2006_last_all": 41.21,
            "at_2007_last_all": 39.72,
            "at_2008_last_all": 27.31,
            "at_2009_last_all": 6.09,
            "at_2010_last_all": 6.09,
            "at_2011_last_all": -7.25,
            "at_2012_last_all": -18.85,
            "at_2013_last_all": -18.85,
            "at_2014_last_all": -18.85,
            "at_2015_last_all": -18.85,
            "at_2016_last_all": -27.86,
            "at_2017_last_all": -27.86,
            "at_2018_last_all": -15.08,
            "at_2019_last_all": -17.08,
            "at_2020_last_all": -20.46,
            "at_2021_last_all": -11.35,
            "at_2022_last_all": -3.53,
            "at_2023_last_all": -8.21,
            "at_2024_last_all": -8.21
        },
        "latest_eps": 1.05,
        "latest_price": 39.6,
        "latest_roe": 6.01,
        "latest_gross_margin": 28.51,
        "latest_equity": 18162593,
        "latest_revenue": 2151064,
        "latest_gross_profit": 613189,
        "latest_net_income": 66788,
        "latest_debt_ratio": 31.28,
        "latest_current_ratio": 186.7,
        "latest_account_receivable_turnover_ratio": 1.23,
        "latest_inventory_turnover_ratio": 0.53,
        "latest_reinvestment_rate": 127.87,
        "latest_research_to_sale_ratio": 9.34
    },
    "eps_dividends": {
        "2001": {
            "cash": 0,
            "stock": 0,
            "eps": -0.9
        },
        "2002": {
            "cash": 0,
            "stock": 0,
            "eps": -0.59
        },
        "2003": {
            "cash": 0,
            "stock": 0,
            "eps": 1.54
        },
        "2004": {
            "cash": 0,
            "stock": 0.03,
            "eps": 1.63
        },
        "2005": {
            "cash": 0.49,
            "stock": 0.49,
            "eps": 1.92
        },
        "2006": {
            "cash": 0.59,
            "stock": 0.59,
            "eps": 4.54
        },
        "2007": {
            "cash": 2.71,
            "stock": 0.3,
            "eps": 6.14
        },
        "2008": {
            "cash": 3.41,
            "stock": 0.3,
            "eps": 4.77
        },
        "2009": {
            "cash": 1.4,
            "stock": 0.9,
            "eps": -1.08
        },
        "2010": {
            "cash": 0,
            "stock": 0,
            "eps": 2.45
        },
        "2011": {
            "cash": 1,
            "stock": 0.3,
            "eps": 0.31
        },
        "2012": {
            "cash": 0.02,
            "stock": 0.18,
            "eps": -2.33
        },
        "2013": {
            "cash": 0,
            "stock": 0,
            "eps": -1.35
        },
        "2014": {
            "cash": 0,
            "stock": 0,
            "eps": -1.98
        },
        "2015": {
            "cash": 0,
            "stock": 0,
            "eps": 0.07
        },
        "2016": {
            "cash": 0,
            "stock": 0,
            "eps": -3.59
        },
        "2017": {
            "cash": 0,
            "stock": 0,
            "eps": 0.67
        },
        "2018": {
            "cash": 0.4,
            "stock": 0,
            "eps": 3.83
        },
        "2019": {
            "cash": 2.5,
            "stock": 0,
            "eps": 2.41
        },
        "2020": {
            "cash": 1.8,
            "stock": 0,
            "eps": 1.02
        },
        "2021": {
            "cash": 1.1,
            "stock": 0,
            "eps": 2.02
        },
        "2022": {
            "cash": 1.35,
            "stock": 0,
            "eps": 4
        },
        "2023": {
            "cash": 2.5,
            "stock": 0,
            "eps": 1.05
        },
        "2024": {
            "cash": 0.65,
            "stock": 0,
            "eps": 0
        }
    },
    "dividends": {
        "2004-03-23": {
            "cash": 0,
            "stock": 0.03
        },
        "2005-06-28": {
            "cash": 0.49,
            "stock": 0.49
        },
        "2006-06-23": {
            "cash": 0.59,
            "stock": 0.59
        },
        "2007-04-02": {
            "cash": 2.71,
            "stock": 0.3
        },
        "2008-03-26": {
            "cash": 3.41,
            "stock": 0.3
        },
        "2009-05-07": {
            "cash": 1.4,
            "stock": 0.9
        },
        "2011-04-29": {
            "cash": 1,
            "stock": 0.3
        },
        "2012-06-19": {
            "cash": 0.02,
            "stock": 0.18
        },
        "2018-09-14": {
            "cash": 0.4,
            "stock": 0
        },
        "2019-07-31": {
            "cash": 2.5,
            "stock": 0
        },
        "2020-07-31": {
            "cash": 1.8,
            "stock": 0
        },
        "2021-08-27": {
            "cash": 1.1,
            "stock": 0
        },
        "2022-08-10": {
            "cash": 1.35,
            "stock": 0
        },
        "2023-08-10": {
            "cash": 2.5,
            "stock": 0
        },
        "2024-03-15": {
            "cash": 0.65,
            "stock": 0
        }
    },
    "prices": {
        "200101": "無",
        "200102": "無",
        "200103": "無",
        "200104": "無",
        "200105": "無",
        "200106": "無",
        "200107": "無",
        "200108": "無",
        "200109": "無",
        "200110": "無",
        "200111": "無",
        "200112": "無",
        "200201": "無",
        "200202": "無",
        "200203": "無",
        "200204": "無",
        "200205": "16.10",
        "200206": "15.60",
        "200207": "12.97",
        "200208": "11.94",
        "200209": "10.70",
        "200210": "9.25",
        "200211": "8.13",
        "200212": "8.10",
        "200301": "10.10",
        "200302": "10.58",
        "200303": "10.94",
        "200304": "11.42",
        "200305": "11.98",
        "200306": "14.14",
        "200307": "13.68",
        "200308": "12.88",
        "200309": "11.96",
        "200310": "12.10",
        "200311": "12.96",
        "200312": "13.28",
        "200401": "14.29",
        "200402": "16.46",
        "200403": "17.35",
        "200404": "17.75",
        "200405": "16.13",
        "200406": "15.36",
        "200407": "14.39",
        "200408": "14.26",
        "200409": "13.76",
        "200410": "13.35",
        "200411": "12.67",
        "200412": "12.65",
        "200501": "12.58",
        "200502": "12.68",
        "200503": "13.70",
        "200504": "18.32",
        "200505": "16.79",
        "200506": "20.30",
        "200507": "29.99",
        "200508": "33.50",
        "200509": "26.38",
        "200510": "23.98",
        "200511": "25.21",
        "200512": "31.54",
        "200601": "33.40",
        "200602": "32.70",
        "200603": "31.52",
        "200604": "44.17",
        "200605": "47.95",
        "200606": "39.71",
        "200607": "44.37",
        "200608": "60.81",
        "200609": "54.91",
        "200610": "55.62",
        "200611": "66.11",
        "200612": "63.85",
        "200701": "74.72",
        "200702": "86.62",
        "200703": "93.03",
        "200704": "105.54",
        "200705": "106.77",
        "200706": "124.50",
        "200707": "204.82",
        "200708": "199.35",
        "200709": "218.42",
        "200710": "209.43",
        "200711": "164.98",
        "200712": "167.88",
        "200801": "149.84",
        "200802": "115.19",
        "200803": "128.55",
        "200804": "138.55",
        "200805": "157.86",
        "200806": "133.07",
        "200807": "116.86",
        "200808": "106.62",
        "200809": "78.48",
        "200810": "65.14",
        "200811": "49.08",
        "200812": "40.54",
        "200901": "42.02",
        "200902": "41.77",
        "200903": "44.65",
        "200904": "52.33",
        "200905": "53.27",
        "200906": "57.37",
        "200907": "63.30",
        "200908": "57.29",
        "200909": "50.19",
        "200910": "53.96",
        "200911": "55.12",
        "200912": "59.23",
        "201001": "55.25",
        "201002": "47.73",
        "201003": "50.43",
        "201004": "52.49",
        "201005": "43.52",
        "201006": "41.49",
        "201007": "45.90",
        "201008": "50.63",
        "201009": "49.65",
        "201010": "44.85",
        "201011": "42.51",
        "201012": "42.61",
        "201101": "44.83",
        "201102": "48.51",
        "201103": "53.24",
        "201104": "49.32",
        "201105": "42.88",
        "201106": "41.57",
        "201107": "40.99",
        "201108": "30.64",
        "201109": "27.53",
        "201110": "25.84",
        "201111": "18.98",
        "201112": "17.32",
        "201201": "19.60",
        "201202": "25.62",
        "201203": "26.27",
        "201204": "22.61",
        "201205": "21.85",
        "201206": "20.09",
        "201207": "18.59",
        "201208": "15.79",
        "201209": "17.60",
        "201210": "14.50",
        "201211": "12.72",
        "201212": "14.15",
        "201301": "16.24",
        "201302": "16.51",
        "201303": "17.23",
        "201304": "16.30",
        "201305": "16.64",
        "201306": "14.85",
        "201307": "14.13",
        "201308": "12.50",
        "201309": "13.94",
        "201310": "15.90",
        "201311": "15.29",
        "201312": "15.82",
        "201401": "17.66",
        "201402": "16.65",
        "201403": "17.38",
        "201404": "16.28",
        "201405": "15.13",
        "201406": "15.27",
        "201407": "14.90",
        "201408": "13.51",
        "201409": "13.82",
        "201410": "12.48",
        "201411": "12.15",
        "201412": "13.40",
        "201501": "14.10",
        "201502": "14.72",
        "201503": "15.12",
        "201504": "13.53",
        "201505": "12.21",
        "201506": "10.91",
        "201507": "11.08",
        "201508": "9.67",
        "201509": "10.03",
        "201510": "11.02",
        "201511": "10.78",
        "201512": "13.11",
        "201601": "11.72",
        "201602": "11.99",
        "201603": "11.71",
        "201604": "10.22",
        "201605": "9.31",
        "201606": "9.72",
        "201607": "9.93",
        "201608": "9.46",
        "201609": "8.90",
        "201610": "8.90",
        "201611": "9.14",
        "201612": "11.17",
        "201701": "14.09",
        "201702": "16.19",
        "201703": "17.14",
        "201704": "19.98",
        "201705": "18.19",
        "201706": "18.85",
        "201707": "19.45",
        "201708": "20.74",
        "201709": "27.38",
        "201710": "33.02",
        "201711": "42.11",
        "201712": "40.54",
        "201801": "47.78",
        "201802": "44.91",
        "201803": "45.68",
        "201804": "45.84",
        "201805": "58.10",
        "201806": "64.21",
        "201807": "61.16",
        "201808": "52.10",
        "201809": "41.79",
        "201810": "33.46",
        "201811": "37.39",
        "201812": "38.17",
        "201901": "32.83",
        "201902": "38.40",
        "201903": "37.14",
        "201904": "38.88",
        "201905": "35.05",
        "201906": "34.56",
        "201907": "36.51",
        "201908": "32.85",
        "201909": "32.98",
        "201910": "34.65",
        "201911": "33.93",
        "201912": "35.67",
        "202001": "34.88",
        "202002": "33.66",
        "202003": "28.69",
        "202004": "29.00",
        "202005": "33.14",
        "202006": "33.70",
        "202007": "35.45",
        "202008": "35.32",
        "202009": "34.96",
        "202010": "33.83",
        "202011": "33.88",
        "202012": "42.59",
        "202101": "41.62",
        "202102": "41.80",
        "202103": "41.65",
        "202104": "50.47",
        "202105": "48.50",
        "202106": "56.61",
        "202107": "66.20",
        "202108": "65.31",
        "202109": "68.19",
        "202110": "59.64",
        "202111": "70.40",
        "202112": "83.94",
        "202201": "78.98",
        "202202": "75.99",
        "202203": "73.00",
        "202204": "60.33",
        "202205": "58.57",
        "202206": "55.40",
        "202207": "46.40",
        "202208": "49.49",
        "202209": "45.72",
        "202210": "39.16",
        "202211": "44.35",
        "202212": "43.67",
        "202301": "42.84",
        "202302": "45.67",
        "202303": "46.90",
        "202304": "45.66",
        "202305": "43.58",
        "202306": "45.67",
        "202307": "46.04",
        "202308": "41.41",
        "202309": "44.86",
        "202310": "45.66",
        "202311": "43.81",
        "202312": "44.93"
    },
    "quarters": {
        "20011": {
            "year_quarter": 20011,
            "year": 2001,
            "quarter": 1,
            "eps": -0.05,
            "eps_growth_year": null,
            "eps_4q": null,
            "eps_4q_growth_year": null,
            "roe": -0.49,
            "roe_4q": -0.49,
            "gross_profit": 16457,
            "gross_margin": 8.42,
            "gross_margin_4q_avg": 8.42,
            "net_income": -8006,
            "net_income_4q": null,
            "revenue": 195467,
            "revenue_4q": null,
            "common_shares": 1500000,
            "book_valuer_per_share": 10.84,
            "book_valuer_per_share_4q_avg": 10.84,
            "equity": 1625552,
            "current_ratio": 72.62,
            "debt_ratio": 33.87,
            "inventory_turnover_ratio": 0.74,
            "account_receivable_turnover_ratio": null,
            "reinvestment_rate": null,
            "research_to_sale_ratio": null,
            "price_fair": 0,
            "eps_avg_yearly": 0,
            "eps_latest_yearly": 0,
            "eps_growth_yearly": 0
        },
        "20012": {
            "year_quarter": 20012,
            "year": 2001,
            "quarter": 2,
            "eps": -0.31,
            "eps_growth_year": null,
            "eps_4q": null,
            "eps_4q_growth_year": null,
            "roe": -2.88,
            "roe_4q": -3.37,
            "gross_profit": 4489,
            "gross_margin": 3.44,
            "gross_margin_4q_avg": 5.93,
            "net_income": -46469,
            "net_income_4q": null,
            "revenue": 130536,
            "revenue_4q": null,
            "common_shares": 1500000,
            "book_valuer_per_share": 10.66,
            "book_valuer_per_share_4q_avg": 10.75,
            "equity": 1599349,
            "current_ratio": 69.39,
            "debt_ratio": 34.34,
            "inventory_turnover_ratio": 0.66,
            "account_receivable_turnover_ratio": null,
            "reinvestment_rate": null,
            "research_to_sale_ratio": null,
            "price_fair": 0,
            "eps_avg_yearly": 0,
            "eps_latest_yearly": 0,
            "eps_growth_yearly": 0
        },
        "20013": {
            "year_quarter": 20013,
            "year": 2001,
            "quarter": 3,
            "eps": -0.31,
            "eps_growth_year": null,
            "eps_4q": null,
            "eps_4q_growth_year": null,
            "roe": -2.92,
            "roe_4q": -6.29,
            "gross_profit": -5472,
            "gross_margin": -3.42,
            "gross_margin_4q_avg": 2.81,
            "net_income": -46099,
            "net_income_4q": null,
            "revenue": 160104,
            "revenue_4q": null,
            "common_shares": 1500000,
            "book_valuer_per_share": 10.36,
            "book_valuer_per_share_4q_avg": 10.62,
            "equity": 1554385,
            "current_ratio": 72.74,
            "debt_ratio": 34.54,
            "inventory_turnover_ratio": 0.95,
            "account_receivable_turnover_ratio": null,
            "reinvestment_rate": null,
            "research_to_sale_ratio": null,
            "price_fair": 0,
            "eps_avg_yearly": 0,
            "eps_latest_yearly": 0,
            "eps_growth_yearly": 0
        },
        "20014": {
            "year_quarter": 20014,
            "year": 2001,
            "quarter": 4,
            "eps": -0.23,
            "eps_growth_year": null,
            "eps_4q": -0.9,
            "eps_4q_growth_year": null,
            "roe": -2.2,
            "roe_4q": -8.49,
            "gross_profit": 8398,
            "gross_margin": 4.15,
            "gross_margin_4q_avg": 3.15,
            "net_income": -33945,
            "net_income_4q": null,
            "revenue": 202415,
            "revenue_4q": null,
            "common_shares": 1500000,
            "book_valuer_per_share": 10.17,
            "book_valuer_per_share_4q_avg": 10.51,
            "equity": 1525776,
            "current_ratio": 98.17,
            "debt_ratio": 38.35,
            "inventory_turnover_ratio": 0.94,
            "account_receivable_turnover_ratio": null,
            "reinvestment_rate": null,
            "research_to_sale_ratio": null,
            "price_fair": 0,
            "eps_avg_yearly": 0,
            "eps_latest_yearly": 0,
            "eps_growth_yearly": 0
        },
        "20021": {
            "year_quarter": 20021,
            "year": 2002,
            "quarter": 1,
            "eps": -0.19,
            "eps_growth_year": null,
            "eps_4q": -1.04,
            "eps_4q_growth_year": null,
            "roe": -1.87,
            "roe_4q": -9.870000000000001,
            "gross_profit": 15465,
            "gross_margin": 7.11,
            "gross_margin_4q_avg": 2.82,
            "net_income": -28176,
            "net_income_4q": null,
            "revenue": 217634,
            "revenue_4q": null,
            "common_shares": 1500000,
            "book_valuer_per_share": 9.94,
            "book_valuer_per_share_4q_avg": 10.28,
            "equity": 1491560,
            "current_ratio": 75.53,
            "debt_ratio": 36.83,
            "inventory_turnover_ratio": 1.05,
            "account_receivable_turnover_ratio": null,
            "reinvestment_rate": null,
            "research_to_sale_ratio": null,
            "price_fair": 0,
            "eps_avg_yearly": 0,
            "eps_latest_yearly": 0,
            "eps_growth_yearly": 0
        },
        "20022": {
            "year_quarter": 20022,
            "year": 2002,
            "quarter": 2,
            "eps": -0.06,
            "eps_growth_year": null,
            "eps_4q": -0.78,
            "eps_4q_growth_year": null,
            "roe": -0.58,
            "roe_4q": -7.57,
            "gross_profit": 31248,
            "gross_margin": 10.1,
            "gross_margin_4q_avg": 4.49,
            "net_income": -8644,
            "net_income_4q": null,
            "revenue": 309483,
            "revenue_4q": null,
            "common_shares": 1500000,
            "book_valuer_per_share": 9.77,
            "book_valuer_per_share_4q_avg": 10.06,
            "equity": 1465276,
            "current_ratio": 77.01,
            "debt_ratio": 40.51,
            "inventory_turnover_ratio": 1.89,
            "account_receivable_turnover_ratio": null,
            "reinvestment_rate": null,
            "research_to_sale_ratio": null,
            "price_fair": 0,
            "eps_avg_yearly": 0,
            "eps_latest_yearly": 0,
            "eps_growth_yearly": 0
        },
        "20023": {
            "year_quarter": 20023,
            "year": 2002,
            "quarter": 3,
            "eps": -0.16,
            "eps_growth_year": null,
            "eps_4q": -0.64,
            "eps_4q_growth_year": null,
            "roe": -1.68,
            "roe_4q": -6.33,
            "gross_profit": 34386,
            "gross_margin": 11.46,
            "gross_margin_4q_avg": 8.21,
            "net_income": -24584,
            "net_income_4q": null,
            "revenue": 300020,
            "revenue_4q": null,
            "common_shares": 1500000,
            "book_valuer_per_share": 9.72,
            "book_valuer_per_share_4q_avg": 9.9,
            "equity": 1457472,
            "current_ratio": 73.82,
            "debt_ratio": 41.23,
            "inventory_turnover_ratio": 1.51,
            "account_receivable_turnover_ratio": null,
            "reinvestment_rate": null,
            "research_to_sale_ratio": null,
            "price_fair": 0,
            "eps_avg_yearly": 0,
            "eps_latest_yearly": 0,
            "eps_growth_yearly": 0
        },
        "20024": {
            "year_quarter": 20024,
            "year": 2002,
            "quarter": 4,
            "eps": -0.18,
            "eps_growth_year": null,
            "eps_4q": -0.59,
            "eps_4q_growth_year": null,
            "roe": -1.82,
            "roe_4q": -5.95,
            "gross_profit": 31418,
            "gross_margin": 14.36,
            "gross_margin_4q_avg": 10.76,
            "net_income": -26269,
            "net_income_4q": null,
            "revenue": 218844,
            "revenue_4q": null,
            "common_shares": 1500000,
            "book_valuer_per_share": 9.53,
            "book_valuer_per_share_4q_avg": 9.74,
            "equity": 1429425,
            "current_ratio": 88.05,
            "debt_ratio": 42.5,
            "inventory_turnover_ratio": 0.86,
            "account_receivable_turnover_ratio": null,
            "reinvestment_rate": null,
            "research_to_sale_ratio": null,
            "price_fair": 0,
            "eps_avg_yearly": 0,
            "eps_latest_yearly": 0,
            "eps_growth_yearly": 0
        },
        "20031": {
            "year_quarter": 20031,
            "year": 2003,
            "quarter": 1,
            "eps": 0.23,
            "eps_growth_year": null,
            "eps_4q": -0.16,
            "eps_4q_growth_year": null,
            "roe": 2.41,
            "roe_4q": -1.67,
            "gross_profit": 67879,
            "gross_margin": 23.4,
            "gross_margin_4q_avg": 14.83,
            "net_income": 34856,
            "net_income_4q": null,
            "revenue": 290105,
            "revenue_4q": null,
            "common_shares": 1500000,
            "book_valuer_per_share": 9.76,
            "book_valuer_per_share_4q_avg": 9.7,
            "equity": 1464330,
            "current_ratio": 74.1,
            "debt_ratio": 40.46,
            "inventory_turnover_ratio": 1.02,
            "account_receivable_turnover_ratio": null,
            "reinvestment_rate": null,
            "research_to_sale_ratio": null,
            "price_fair": 0,
            "eps_avg_yearly": 0,
            "eps_latest_yearly": 0,
            "eps_growth_yearly": 0
        },
        "20032": {
            "year_quarter": 20032,
            "year": 2003,
            "quarter": 2,
            "eps": 0.32,
            "eps_growth_year": null,
            "eps_4q": 0.21,
            "eps_4q_growth_year": null,
            "roe": 3.21,
            "roe_4q": 2.12,
            "gross_profit": 78677,
            "gross_margin": 22.32,
            "gross_margin_4q_avg": 17.89,
            "net_income": 47774,
            "net_income_4q": null,
            "revenue": 352469,
            "revenue_4q": null,
            "common_shares": 1500000,
            "book_valuer_per_share": 10.07,
            "book_valuer_per_share_4q_avg": 9.77,
            "equity": 1510468,
            "current_ratio": 102.08,
            "debt_ratio": 43.59,
            "inventory_turnover_ratio": 1.37,
            "account_receivable_turnover_ratio": null,
            "reinvestment_rate": null,
            "research_to_sale_ratio": null,
            "price_fair": 44.8,
            "eps_avg_yearly": 1.28,
            "eps_latest_yearly": 1.28,
            "eps_growth_yearly": 156.52
        },
        "20033": {
            "year_quarter": 20033,
            "year": 2003,
            "quarter": 3,
            "eps": 0.25,
            "eps_growth_year": null,
            "eps_4q": 0.62,
            "eps_4q_growth_year": null,
            "roe": 2.49,
            "roe_4q": 6.289999999999999,
            "gross_profit": 68287,
            "gross_margin": 21.08,
            "gross_margin_4q_avg": 20.29,
            "net_income": 37968,
            "net_income_4q": null,
            "revenue": 324004,
            "revenue_4q": null,
            "common_shares": 1500000,
            "book_valuer_per_share": 10.27,
            "book_valuer_per_share_4q_avg": 9.91,
            "equity": 1539930,
            "current_ratio": 110.01,
            "debt_ratio": 39.87,
            "inventory_turnover_ratio": 1.16,
            "account_receivable_turnover_ratio": null,
            "reinvestment_rate": null,
            "research_to_sale_ratio": null,
            "price_fair": 39.9,
            "eps_avg_yearly": 1.14,
            "eps_latest_yearly": 1,
            "eps_growth_yearly": 34.51
        },
        "20034": {
            "year_quarter": 20034,
            "year": 2003,
            "quarter": 4,
            "eps": 0.74,
            "eps_growth_year": null,
            "eps_4q": 1.55,
            "eps_4q_growth_year": null,
            "roe": 6.73,
            "roe_4q": 14.84,
            "gross_profit": 80352,
            "gross_margin": 22.5,
            "gross_margin_4q_avg": 22.33,
            "net_income": 110029,
            "net_income_4q": null,
            "revenue": 357150,
            "revenue_4q": null,
            "common_shares": 1500000,
            "book_valuer_per_share": 11.03,
            "book_valuer_per_share_4q_avg": 10.28,
            "equity": 1730314,
            "current_ratio": 116.4,
            "debt_ratio": 42.84,
            "inventory_turnover_ratio": 0.91,
            "account_receivable_turnover_ratio": null,
            "reinvestment_rate": null,
            "research_to_sale_ratio": null,
            "price_fair": 61.13,
            "eps_avg_yearly": 1.75,
            "eps_latest_yearly": 2.96,
            "eps_growth_yearly": 284.34
        },
        "20041": {
            "year_quarter": 20041,
            "year": 2004,
            "quarter": 1,
            "eps": 0.3,
            "eps_growth_year": 30.43,
            "eps_4q": 1.61,
            "eps_4q_growth_year": null,
            "roe": 2.63,
            "roe_4q": 15.059999999999999,
            "gross_profit": 90528,
            "gross_margin": 24.91,
            "gross_margin_4q_avg": 22.7,
            "net_income": 44885,
            "net_income_4q": null,
            "revenue": 363460,
            "revenue_4q": null,
            "common_shares": 1500000,
            "book_valuer_per_share": 11.24,
            "book_valuer_per_share_4q_avg": 10.65,
            "equity": 1686621,
            "current_ratio": 115.06,
            "debt_ratio": 36.87,
            "inventory_turnover_ratio": 0.86,
            "account_receivable_turnover_ratio": null,
            "reinvestment_rate": null,
            "research_to_sale_ratio": null,
            "price_fair": 56.35,
            "eps_avg_yearly": 1.61,
            "eps_latest_yearly": 1.2,
            "eps_growth_yearly": 153.8
        },
        "20042": {
            "year_quarter": 20042,
            "year": 2004,
            "quarter": 2,
            "eps": 0.48,
            "eps_growth_year": 50,
            "eps_4q": 1.77,
            "eps_4q_growth_year": 732.21,
            "roe": 4.15,
            "roe_4q": 16,
            "gross_profit": 95548,
            "gross_margin": 25.61,
            "gross_margin_4q_avg": 23.53,
            "net_income": 71695,
            "net_income_4q": null,
            "revenue": 373144,
            "revenue_4q": null,
            "common_shares": 1500000,
            "book_valuer_per_share": 11.8,
            "book_valuer_per_share_4q_avg": 11.09,
            "equity": 1769731,
            "current_ratio": 125.41,
            "debt_ratio": 37.53,
            "inventory_turnover_ratio": 0.99,
            "account_receivable_turnover_ratio": null,
            "reinvestment_rate": null,
            "research_to_sale_ratio": null,
            "price_fair": 58.52,
            "eps_avg_yearly": 1.67,
            "eps_latest_yearly": 1.92,
            "eps_growth_yearly": 171.04
        },
        "20043": {
            "year_quarter": 20043,
            "year": 2004,
            "quarter": 3,
            "eps": 0.39,
            "eps_growth_year": 56,
            "eps_4q": 1.87,
            "eps_4q_growth_year": 201.62,
            "roe": 3.33,
            "roe_4q": 16.84,
            "gross_profit": 87133,
            "gross_margin": 23.21,
            "gross_margin_4q_avg": 24.06,
            "net_income": 59577,
            "net_income_4q": null,
            "revenue": 375353,
            "revenue_4q": null,
            "common_shares": 1545000,
            "book_valuer_per_share": 11.7,
            "book_valuer_per_share_4q_avg": 11.44,
            "equity": 1808227,
            "current_ratio": 174.01,
            "debt_ratio": 39.15,
            "inventory_turnover_ratio": 0.89,
            "account_receivable_turnover_ratio": null,
            "reinvestment_rate": null,
            "research_to_sale_ratio": null,
            "price_fair": 57.87,
            "eps_avg_yearly": 1.65,
            "eps_latest_yearly": 1.56,
            "eps_growth_yearly": 130.03
        },
        "20044": {
            "year_quarter": 20044,
            "year": 2004,
            "quarter": 4,
            "eps": 0.46,
            "eps_growth_year": -37.84,
            "eps_4q": 1.62,
            "eps_4q_growth_year": 4.27,
            "roe": 3.75,
            "roe_4q": 13.86,
            "gross_profit": 90809,
            "gross_margin": 21.44,
            "gross_margin_4q_avg": 23.79,
            "net_income": 70022,
            "net_income_4q": null,
            "revenue": 423505,
            "revenue_4q": null,
            "common_shares": 1545000,
            "book_valuer_per_share": 11.63,
            "book_valuer_per_share_4q_avg": 11.59,
            "equity": 1923376,
            "current_ratio": 155.52,
            "debt_ratio": 47.91,
            "inventory_turnover_ratio": 0.67,
            "account_receivable_turnover_ratio": null,
            "reinvestment_rate": 7.43,
            "research_to_sale_ratio": null,
            "price_fair": 58.8,
            "eps_avg_yearly": 1.68,
            "eps_latest_yearly": 1.84,
            "eps_growth_yearly": 121.71
        },
        "20051": {
            "year_quarter": 20051,
            "year": 2005,
            "quarter": 1,
            "eps": 0.17,
            "eps_growth_year": -43.33,
            "eps_4q": 1.51,
            "eps_4q_growth_year": -6,
            "roe": 1.36,
            "roe_4q": 12.590000000000002,
            "gross_profit": 47138,
            "gross_margin": 12.35,
            "gross_margin_4q_avg": 20.65,
            "net_income": 25500,
            "net_income_4q": null,
            "revenue": 381749,
            "revenue_4q": null,
            "common_shares": 1545000,
            "book_valuer_per_share": 11.74,
            "book_valuer_per_share_4q_avg": 11.72,
            "equity": 1814543,
            "current_ratio": 228.71,
            "debt_ratio": 44.83,
            "inventory_turnover_ratio": 0.62,
            "account_receivable_turnover_ratio": null,
            "reinvestment_rate": -45.84,
            "research_to_sale_ratio": null,
            "price_fair": 54.43,
            "eps_avg_yearly": 1.56,
            "eps_latest_yearly": 0.68,
            "eps_growth_yearly": 74.98
        },
        "20052": {
            "year_quarter": 20052,
            "year": 2005,
            "quarter": 2,
            "eps": 0.5,
            "eps_growth_year": 4.17,
            "eps_4q": 1.54,
            "eps_4q_growth_year": -13.02,
            "roe": 4.1,
            "roe_4q": 12.540000000000001,
            "gross_profit": 81724,
            "gross_margin": 17.75,
            "gross_margin_4q_avg": 18.69,
            "net_income": 74509,
            "net_income_4q": null,
            "revenue": 460380,
            "revenue_4q": null,
            "common_shares": 1554742,
            "book_valuer_per_share": 11.71,
            "book_valuer_per_share_4q_avg": 11.7,
            "equity": 1820538,
            "current_ratio": 196.54,
            "debt_ratio": 45.27,
            "inventory_turnover_ratio": 0.79,
            "account_receivable_turnover_ratio": null,
            "reinvestment_rate": -25.46,
            "research_to_sale_ratio": null,
            "price_fair": 56.16,
            "eps_avg_yearly": 1.6,
            "eps_latest_yearly": 2,
            "eps_growth_yearly": 152.92
        },
        "20053": {
            "year_quarter": 20053,
            "year": 2005,
            "quarter": 3,
            "eps": 0.47,
            "eps_growth_year": 20.51,
            "eps_4q": 1.54,
            "eps_4q_growth_year": -18.05,
            "roe": 3.8,
            "roe_4q": 13.01,
            "gross_profit": 89010,
            "gross_margin": 16.44,
            "gross_margin_4q_avg": 17,
            "net_income": 75020,
            "net_income_4q": null,
            "revenue": 541341,
            "revenue_4q": null,
            "common_shares": 1715437,
            "book_valuer_per_share": 12.38,
            "book_valuer_per_share_4q_avg": 11.87,
            "equity": 2124434,
            "current_ratio": 283.53,
            "debt_ratio": 37.77,
            "inventory_turnover_ratio": 0.9,
            "account_receivable_turnover_ratio": null,
            "reinvestment_rate": -19.51,
            "research_to_sale_ratio": null,
            "price_fair": 57.12,
            "eps_avg_yearly": 1.63,
            "eps_latest_yearly": 1.88,
            "eps_growth_yearly": 135.23
        },
        "20054": {
            "year_quarter": 20054,
            "year": 2005,
            "quarter": 4,
            "eps": 0.78,
            "eps_growth_year": 69.57,
            "eps_4q": 1.85,
            "eps_4q_growth_year": 14.48,
            "roe": 5.2,
            "roe_4q": 14.459999999999999,
            "gross_profit": 114142,
            "gross_margin": 16.22,
            "gross_margin_4q_avg": 15.69,
            "net_income": 127426,
            "net_income_4q": null,
            "revenue": 703715,
            "revenue_4q": null,
            "common_shares": 1726904,
            "book_valuer_per_share": 13.12,
            "book_valuer_per_share_4q_avg": 12.24,
            "equity": 2776599,
            "current_ratio": 338.98,
            "debt_ratio": 40.44,
            "inventory_turnover_ratio": 0.9,
            "account_receivable_turnover_ratio": null,
            "reinvestment_rate": 17.35,
            "research_to_sale_ratio": null,
            "price_fair": 61.85,
            "eps_avg_yearly": 1.77,
            "eps_latest_yearly": 3.12,
            "eps_growth_yearly": 146.92
        },
        "20061": {
            "year_quarter": 20061,
            "year": 2006,
            "quarter": 1,
            "eps": 0.76,
            "eps_growth_year": 347.06,
            "eps_4q": 2.38,
            "eps_4q_growth_year": 57.31,
            "roe": 5.03,
            "roe_4q": 18.130000000000003,
            "gross_profit": 112972,
            "gross_margin": 15.49,
            "gross_margin_4q_avg": 16.48,
            "net_income": 130051,
            "net_income_4q": null,
            "revenue": 729196,
            "revenue_4q": null,
            "common_shares": 1732227,
            "book_valuer_per_share": 13.83,
            "book_valuer_per_share_4q_avg": 12.76,
            "equity": 2396370,
            "current_ratio": 303.78,
            "debt_ratio": 38.18,
            "inventory_turnover_ratio": 0.99,
            "account_receivable_turnover_ratio": null,
            "reinvestment_rate": -2.64,
            "research_to_sale_ratio": null,
            "price_fair": 65.57,
            "eps_avg_yearly": 1.87,
            "eps_latest_yearly": 3.04,
            "eps_growth_yearly": 133.82
        },
        "20062": {
            "year_quarter": 20062,
            "year": 2006,
            "quarter": 2,
            "eps": 0.91,
            "eps_growth_year": 82,
            "eps_4q": 2.84,
            "eps_4q_growth_year": 84.26,
            "roe": 6.27,
            "roe_4q": 20.3,
            "gross_profit": 177045,
            "gross_margin": 19.92,
            "gross_margin_4q_avg": 17.02,
            "net_income": 156842,
            "net_income_4q": null,
            "revenue": 888887,
            "revenue_4q": null,
            "common_shares": 1785803,
            "book_valuer_per_share": 14.62,
            "book_valuer_per_share_4q_avg": 13.49,
            "equity": 2610430,
            "current_ratio": 224.13,
            "debt_ratio": 37.55,
            "inventory_turnover_ratio": 1.73,
            "account_receivable_turnover_ratio": null,
            "reinvestment_rate": -1.38,
            "research_to_sale_ratio": null,
            "price_fair": 70.32,
            "eps_avg_yearly": 2.01,
            "eps_latest_yearly": 3.64,
            "eps_growth_yearly": 129.6
        },
        "20063": {
            "year_quarter": 20063,
            "year": 2006,
            "quarter": 3,
            "eps": 1.4,
            "eps_growth_year": 197.87,
            "eps_4q": 3.62,
            "eps_4q_growth_year": 135.8,
            "roe": 9.27,
            "roe_4q": 25.77,
            "gross_profit": 276486,
            "gross_margin": 28.77,
            "gross_margin_4q_avg": 20.1,
            "net_income": 261267,
            "net_income_4q": null,
            "revenue": 960956,
            "revenue_4q": null,
            "common_shares": 1941873,
            "book_valuer_per_share": 15.58,
            "book_valuer_per_share_4q_avg": 14.29,
            "equity": 3024480,
            "current_ratio": 197.49,
            "debt_ratio": 31.61,
            "inventory_turnover_ratio": 1.68,
            "account_receivable_turnover_ratio": null,
            "reinvestment_rate": 1.28,
            "research_to_sale_ratio": null,
            "price_fair": 79.3,
            "eps_avg_yearly": 2.27,
            "eps_latest_yearly": 5.6,
            "eps_growth_yearly": 135.73
        },
        "20064": {
            "year_quarter": 20064,
            "year": 2006,
            "quarter": 4,
            "eps": 1.47,
            "eps_growth_year": 88.46,
            "eps_4q": 4.35,
            "eps_4q_growth_year": 134.99,
            "roe": 7.22,
            "roe_4q": 27.79,
            "gross_profit": 379075,
            "gross_margin": 35.22,
            "gross_margin_4q_avg": 24.85,
            "net_income": 279737,
            "net_income_4q": null,
            "revenue": 1076293,
            "revenue_4q": null,
            "common_shares": 2098539,
            "book_valuer_per_share": 18.97,
            "book_valuer_per_share_4q_avg": 15.75,
            "equity": 4720488,
            "current_ratio": 275.28,
            "debt_ratio": 33.52,
            "inventory_turnover_ratio": 1.01,
            "account_receivable_turnover_ratio": null,
            "reinvestment_rate": 56.35,
            "research_to_sale_ratio": null,
            "price_fair": 87.73,
            "eps_avg_yearly": 2.51,
            "eps_latest_yearly": 5.88,
            "eps_growth_yearly": 128.01
        },
        "20071": {
            "year_quarter": 20071,
            "year": 2007,
            "quarter": 1,
            "eps": 1.39,
            "eps_growth_year": 82.89,
            "eps_4q": 4.74,
            "eps_4q_growth_year": 99.19,
            "roe": 6.41,
            "roe_4q": 29.169999999999998,
            "gross_profit": 303605,
            "gross_margin": 24.79,
            "gross_margin_4q_avg": 27.18,
            "net_income": 289751,
            "net_income_4q": null,
            "revenue": 1224666,
            "revenue_4q": null,
            "common_shares": 2106010,
            "book_valuer_per_share": 20.54,
            "book_valuer_per_share_4q_avg": 17.43,
            "equity": 4326353,
            "current_ratio": 394.11,
            "debt_ratio": 23.36,
            "inventory_turnover_ratio": 1.29,
            "account_receivable_turnover_ratio": null,
            "reinvestment_rate": 4.91,
            "research_to_sale_ratio": null,
            "price_fair": 94.41,
            "eps_avg_yearly": 2.7,
            "eps_latest_yearly": 5.56,
            "eps_growth_yearly": 118.65
        },
        "20072": {
            "year_quarter": 20072,
            "year": 2007,
            "quarter": 2,
            "eps": 1.81,
            "eps_growth_year": 98.9,
            "eps_4q": 5.77,
            "eps_4q_growth_year": 103.36,
            "roe": 9.01,
            "roe_4q": 31.91,
            "gross_profit": 369314,
            "gross_margin": 28.31,
            "gross_margin_4q_avg": 29.27,
            "net_income": 379365,
            "net_income_4q": null,
            "revenue": 1304754,
            "revenue_4q": null,
            "common_shares": 2116706,
            "book_valuer_per_share": 19.35,
            "book_valuer_per_share_4q_avg": 18.61,
            "equity": 4095433,
            "current_ratio": 204.98,
            "debt_ratio": 33.1,
            "inventory_turnover_ratio": 1.92,
            "account_receivable_turnover_ratio": null,
            "reinvestment_rate": 7.56,
            "research_to_sale_ratio": null,
            "price_fair": 107.45,
            "eps_avg_yearly": 3.07,
            "eps_latest_yearly": 7.24,
            "eps_growth_yearly": 116.42
        },
        "20073": {
            "year_quarter": 20073,
            "year": 2007,
            "quarter": 3,
            "eps": 1.75,
            "eps_growth_year": 25,
            "eps_4q": 6.12,
            "eps_4q_growth_year": 68.99,
            "roe": 8.73,
            "roe_4q": 31.37,
            "gross_profit": 367793,
            "gross_margin": 27.57,
            "gross_margin_4q_avg": 28.97,
            "net_income": 380188,
            "net_income_4q": null,
            "revenue": 1333932,
            "revenue_4q": null,
            "common_shares": 2213309,
            "book_valuer_per_share": 20.84,
            "book_valuer_per_share_4q_avg": 19.93,
            "equity": 4612416,
            "current_ratio": 272.09,
            "debt_ratio": 18.22,
            "inventory_turnover_ratio": 1.67,
            "account_receivable_turnover_ratio": null,
            "reinvestment_rate": 6.12,
            "research_to_sale_ratio": null,
            "price_fair": 120.58,
            "eps_avg_yearly": 3.45,
            "eps_latest_yearly": 7,
            "eps_growth_yearly": 121.06
        },
        "20074": {
            "year_quarter": 20074,
            "year": 2007,
            "quarter": 4,
            "eps": 1.19,
            "eps_growth_year": -19.05,
            "eps_4q": 5.98,
            "eps_4q_growth_year": 37.39,
            "roe": 4.32,
            "roe_4q": 28.470000000000002,
            "gross_profit": 430440,
            "gross_margin": 30.96,
            "gross_margin_4q_avg": 27.91,
            "net_income": 260829,
            "net_income_4q": null,
            "revenue": 1390393,
            "revenue_4q": null,
            "common_shares": 2213308,
            "book_valuer_per_share": 22.42,
            "book_valuer_per_share_4q_avg": 20.79,
            "equity": 7469986,
            "current_ratio": 194.88,
            "debt_ratio": 39.13,
            "inventory_turnover_ratio": 0.82,
            "account_receivable_turnover_ratio": null,
            "reinvestment_rate": 88.11,
            "research_to_sale_ratio": null,
            "price_fair": 124.51,
            "eps_avg_yearly": 3.56,
            "eps_latest_yearly": 4.76,
            "eps_growth_yearly": 64.06
        },
        "20081": {
            "year_quarter": 20081,
            "year": 2008,
            "quarter": 1,
            "eps": 3.08,
            "eps_growth_year": 121.58,
            "eps_4q": 5.33,
            "eps_4q_growth_year": 12.4,
            "roe": 10.13,
            "roe_4q": 32.19,
            "gross_profit": 975934,
            "gross_margin": 37.6,
            "gross_margin_4q_avg": 31.11,
            "net_income": 992421,
            "net_income_4q": null,
            "revenue": 2595904,
            "revenue_4q": null,
            "common_shares": 2266741,
            "book_valuer_per_share": 30.29,
            "book_valuer_per_share_4q_avg": 23.23,
            "equity": 12128689,
            "current_ratio": 278.77,
            "debt_ratio": 30.18,
            "inventory_turnover_ratio": 0.95,
            "account_receivable_turnover_ratio": null,
            "reinvestment_rate": 85.33,
            "research_to_sale_ratio": null,
            "price_fair": 148.84,
            "eps_avg_yearly": 4.25,
            "eps_latest_yearly": 12.32,
            "eps_growth_yearly": 118.63
        },
        "20082": {
            "year_quarter": 20082,
            "year": 2008,
            "quarter": 2,
            "eps": 0.96,
            "eps_growth_year": -46.96,
            "eps_4q": 3.05,
            "eps_4q_growth_year": -47.22,
            "roe": 4.16,
            "roe_4q": 27.34,
            "gross_profit": 943848,
            "gross_margin": 32.2,
            "gross_margin_4q_avg": 32.08,
            "net_income": 489592,
            "net_income_4q": null,
            "revenue": 2930755,
            "revenue_4q": null,
            "common_shares": 2266988,
            "book_valuer_per_share": 27.45,
            "book_valuer_per_share_4q_avg": 25.25,
            "equity": 11392800,
            "current_ratio": 211.82,
            "debt_ratio": 34.55,
            "inventory_turnover_ratio": 1.07,
            "account_receivable_turnover_ratio": null,
            "reinvestment_rate": 89.79,
            "research_to_sale_ratio": null,
            "price_fair": 153.04,
            "eps_avg_yearly": 4.37,
            "eps_latest_yearly": 3.84,
            "eps_growth_yearly": 86.43
        },
        "20083": {
            "year_quarter": 20083,
            "year": 2008,
            "quarter": 3,
            "eps": 1.57,
            "eps_growth_year": -10.29,
            "eps_4q": 2.97,
            "eps_4q_growth_year": -51.49,
            "roe": 6.8,
            "roe_4q": 25.410000000000004,
            "gross_profit": 1252737,
            "gross_margin": 35.1,
            "gross_margin_4q_avg": 33.97,
            "net_income": 815112,
            "net_income_4q": null,
            "revenue": 3569013,
            "revenue_4q": null,
            "common_shares": 2345364,
            "book_valuer_per_share": 28.85,
            "book_valuer_per_share_4q_avg": 27.25,
            "equity": 12594757,
            "current_ratio": 204.9,
            "debt_ratio": 35.57,
            "inventory_turnover_ratio": 0.95,
            "account_receivable_turnover_ratio": null,
            "reinvestment_rate": 88.67,
            "research_to_sale_ratio": null,
            "price_fair": 163.36,
            "eps_avg_yearly": 4.67,
            "eps_latest_yearly": 6.28,
            "eps_growth_yearly": 107
        },
        "20084": {
            "year_quarter": 20084,
            "year": 2008,
            "quarter": 4,
            "eps": -0.84,
            "eps_growth_year": -170.59,
            "eps_4q": 3.86,
            "eps_4q_growth_year": -35.45,
            "roe": -8.2,
            "roe_4q": 12.89,
            "gross_profit": -1009695,
            "gross_margin": -45.58,
            "gross_margin_4q_avg": 14.83,
            "net_income": -1000523,
            "net_income_4q": null,
            "revenue": 2215138,
            "revenue_4q": null,
            "common_shares": 2351116,
            "book_valuer_per_share": 28.26,
            "book_valuer_per_share_4q_avg": 28.71,
            "equity": 11800603,
            "current_ratio": 151.13,
            "debt_ratio": 40.08,
            "inventory_turnover_ratio": 1.08,
            "account_receivable_turnover_ratio": 3.41,
            "reinvestment_rate": 122.29,
            "research_to_sale_ratio": null,
            "price_fair": 169.96,
            "eps_avg_yearly": 4.86,
            "eps_latest_yearly": 6.28,
            "eps_growth_yearly": 109.34
        },
        "20091": {
            "year_quarter": 20091,
            "year": 2009,
            "quarter": 1,
            "eps": -0.5,
            "eps_growth_year": -116.23,
            "eps_4q": 1.15,
            "eps_4q_growth_year": -78.39,
            "roe": -3.47,
            "roe_4q": -0.71,
            "gross_profit": -173507,
            "gross_margin": -12.53,
            "gross_margin_4q_avg": 2.3,
            "net_income": -409532,
            "net_income_4q": null,
            "revenue": 1385234,
            "revenue_4q": null,
            "common_shares": 2347616,
            "book_valuer_per_share": 28.64,
            "book_valuer_per_share_4q_avg": 28.3,
            "equity": 11783188,
            "current_ratio": 145.75,
            "debt_ratio": 40.24,
            "inventory_turnover_ratio": 0.55,
            "account_receivable_turnover_ratio": 1.02,
            "reinvestment_rate": 145.33,
            "research_to_sale_ratio": null,
            "price_fair": 180.4,
            "eps_avg_yearly": 5.15,
            "eps_latest_yearly": 6.28,
            "eps_growth_yearly": 135.17
        },
        "20092": {
            "year_quarter": 20092,
            "year": 2009,
            "quarter": 2,
            "eps": -0.85,
            "eps_growth_year": -188.54,
            "eps_4q": -0.63,
            "eps_4q_growth_year": -120.65,
            "roe": -3.69,
            "roe_4q": -8.559999999999999,
            "gross_profit": -171812,
            "gross_margin": -12.16,
            "gross_margin_4q_avg": -8.79,
            "net_income": -416948,
            "net_income_4q": null,
            "revenue": 1413352,
            "revenue_4q": null,
            "common_shares": 2347616,
            "book_valuer_per_share": 26.08,
            "book_valuer_per_share_4q_avg": 27.96,
            "equity": 10804833,
            "current_ratio": 126.84,
            "debt_ratio": 44.68,
            "inventory_turnover_ratio": 0.57,
            "account_receivable_turnover_ratio": 0.94,
            "reinvestment_rate": 159.73,
            "research_to_sale_ratio": null,
            "price_fair": 188.89,
            "eps_avg_yearly": 5.4,
            "eps_latest_yearly": 6.28,
            "eps_growth_yearly": 85.84
        },
        "20093": {
            "year_quarter": 20093,
            "year": 2009,
            "quarter": 3,
            "eps": 0.07,
            "eps_growth_year": -95.54,
            "eps_4q": -0.49,
            "eps_4q_growth_year": -116.44,
            "roe": 0.66,
            "roe_4q": -14.7,
            "gross_profit": 338495,
            "gross_margin": 19.15,
            "gross_margin_4q_avg": -12.78,
            "net_income": 71284,
            "net_income_4q": null,
            "revenue": 1767951,
            "revenue_4q": null,
            "common_shares": 2565425,
            "book_valuer_per_share": 23.9,
            "book_valuer_per_share_4q_avg": 26.72,
            "equity": 10929990,
            "current_ratio": 122.39,
            "debt_ratio": 45.48,
            "inventory_turnover_ratio": 0.44,
            "account_receivable_turnover_ratio": 1.06,
            "reinvestment_rate": 153.56,
            "research_to_sale_ratio": null,
            "price_fair": 199.15,
            "eps_avg_yearly": 5.69,
            "eps_latest_yearly": 6.28,
            "eps_growth_yearly": 94.99
        },
        "20094": {
            "year_quarter": 20094,
            "year": 2009,
            "quarter": 4,
            "eps": 0.2,
            "eps_growth_year": null,
            "eps_4q": -0.9,
            "eps_4q_growth_year": -123.4,
            "roe": 0.66,
            "roe_4q": -5.84,
            "gross_profit": 275715,
            "gross_margin": 15.45,
            "gross_margin_4q_avg": 2.48,
            "net_income": 78365,
            "net_income_4q": null,
            "revenue": 1784158,
            "revenue_4q": null,
            "common_shares": 2735425,
            "book_valuer_per_share": 26.44,
            "book_valuer_per_share_4q_avg": 26.27,
            "equity": 12900810,
            "current_ratio": 140.5,
            "debt_ratio": 38.4,
            "inventory_turnover_ratio": 0.41,
            "account_receivable_turnover_ratio": 1.88,
            "reinvestment_rate": 250,
            "research_to_sale_ratio": null,
            "price_fair": 192.38,
            "eps_avg_yearly": 5.5,
            "eps_latest_yearly": 0.8,
            "eps_growth_yearly": 134.91
        },
        "20101": {
            "year_quarter": 20101,
            "year": 2010,
            "quarter": 1,
            "eps": 0.34,
            "eps_growth_year": null,
            "eps_4q": -0.13,
            "eps_4q_growth_year": -111.3,
            "roe": 0.96,
            "roe_4q": -1.4099999999999997,
            "gross_profit": 347811,
            "gross_margin": 13.27,
            "gross_margin_4q_avg": 8.93,
            "net_income": 124811,
            "net_income_4q": null,
            "revenue": 2621518,
            "revenue_4q": null,
            "common_shares": 2735425,
            "book_valuer_per_share": 26.66,
            "book_valuer_per_share_4q_avg": 25.77,
            "equity": 12998301,
            "current_ratio": 140.51,
            "debt_ratio": 40.65,
            "inventory_turnover_ratio": 0.56,
            "account_receivable_turnover_ratio": 1.21,
            "reinvestment_rate": 297.91,
            "research_to_sale_ratio": 0.37,
            "price_fair": 187.48,
            "eps_avg_yearly": 5.36,
            "eps_latest_yearly": 1.36,
            "eps_growth_yearly": 159.1
        },
        "20102": {
            "year_quarter": 20102,
            "year": 2010,
            "quarter": 2,
            "eps": 0.54,
            "eps_growth_year": null,
            "eps_4q": 1.14,
            "eps_4q_growth_year": null,
            "roe": 2.05,
            "roe_4q": 4.33,
            "gross_profit": 568057,
            "gross_margin": 15.74,
            "gross_margin_4q_avg": 15.9,
            "net_income": 270564,
            "net_income_4q": null,
            "revenue": 3609050,
            "revenue_4q": null,
            "common_shares": 2735425,
            "book_valuer_per_share": 26.79,
            "book_valuer_per_share_4q_avg": 25.95,
            "equity": 13368715,
            "current_ratio": 141.24,
            "debt_ratio": 41.18,
            "inventory_turnover_ratio": 0.69,
            "account_receivable_turnover_ratio": 1.38,
            "reinvestment_rate": 267.18,
            "research_to_sale_ratio": 0.32,
            "price_fair": 183.17,
            "eps_avg_yearly": 5.23,
            "eps_latest_yearly": 2.16,
            "eps_growth_yearly": 172.13
        },
        "20103": {
            "year_quarter": 20103,
            "year": 2010,
            "quarter": 3,
            "eps": 1.01,
            "eps_growth_year": 1342.37,
            "eps_4q": 2.09,
            "eps_4q_growth_year": null,
            "roe": 4.44,
            "roe_4q": 8.11,
            "gross_profit": 1077360,
            "gross_margin": 24.12,
            "gross_margin_4q_avg": 17.15,
            "net_income": 607860,
            "net_income_4q": null,
            "revenue": 4465879,
            "revenue_4q": null,
            "common_shares": 2735425,
            "book_valuer_per_share": 27.81,
            "book_valuer_per_share_4q_avg": 26.93,
            "equity": 14041803,
            "current_ratio": 127.44,
            "debt_ratio": 44.55,
            "inventory_turnover_ratio": 0.83,
            "account_receivable_turnover_ratio": 1.67,
            "reinvestment_rate": 322.65,
            "research_to_sale_ratio": 0.38,
            "price_fair": 178.62,
            "eps_avg_yearly": 5.1,
            "eps_latest_yearly": 4.04,
            "eps_growth_yearly": 183.19
        },
        "20104": {
            "year_quarter": 20104,
            "year": 2010,
            "quarter": 4,
            "eps": 0.56,
            "eps_growth_year": 177.98,
            "eps_4q": 2.45,
            "eps_4q_growth_year": null,
            "roe": 3.63,
            "roe_4q": 11.080000000000002,
            "gross_profit": 1115241,
            "gross_margin": 27.2,
            "gross_margin_4q_avg": 20.08,
            "net_income": 519332,
            "net_income_4q": null,
            "revenue": 4099510,
            "revenue_4q": null,
            "common_shares": 2735425,
            "book_valuer_per_share": 28.15,
            "book_valuer_per_share_4q_avg": 27.35,
            "equity": 14533547,
            "current_ratio": 128.49,
            "debt_ratio": 44.06,
            "inventory_turnover_ratio": 0.85,
            "account_receivable_turnover_ratio": 1.72,
            "reinvestment_rate": 259.97,
            "research_to_sale_ratio": 0.36,
            "price_fair": 168,
            "eps_avg_yearly": 4.8,
            "eps_latest_yearly": 2.24,
            "eps_growth_yearly": 166.67
        },
        "20111": {
            "year_quarter": 20111,
            "year": 2011,
            "quarter": 1,
            "eps": 0.82,
            "eps_growth_year": 141.18,
            "eps_4q": 2.93,
            "eps_4q_growth_year": null,
            "roe": 2.16,
            "roe_4q": 12.280000000000001,
            "gross_profit": 358223,
            "gross_margin": 17.75,
            "gross_margin_4q_avg": 21.2,
            "net_income": 265321,
            "net_income_4q": null,
            "revenue": 2018165,
            "revenue_4q": null,
            "common_shares": 2735425,
            "book_valuer_per_share": 33.07,
            "book_valuer_per_share_4q_avg": 28.96,
            "equity": 10003148,
            "current_ratio": 105.45,
            "debt_ratio": 41.49,
            "inventory_turnover_ratio": 0.67,
            "account_receivable_turnover_ratio": 1,
            "reinvestment_rate": 410.02,
            "research_to_sale_ratio": 0.74,
            "price_fair": 161.35,
            "eps_avg_yearly": 4.61,
            "eps_latest_yearly": 3.28,
            "eps_growth_yearly": 183.96
        },
        "20112": {
            "year_quarter": 20112,
            "year": 2011,
            "quarter": 2,
            "eps": 0.29,
            "eps_growth_year": -46.82,
            "eps_4q": 2.61,
            "eps_4q_growth_year": 127.82,
            "roe": 0.81,
            "roe_4q": 11.04,
            "gross_profit": 334638,
            "gross_margin": 15.73,
            "gross_margin_4q_avg": 21.2,
            "net_income": 77430,
            "net_income_4q": null,
            "revenue": 2127176,
            "revenue_4q": null,
            "common_shares": 2735425,
            "book_valuer_per_share": 30.15,
            "book_valuer_per_share_4q_avg": 29.8,
            "equity": 9194203,
            "current_ratio": 115.47,
            "debt_ratio": 50.34,
            "inventory_turnover_ratio": 1.09,
            "account_receivable_turnover_ratio": 1.14,
            "reinvestment_rate": 449.51,
            "research_to_sale_ratio": 0.6,
            "price_fair": 143.62,
            "eps_avg_yearly": 4.1,
            "eps_latest_yearly": 1.16,
            "eps_growth_yearly": 152.34
        },
        "20113": {
            "year_quarter": 20113,
            "year": 2011,
            "quarter": 3,
            "eps": -0.01,
            "eps_growth_year": -100.84,
            "eps_4q": 1.62,
            "eps_4q_growth_year": -22.18,
            "roe": -0.64,
            "roe_4q": 5.96,
            "gross_profit": 101475,
            "gross_margin": 7.87,
            "gross_margin_4q_avg": 17.14,
            "net_income": -56396,
            "net_income_4q": null,
            "revenue": 1289225,
            "revenue_4q": null,
            "common_shares": 2817487,
            "book_valuer_per_share": 26.59,
            "book_valuer_per_share_4q_avg": 29.49,
            "equity": 8390004,
            "current_ratio": 111.71,
            "debt_ratio": 54.07,
            "inventory_turnover_ratio": 0.61,
            "account_receivable_turnover_ratio": 0.7,
            "reinvestment_rate": 472.36,
            "research_to_sale_ratio": 1.07,
            "price_fair": 134.4,
            "eps_avg_yearly": 3.84,
            "eps_latest_yearly": 1.16,
            "eps_growth_yearly": 167.4
        },
        "20114": {
            "year_quarter": 20114,
            "year": 2011,
            "quarter": 4,
            "eps": -0.79,
            "eps_growth_year": -241.32,
            "eps_4q": 0.3,
            "eps_4q_growth_year": -87.9,
            "roe": -3.78,
            "roe_4q": -1.4499999999999997,
            "gross_profit": -94811,
            "gross_margin": -8.36,
            "gross_margin_4q_avg": 8.25,
            "net_income": -311602,
            "net_income_4q": null,
            "revenue": 1134147,
            "revenue_4q": null,
            "common_shares": 2817487,
            "book_valuer_per_share": 25.77,
            "book_valuer_per_share_4q_avg": 28.9,
            "equity": 8095387,
            "current_ratio": 139.58,
            "debt_ratio": 55.3,
            "inventory_turnover_ratio": 0.56,
            "account_receivable_turnover_ratio": 0.75,
            "reinvestment_rate": 286.39,
            "research_to_sale_ratio": 1.17,
            "price_fair": 131.18,
            "eps_avg_yearly": 3.75,
            "eps_latest_yearly": 1.16,
            "eps_growth_yearly": 196.94
        },
        "20121": {
            "year_quarter": 20121,
            "year": 2012,
            "quarter": 1,
            "eps": -0.54,
            "eps_growth_year": -165.85,
            "eps_4q": -1.05,
            "eps_4q_growth_year": -135.77,
            "roe": -2.44,
            "roe_4q": -6.049999999999999,
            "gross_profit": -53941,
            "gross_margin": -6.44,
            "gross_margin_4q_avg": 2.2,
            "net_income": -193602,
            "net_income_4q": null,
            "revenue": 837053,
            "revenue_4q": null,
            "common_shares": 2817487,
            "book_valuer_per_share": 24.86,
            "book_valuer_per_share_4q_avg": 26.84,
            "equity": 7786821,
            "current_ratio": 134.59,
            "debt_ratio": 56.8,
            "inventory_turnover_ratio": 0.39,
            "account_receivable_turnover_ratio": 0.66,
            "reinvestment_rate": 1180.7,
            "research_to_sale_ratio": 1.76,
            "price_fair": 97.84,
            "eps_avg_yearly": 2.8,
            "eps_latest_yearly": 1.16,
            "eps_growth_yearly": 148.23
        },
        "20122": {
            "year_quarter": 20122,
            "year": 2012,
            "quarter": 2,
            "eps": -0.43,
            "eps_growth_year": -250.12,
            "eps_4q": -1.75,
            "eps_4q_growth_year": -167.02,
            "roe": -2.23,
            "roe_4q": -9.09,
            "gross_profit": 46696,
            "gross_margin": 3.4,
            "gross_margin_4q_avg": -0.88,
            "net_income": -170108,
            "net_income_4q": null,
            "revenue": 1373356,
            "revenue_4q": null,
            "common_shares": 2817487,
            "book_valuer_per_share": 23.9,
            "book_valuer_per_share_4q_avg": 25.28,
            "equity": 7474315,
            "current_ratio": 114.06,
            "debt_ratio": 59.3,
            "inventory_turnover_ratio": 0.56,
            "account_receivable_turnover_ratio": 0.96,
            "reinvestment_rate": 15281.5,
            "research_to_sale_ratio": 1.26,
            "price_fair": 93.28,
            "eps_avg_yearly": 2.67,
            "eps_latest_yearly": 1.16,
            "eps_growth_yearly": 201.18
        },
        "20123": {
            "year_quarter": 20123,
            "year": 2012,
            "quarter": 3,
            "eps": -0.43,
            "eps_growth_year": null,
            "eps_4q": -2.17,
            "eps_4q_growth_year": -233.6,
            "roe": -2.21,
            "roe_4q": -10.659999999999998,
            "gross_profit": 164776,
            "gross_margin": 12.43,
            "gross_margin_4q_avg": 0.26,
            "net_income": -160262,
            "net_income_4q": null,
            "revenue": 1325829,
            "revenue_4q": null,
            "common_shares": 2867953,
            "book_valuer_per_share": 22.1,
            "book_valuer_per_share_4q_avg": 24.16,
            "equity": 7033880,
            "current_ratio": 112.3,
            "debt_ratio": 60.5,
            "inventory_turnover_ratio": 0.48,
            "account_receivable_turnover_ratio": 0.83,
            "reinvestment_rate": null,
            "research_to_sale_ratio": 1.25,
            "price_fair": 75.2,
            "eps_avg_yearly": 2.15,
            "eps_latest_yearly": 1.16,
            "eps_growth_yearly": 193.61
        },
        "20124": {
            "year_quarter": 20124,
            "year": 2012,
            "quarter": 4,
            "eps": -0.93,
            "eps_growth_year": null,
            "eps_4q": -2.33,
            "eps_4q_growth_year": -886.04,
            "roe": -4.66,
            "roe_4q": -11.54,
            "gross_profit": -59375,
            "gross_margin": -5.58,
            "gross_margin_4q_avg": 0.95,
            "net_income": -324647,
            "net_income_4q": null,
            "revenue": 1064036,
            "revenue_4q": null,
            "common_shares": 2867953,
            "book_valuer_per_share": 21.51,
            "book_valuer_per_share_4q_avg": 23.09,
            "equity": 6899814,
            "current_ratio": 106.74,
            "debt_ratio": 60.86,
            "inventory_turnover_ratio": 0.46,
            "account_receivable_turnover_ratio": 0.71,
            "reinvestment_rate": null,
            "research_to_sale_ratio": 1.78,
            "price_fair": 75.2,
            "eps_avg_yearly": 2.15,
            "eps_latest_yearly": 1.16,
            "eps_growth_yearly": 193.61
        },
        "20131": {
            "year_quarter": 20131,
            "year": 2013,
            "quarter": 1,
            "eps": -0.55,
            "eps_growth_year": null,
            "eps_4q": -2.35,
            "eps_4q_growth_year": null,
            "roe": -2.94,
            "roe_4q": -12.04,
            "gross_profit": 13944,
            "gross_margin": 1.27,
            "gross_margin_4q_avg": 2.88,
            "net_income": -199309,
            "net_income_4q": null,
            "revenue": 1099075,
            "revenue_4q": null,
            "common_shares": 2867953,
            "book_valuer_per_share": 20.71,
            "book_valuer_per_share_4q_avg": 22.06,
            "equity": 6643062,
            "current_ratio": 102.51,
            "debt_ratio": 61.08,
            "inventory_turnover_ratio": 0.46,
            "account_receivable_turnover_ratio": 0.76,
            "reinvestment_rate": null,
            "research_to_sale_ratio": 1.93,
            "price_fair": 75.2,
            "eps_avg_yearly": 2.15,
            "eps_latest_yearly": 1.16,
            "eps_growth_yearly": 193.61
        },
        "20132": {
            "year_quarter": 20132,
            "year": 2013,
            "quarter": 2,
            "eps": 0.02,
            "eps_growth_year": null,
            "eps_4q": -1.89,
            "eps_4q_growth_year": null,
            "roe": -0.22,
            "roe_4q": -10.030000000000001,
            "gross_profit": 219086,
            "gross_margin": 13.52,
            "gross_margin_4q_avg": 5.41,
            "net_income": -14708,
            "net_income_4q": null,
            "revenue": 1620873,
            "revenue_4q": null,
            "common_shares": 2867953,
            "book_valuer_per_share": 20.85,
            "book_valuer_per_share_4q_avg": 21.29,
            "equity": 6672571,
            "current_ratio": 100.82,
            "debt_ratio": 62.68,
            "inventory_turnover_ratio": 0.6,
            "account_receivable_turnover_ratio": 0.94,
            "reinvestment_rate": 27722.22,
            "research_to_sale_ratio": 4.21,
            "price_fair": 75.2,
            "eps_avg_yearly": 2.15,
            "eps_latest_yearly": 1.16,
            "eps_growth_yearly": 193.61
        },
        "20133": {
            "year_quarter": 20133,
            "year": 2013,
            "quarter": 3,
            "eps": 0.01,
            "eps_growth_year": null,
            "eps_4q": -1.23,
            "eps_4q_growth_year": null,
            "roe": -0.6,
            "roe_4q": -8.42,
            "gross_profit": 277128,
            "gross_margin": 18.2,
            "gross_margin_4q_avg": 6.85,
            "net_income": -41508,
            "net_income_4q": null,
            "revenue": 1522476,
            "revenue_4q": null,
            "common_shares": 3367953,
            "book_valuer_per_share": 19.31,
            "book_valuer_per_share_4q_avg": 20.6,
            "equity": 7148730,
            "current_ratio": 99.89,
            "debt_ratio": 59.86,
            "inventory_turnover_ratio": 0.53,
            "account_receivable_turnover_ratio": 0.79,
            "reinvestment_rate": null,
            "research_to_sale_ratio": 4.58,
            "price_fair": 65.98,
            "eps_avg_yearly": 1.89,
            "eps_latest_yearly": 0.04,
            "eps_growth_yearly": 144.41
        },
        "20134": {
            "year_quarter": 20134,
            "year": 2013,
            "quarter": 4,
            "eps": -0.83,
            "eps_growth_year": null,
            "eps_4q": -1.27,
            "eps_4q_growth_year": null,
            "roe": -5.39,
            "roe_4q": -9.149999999999999,
            "gross_profit": 23425,
            "gross_margin": 1.95,
            "gross_margin_4q_avg": 8.74,
            "net_income": -376830,
            "net_income_4q": null,
            "revenue": 1203865,
            "revenue_4q": null,
            "common_shares": 3367953,
            "book_valuer_per_share": 18.63,
            "book_valuer_per_share_4q_avg": 19.88,
            "equity": 6831016,
            "current_ratio": 96.52,
            "debt_ratio": 60.56,
            "inventory_turnover_ratio": 0.48,
            "account_receivable_turnover_ratio": 0.68,
            "reinvestment_rate": null,
            "research_to_sale_ratio": 10.9,
            "price_fair": 71.4,
            "eps_avg_yearly": 2.04,
            "eps_latest_yearly": 0.04,
            "eps_growth_yearly": 58.91
        },
        "20141": {
            "year_quarter": 20141,
            "year": 2014,
            "quarter": 1,
            "eps": -0.26,
            "eps_growth_year": null,
            "eps_4q": -1.06,
            "eps_4q_growth_year": null,
            "roe": -1.44,
            "roe_4q": -7.6499999999999995,
            "gross_profit": 186149,
            "gross_margin": 13.64,
            "gross_margin_4q_avg": 11.83,
            "net_income": -97855,
            "net_income_4q": null,
            "revenue": 1364704,
            "revenue_4q": null,
            "common_shares": 3367953,
            "book_valuer_per_share": 18.43,
            "book_valuer_per_share_4q_avg": 19.31,
            "equity": 6757938,
            "current_ratio": 93.79,
            "debt_ratio": 61.22,
            "inventory_turnover_ratio": 0.46,
            "account_receivable_turnover_ratio": 0.8,
            "reinvestment_rate": null,
            "research_to_sale_ratio": 5.6,
            "price_fair": 69.05,
            "eps_avg_yearly": 2.15,
            "eps_latest_yearly": 0.04,
            "eps_growth_yearly": 22.07
        },
        "20142": {
            "year_quarter": 20142,
            "year": 2014,
            "quarter": 2,
            "eps": -0.04,
            "eps_growth_year": -300,
            "eps_4q": -1.12,
            "eps_4q_growth_year": null,
            "roe": -0.19,
            "roe_4q": -7.619999999999999,
            "gross_profit": 270802,
            "gross_margin": 16.88,
            "gross_margin_4q_avg": 12.67,
            "net_income": -12812,
            "net_income_4q": null,
            "revenue": 1604265,
            "revenue_4q": null,
            "common_shares": 3367953,
            "book_valuer_per_share": 18.25,
            "book_valuer_per_share_4q_avg": 18.66,
            "equity": 6688644,
            "current_ratio": 93.64,
            "debt_ratio": 62.05,
            "inventory_turnover_ratio": 0.52,
            "account_receivable_turnover_ratio": 0.85,
            "reinvestment_rate": null,
            "research_to_sale_ratio": 5.14,
            "price_fair": 6.46,
            "eps_avg_yearly": 2.15,
            "eps_latest_yearly": 0.04,
            "eps_growth_yearly": -20.58
        },
        "20143": {
            "year_quarter": 20143,
            "year": 2014,
            "quarter": 3,
            "eps": 0.06,
            "eps_growth_year": 500,
            "eps_4q": -1.06,
            "eps_4q_growth_year": null,
            "roe": 0.36,
            "roe_4q": -6.66,
            "gross_profit": 262170,
            "gross_margin": 16.62,
            "gross_margin_4q_avg": 12.27,
            "net_income": 24583,
            "net_income_4q": null,
            "revenue": 1577757,
            "revenue_4q": null,
            "common_shares": 3354133,
            "book_valuer_per_share": 18.54,
            "book_valuer_per_share_4q_avg": 18.46,
            "equity": 6797224,
            "current_ratio": 92.87,
            "debt_ratio": 60.58,
            "inventory_turnover_ratio": 0.5,
            "account_receivable_turnover_ratio": 0.77,
            "reinvestment_rate": null,
            "research_to_sale_ratio": 5.33,
            "price_fair": 5.04,
            "eps_avg_yearly": 1.68,
            "eps_latest_yearly": 0.04,
            "eps_growth_yearly": -112.76
        },
        "20144": {
            "year_quarter": 20144,
            "year": 2014,
            "quarter": 4,
            "eps": -1.74,
            "eps_growth_year": null,
            "eps_4q": -1.94,
            "eps_4q_growth_year": null,
            "roe": -10.96,
            "roe_4q": -12.23,
            "gross_profit": -410026,
            "gross_margin": -33.85,
            "gross_margin_4q_avg": 3.32,
            "net_income": -734545,
            "net_income_4q": null,
            "revenue": 1211409,
            "revenue_4q": null,
            "common_shares": 3834133,
            "book_valuer_per_share": 15.85,
            "book_valuer_per_share_4q_avg": 17.77,
            "equity": 6609556,
            "current_ratio": 82.77,
            "debt_ratio": 59.11,
            "inventory_turnover_ratio": 0.64,
            "account_receivable_turnover_ratio": 0.62,
            "reinvestment_rate": null,
            "research_to_sale_ratio": 6.37,
            "price_fair": 4.48,
            "eps_avg_yearly": 1.49,
            "eps_latest_yearly": 0.04,
            "eps_growth_yearly": -90.94
        },
        "20151": {
            "year_quarter": 20151,
            "year": 2015,
            "quarter": 1,
            "eps": 0.05,
            "eps_growth_year": null,
            "eps_4q": -1.66,
            "eps_4q_growth_year": null,
            "roe": 0.33,
            "roe_4q": -10.46,
            "gross_profit": 243463,
            "gross_margin": 18.41,
            "gross_margin_4q_avg": 4.52,
            "net_income": 21798,
            "net_income_4q": null,
            "revenue": 1322123,
            "revenue_4q": null,
            "common_shares": 3834133,
            "book_valuer_per_share": 15.91,
            "book_valuer_per_share_4q_avg": 17.14,
            "equity": 6627323,
            "current_ratio": 82.64,
            "debt_ratio": 58.46,
            "inventory_turnover_ratio": 0.47,
            "account_receivable_turnover_ratio": 0.75,
            "reinvestment_rate": null,
            "research_to_sale_ratio": 5.03,
            "price_fair": 1.8,
            "eps_avg_yearly": 0.6,
            "eps_latest_yearly": 0.04,
            "eps_growth_yearly": -229.27
        },
        "20152": {
            "year_quarter": 20152,
            "year": 2015,
            "quarter": 2,
            "eps": 0.11,
            "eps_growth_year": null,
            "eps_4q": -1.52,
            "eps_4q_growth_year": null,
            "roe": 0.46,
            "roe_4q": -9.810000000000002,
            "gross_profit": 337590,
            "gross_margin": 23.9,
            "gross_margin_4q_avg": 6.27,
            "net_income": 30486,
            "net_income_4q": null,
            "revenue": 1412425,
            "revenue_4q": null,
            "common_shares": 3834133,
            "book_valuer_per_share": 16.06,
            "book_valuer_per_share_4q_avg": 16.59,
            "equity": 6671774,
            "current_ratio": 106.64,
            "debt_ratio": 58.13,
            "inventory_turnover_ratio": 0.48,
            "account_receivable_turnover_ratio": 0.82,
            "reinvestment_rate": null,
            "research_to_sale_ratio": 4.74,
            "price_fair": 8.4,
            "eps_avg_yearly": 0.24,
            "eps_latest_yearly": 0.44,
            "eps_growth_yearly": 140
        },
        "20153": {
            "year_quarter": 20153,
            "year": 2015,
            "quarter": 3,
            "eps": 0.05,
            "eps_growth_year": -16.67,
            "eps_4q": -1.52,
            "eps_4q_growth_year": null,
            "roe": 0.14,
            "roe_4q": -10.030000000000001,
            "gross_profit": 265691,
            "gross_margin": 19.55,
            "gross_margin_4q_avg": 7,
            "net_income": 9219,
            "net_income_4q": null,
            "revenue": 1359337,
            "revenue_4q": null,
            "common_shares": 3831733,
            "book_valuer_per_share": 15.99,
            "book_valuer_per_share_4q_avg": 15.95,
            "equity": 6736374,
            "current_ratio": 114.53,
            "debt_ratio": 58.08,
            "inventory_turnover_ratio": 0.47,
            "account_receivable_turnover_ratio": 0.82,
            "reinvestment_rate": null,
            "research_to_sale_ratio": 5.03,
            "price_fair": 6.94,
            "eps_avg_yearly": 0.23,
            "eps_latest_yearly": 0.2,
            "eps_growth_yearly": 20.61
        },
        "20154": {
            "year_quarter": 20154,
            "year": 2015,
            "quarter": 4,
            "eps": -0.14,
            "eps_growth_year": null,
            "eps_4q": 0.07,
            "eps_4q_growth_year": null,
            "roe": -1.37,
            "roe_4q": -0.44,
            "gross_profit": 209322,
            "gross_margin": 16.43,
            "gross_margin_4q_avg": 19.57,
            "net_income": -91417,
            "net_income_4q": null,
            "revenue": 1274203,
            "revenue_4q": null,
            "common_shares": 3831733,
            "book_valuer_per_share": 15.62,
            "book_valuer_per_share_4q_avg": 15.9,
            "equity": 6577787,
            "current_ratio": 110.65,
            "debt_ratio": 57.77,
            "inventory_turnover_ratio": 0.41,
            "account_receivable_turnover_ratio": 0.84,
            "reinvestment_rate": null,
            "research_to_sale_ratio": 5.27,
            "price_fair": 6.94,
            "eps_avg_yearly": 0.23,
            "eps_latest_yearly": 0.2,
            "eps_growth_yearly": 20.61
        },
        "20161": {
            "year_quarter": 20161,
            "year": 2016,
            "quarter": 1,
            "eps": -0.18,
            "eps_growth_year": -460,
            "eps_4q": -0.18,
            "eps_4q_growth_year": null,
            "roe": -1.16,
            "roe_4q": -1.9300000000000002,
            "gross_profit": 227252,
            "gross_margin": 16.07,
            "gross_margin_4q_avg": 18.99,
            "net_income": -77543,
            "net_income_4q": null,
            "revenue": 1414235,
            "revenue_4q": null,
            "common_shares": 4131733,
            "book_valuer_per_share": 14.95,
            "book_valuer_per_share_4q_avg": 15.66,
            "equity": 6780205,
            "current_ratio": 122.55,
            "debt_ratio": 55.64,
            "inventory_turnover_ratio": 0.42,
            "account_receivable_turnover_ratio": 0.92,
            "reinvestment_rate": null,
            "research_to_sale_ratio": 4.78,
            "price_fair": 6.94,
            "eps_avg_yearly": 0.23,
            "eps_latest_yearly": 0.2,
            "eps_growth_yearly": 20.61
        },
        "20162": {
            "year_quarter": 20162,
            "year": 2016,
            "quarter": 2,
            "eps": -0.19,
            "eps_growth_year": -272.73,
            "eps_4q": -0.47,
            "eps_4q_growth_year": null,
            "roe": -1.13,
            "roe_4q": -3.52,
            "gross_profit": 226264,
            "gross_margin": 15.98,
            "gross_margin_4q_avg": 17.01,
            "net_income": -75782,
            "net_income_4q": null,
            "revenue": 1415474,
            "revenue_4q": null,
            "common_shares": 4131733,
            "book_valuer_per_share": 14.6,
            "book_valuer_per_share_4q_avg": 15.29,
            "equity": 6621232,
            "current_ratio": 111.04,
            "debt_ratio": 55.57,
            "inventory_turnover_ratio": 0.43,
            "account_receivable_turnover_ratio": 0.85,
            "reinvestment_rate": null,
            "research_to_sale_ratio": 4.98,
            "price_fair": 6.94,
            "eps_avg_yearly": 0.23,
            "eps_latest_yearly": 0.2,
            "eps_growth_yearly": 20.61
        },
        "20163": {
            "year_quarter": 20163,
            "year": 2016,
            "quarter": 3,
            "eps": -0.18,
            "eps_growth_year": -460,
            "eps_4q": -0.7,
            "eps_4q_growth_year": null,
            "roe": -0.96,
            "roe_4q": -4.62,
            "gross_profit": 233354,
            "gross_margin": 17.67,
            "gross_margin_4q_avg": 16.54,
            "net_income": -62570,
            "net_income_4q": null,
            "revenue": 1320912,
            "revenue_4q": null,
            "common_shares": 4130856,
            "book_valuer_per_share": 14.27,
            "book_valuer_per_share_4q_avg": 14.86,
            "equity": 6474917,
            "current_ratio": 112.67,
            "debt_ratio": 54.63,
            "inventory_turnover_ratio": 0.39,
            "account_receivable_turnover_ratio": 0.81,
            "reinvestment_rate": null,
            "research_to_sale_ratio": 5.43,
            "price_fair": 6.94,
            "eps_avg_yearly": 0.23,
            "eps_latest_yearly": 0.2,
            "eps_growth_yearly": 20.61
        },
        "20164": {
            "year_quarter": 20164,
            "year": 2016,
            "quarter": 4,
            "eps": -3.04,
            "eps_growth_year": null,
            "eps_4q": -3.6,
            "eps_4q_growth_year": -5142.58,
            "roe": -21.48,
            "roe_4q": -24.73,
            "gross_profit": -301618,
            "gross_margin": -24.13,
            "gross_margin_4q_avg": 6.4,
            "net_income": -1254170,
            "net_income_4q": null,
            "revenue": 1250070,
            "revenue_4q": null,
            "common_shares": 4130856,
            "book_valuer_per_share": 11.18,
            "book_valuer_per_share_4q_avg": 13.75,
            "equity": 5200284,
            "current_ratio": 100.2,
            "debt_ratio": 59.93,
            "inventory_turnover_ratio": 0.61,
            "account_receivable_turnover_ratio": 0.83,
            "reinvestment_rate": null,
            "research_to_sale_ratio": 5.62,
            "price_fair": 6.94,
            "eps_avg_yearly": 0.23,
            "eps_latest_yearly": 0.2,
            "eps_growth_yearly": 20.61
        },
        "20171": {
            "year_quarter": 20171,
            "year": 2017,
            "quarter": 1,
            "eps": 0.03,
            "eps_growth_year": null,
            "eps_4q": -3.21,
            "eps_4q_growth_year": null,
            "roe": 0.49,
            "roe_4q": -23.080000000000002,
            "gross_profit": 314473,
            "gross_margin": 21.09,
            "gross_margin_4q_avg": 7.65,
            "net_income": 30118,
            "net_income_4q": null,
            "revenue": 1490753,
            "revenue_4q": null,
            "common_shares": 4130856,
            "book_valuer_per_share": 12.82,
            "book_valuer_per_share_4q_avg": 13.22,
            "equity": 7117293,
            "current_ratio": 147.9,
            "debt_ratio": 52.29,
            "inventory_turnover_ratio": 0.55,
            "account_receivable_turnover_ratio": 0.98,
            "reinvestment_rate": null,
            "research_to_sale_ratio": 5.01,
            "price_fair": 6.94,
            "eps_avg_yearly": 0.23,
            "eps_latest_yearly": 0.2,
            "eps_growth_yearly": 20.61
        },
        "20172": {
            "year_quarter": 20172,
            "year": 2017,
            "quarter": 2,
            "eps": 0.15,
            "eps_growth_year": null,
            "eps_4q": -2.79,
            "eps_4q_growth_year": null,
            "roe": 1.39,
            "roe_4q": -20.560000000000002,
            "gross_profit": 360933,
            "gross_margin": 22.84,
            "gross_margin_4q_avg": 9.37,
            "net_income": 101522,
            "net_income_4q": null,
            "revenue": 1580389,
            "revenue_4q": null,
            "common_shares": 4337846,
            "book_valuer_per_share": 12.5,
            "book_valuer_per_share_4q_avg": 12.69,
            "equity": 7507212,
            "current_ratio": 127.04,
            "debt_ratio": 47.53,
            "inventory_turnover_ratio": 0.63,
            "account_receivable_turnover_ratio": 0.99,
            "reinvestment_rate": null,
            "research_to_sale_ratio": 4.17,
            "price_fair": 11.2,
            "eps_avg_yearly": 0.32,
            "eps_latest_yearly": 0.6,
            "eps_growth_yearly": 415.45
        },
        "20173": {
            "year_quarter": 20173,
            "year": 2017,
            "quarter": 3,
            "eps": 0.25,
            "eps_growth_year": null,
            "eps_4q": -2.27,
            "eps_4q_growth_year": null,
            "roe": 1.84,
            "roe_4q": -17.76,
            "gross_profit": 399059,
            "gross_margin": 24.2,
            "gross_margin_4q_avg": 11,
            "net_income": 156311,
            "net_income_4q": null,
            "revenue": 1649279,
            "revenue_4q": null,
            "common_shares": 4477054,
            "book_valuer_per_share": 13.64,
            "book_valuer_per_share_4q_avg": 12.54,
            "equity": 9527167,
            "current_ratio": 159.93,
            "debt_ratio": 38.66,
            "inventory_turnover_ratio": 0.71,
            "account_receivable_turnover_ratio": 1,
            "reinvestment_rate": null,
            "research_to_sale_ratio": 4.15,
            "price_fair": 19.6,
            "eps_avg_yearly": 0.56,
            "eps_latest_yearly": 1,
            "eps_growth_yearly": 532.12
        },
        "20174": {
            "year_quarter": 20174,
            "year": 2017,
            "quarter": 4,
            "eps": 0.24,
            "eps_growth_year": null,
            "eps_4q": 0.63,
            "eps_4q_growth_year": null,
            "roe": 1.74,
            "roe_4q": 5.46,
            "gross_profit": 454808,
            "gross_margin": 27.46,
            "gross_margin_4q_avg": 23.9,
            "net_income": 168381,
            "net_income_4q": null,
            "revenue": 1656090,
            "revenue_4q": null,
            "common_shares": 4716154,
            "book_valuer_per_share": 13.91,
            "book_valuer_per_share_4q_avg": 13.22,
            "equity": 9839052,
            "current_ratio": 151.81,
            "debt_ratio": 38.54,
            "inventory_turnover_ratio": 0.75,
            "account_receivable_turnover_ratio": 0.98,
            "reinvestment_rate": null,
            "research_to_sale_ratio": 4.48,
            "price_fair": 22.4,
            "eps_avg_yearly": 0.64,
            "eps_latest_yearly": 0.96,
            "eps_growth_yearly": 422.5
        },
        "20181": {
            "year_quarter": 20181,
            "year": 2018,
            "quarter": 1,
            "eps": 0.51,
            "eps_growth_year": 1600,
            "eps_4q": 1.1,
            "eps_4q_growth_year": null,
            "roe": 3.02,
            "roe_4q": 7.989999999999999,
            "gross_profit": 638618,
            "gross_margin": 30.91,
            "gross_margin_4q_avg": 26.35,
            "net_income": 302923,
            "net_income_4q": null,
            "revenue": 2065996,
            "revenue_4q": null,
            "common_shares": 4808984,
            "book_valuer_per_share": 14.39,
            "book_valuer_per_share_4q_avg": 13.61,
            "equity": 10191723,
            "current_ratio": 219.41,
            "debt_ratio": 36,
            "inventory_turnover_ratio": 0.93,
            "account_receivable_turnover_ratio": 1.09,
            "reinvestment_rate": null,
            "research_to_sale_ratio": 4.11,
            "price_fair": 30.57,
            "eps_avg_yearly": 0.87,
            "eps_latest_yearly": 2.04,
            "eps_growth_yearly": 427.08
        },
        "20182": {
            "year_quarter": 20182,
            "year": 2018,
            "quarter": 2,
            "eps": 0.95,
            "eps_growth_year": 533.33,
            "eps_4q": 1.81,
            "eps_4q_growth_year": null,
            "roe": 4.89,
            "roe_4q": 11.49,
            "gross_profit": 820389,
            "gross_margin": 37.31,
            "gross_margin_4q_avg": 29.97,
            "net_income": 534077,
            "net_income_4q": null,
            "revenue": 2199088,
            "revenue_4q": null,
            "common_shares": 5108984,
            "book_valuer_per_share": 16.26,
            "book_valuer_per_share_4q_avg": 14.55,
            "equity": 11631366,
            "current_ratio": 236.69,
            "debt_ratio": 35.33,
            "inventory_turnover_ratio": 0.88,
            "account_receivable_turnover_ratio": 1.03,
            "reinvestment_rate": null,
            "research_to_sale_ratio": 3.78,
            "price_fair": 45.2,
            "eps_avg_yearly": 1.29,
            "eps_latest_yearly": 3.8,
            "eps_growth_yearly": 415.37
        },
        "20183": {
            "year_quarter": 20183,
            "year": 2018,
            "quarter": 3,
            "eps": 1.34,
            "eps_growth_year": 436,
            "eps_4q": 2.93,
            "eps_4q_growth_year": null,
            "roe": 7.53,
            "roe_4q": 17.18,
            "gross_profit": 1014830,
            "gross_margin": 39.14,
            "gross_margin_4q_avg": 33.71,
            "net_income": 899114,
            "net_income_4q": null,
            "revenue": 2592950,
            "revenue_4q": null,
            "common_shares": 5108984,
            "book_valuer_per_share": 17.34,
            "book_valuer_per_share_4q_avg": 15.48,
            "equity": 12252245,
            "current_ratio": 269,
            "debt_ratio": 33.1,
            "inventory_turnover_ratio": 0.96,
            "account_receivable_turnover_ratio": 1.12,
            "reinvestment_rate": null,
            "research_to_sale_ratio": 3.36,
            "price_fair": 63,
            "eps_avg_yearly": 1.8,
            "eps_latest_yearly": 5.36,
            "eps_growth_yearly": 383.97
        },
        "20184": {
            "year_quarter": 20184,
            "year": 2018,
            "quarter": 4,
            "eps": 1.03,
            "eps_growth_year": 335.01,
            "eps_4q": 3.74,
            "eps_4q_growth_year": 496.67,
            "roe": 4.29,
            "roe_4q": 19.73,
            "gross_profit": 941634,
            "gross_margin": 40.12,
            "gross_margin_4q_avg": 36.87,
            "net_income": 538121,
            "net_income_4q": null,
            "revenue": 2347224,
            "revenue_4q": null,
            "common_shares": 5108984,
            "book_valuer_per_share": 18.39,
            "book_valuer_per_share_4q_avg": 16.6,
            "equity": 12837854,
            "current_ratio": 284.16,
            "debt_ratio": 34.11,
            "inventory_turnover_ratio": 0.78,
            "account_receivable_turnover_ratio": 1.03,
            "reinvestment_rate": 47.43,
            "research_to_sale_ratio": 3.85,
            "price_fair": 72.02,
            "eps_avg_yearly": 2.06,
            "eps_latest_yearly": 4.12,
            "eps_growth_yearly": 331.03
        },
        "20191": {
            "year_quarter": 20191,
            "year": 2019,
            "quarter": 1,
            "eps": 0.94,
            "eps_growth_year": 84.31,
            "eps_4q": 4.2,
            "eps_4q_growth_year": 282.67,
            "roe": 3.49,
            "roe_4q": 20.2,
            "gross_profit": 903133,
            "gross_margin": 42.4,
            "gross_margin_4q_avg": 39.74,
            "net_income": 459213,
            "net_income_4q": null,
            "revenue": 2130137,
            "revenue_4q": null,
            "common_shares": 5108984,
            "book_valuer_per_share": 19.52,
            "book_valuer_per_share_4q_avg": 17.88,
            "equity": 13509160,
            "current_ratio": 232.58,
            "debt_ratio": 39.33,
            "inventory_turnover_ratio": 0.61,
            "account_receivable_turnover_ratio": 0.95,
            "reinvestment_rate": 151.47,
            "research_to_sale_ratio": 3.95,
            "price_fair": 77.98,
            "eps_avg_yearly": 2.23,
            "eps_latest_yearly": 3.76,
            "eps_growth_yearly": 294.43
        },
        "20192": {
            "year_quarter": 20192,
            "year": 2019,
            "quarter": 2,
            "eps": 0.74,
            "eps_growth_year": -22.11,
            "eps_4q": 4.05,
            "eps_4q_growth_year": 122.97,
            "roe": 2.41,
            "roe_4q": 17.720000000000002,
            "gross_profit": 766614,
            "gross_margin": 37.35,
            "gross_margin_4q_avg": 39.75,
            "net_income": 308392,
            "net_income_4q": null,
            "revenue": 2052243,
            "revenue_4q": null,
            "common_shares": 5108984,
            "book_valuer_per_share": 17.49,
            "book_valuer_per_share_4q_avg": 18.19,
            "equity": 12111945,
            "current_ratio": 176.28,
            "debt_ratio": 46.46,
            "inventory_turnover_ratio": 0.63,
            "account_receivable_turnover_ratio": 0.86,
            "reinvestment_rate": 126.61,
            "research_to_sale_ratio": 4.04,
            "price_fair": 86.8,
            "eps_avg_yearly": 2.48,
            "eps_latest_yearly": 2.96,
            "eps_growth_yearly": 237.92
        },
        "20193": {
            "year_quarter": 20193,
            "year": 2019,
            "quarter": 3,
            "eps": 0.6,
            "eps_growth_year": -55.22,
            "eps_4q": 3.31,
            "eps_4q_growth_year": 12.94,
            "roe": 3.74,
            "roe_4q": 13.93,
            "gross_profit": 611462,
            "gross_margin": 34.98,
            "gross_margin_4q_avg": 38.71,
            "net_income": 471006,
            "net_income_4q": null,
            "revenue": 1748219,
            "revenue_4q": null,
            "common_shares": 5108984,
            "book_valuer_per_share": 18.23,
            "book_valuer_per_share_4q_avg": 18.41,
            "equity": 13075531,
            "current_ratio": 272.1,
            "debt_ratio": 38.46,
            "inventory_turnover_ratio": 0.55,
            "account_receivable_turnover_ratio": 0.8,
            "reinvestment_rate": 106.07,
            "research_to_sale_ratio": 5.09,
            "price_fair": 94.5,
            "eps_avg_yearly": 2.7,
            "eps_latest_yearly": 2.4,
            "eps_growth_yearly": 252.17
        },
        "20194": {
            "year_quarter": 20194,
            "year": 2019,
            "quarter": 4,
            "eps": 0.13,
            "eps_growth_year": -87.74,
            "eps_4q": 2.41,
            "eps_4q_growth_year": -35.45,
            "roe": 0.6,
            "roe_4q": 10.24,
            "gross_profit": 381138,
            "gross_margin": 21.83,
            "gross_margin_4q_avg": 34.14,
            "net_income": 77543,
            "net_income_4q": null,
            "revenue": 1745974,
            "revenue_4q": null,
            "common_shares": 5108984,
            "book_valuer_per_share": 18.17,
            "book_valuer_per_share_4q_avg": 18.35,
            "equity": 12977950,
            "current_ratio": 239.9,
            "debt_ratio": 41.72,
            "inventory_turnover_ratio": 0.64,
            "account_receivable_turnover_ratio": 0.95,
            "reinvestment_rate": 149.94,
            "research_to_sale_ratio": 3.85,
            "price_fair": 87.56,
            "eps_avg_yearly": 2.5,
            "eps_latest_yearly": 0.52,
            "eps_growth_yearly": 200.76
        },
        "20201": {
            "year_quarter": 20201,
            "year": 2020,
            "quarter": 1,
            "eps": 0.2,
            "eps_growth_year": -78.72,
            "eps_4q": 1.67,
            "eps_4q_growth_year": -60.24,
            "roe": 0.52,
            "roe_4q": 7.2700000000000005,
            "gross_profit": 411052,
            "gross_margin": 23.72,
            "gross_margin_4q_avg": 29.47,
            "net_income": 67206,
            "net_income_4q": null,
            "revenue": 1732887,
            "revenue_4q": null,
            "common_shares": 5108984,
            "book_valuer_per_share": 18.27,
            "book_valuer_per_share_4q_avg": 18.04,
            "equity": 12970067,
            "current_ratio": 245.69,
            "debt_ratio": 41.92,
            "inventory_turnover_ratio": 0.64,
            "account_receivable_turnover_ratio": 1.02,
            "reinvestment_rate": 148.17,
            "research_to_sale_ratio": 4.52,
            "price_fair": 82.6,
            "eps_avg_yearly": 2.36,
            "eps_latest_yearly": 0.8,
            "eps_growth_yearly": 201.98
        },
        "20202": {
            "year_quarter": 20202,
            "year": 2020,
            "quarter": 2,
            "eps": 0.3,
            "eps_growth_year": -59.46,
            "eps_4q": 1.22,
            "eps_4q_growth_year": -69.78,
            "roe": 1.49,
            "roe_4q": 6.35,
            "gross_profit": 593325,
            "gross_margin": 31.88,
            "gross_margin_4q_avg": 28.1,
            "net_income": 186692,
            "net_income_4q": null,
            "revenue": 1860988,
            "revenue_4q": null,
            "common_shares": 5108984,
            "book_valuer_per_share": 16.66,
            "book_valuer_per_share_4q_avg": 17.83,
            "equity": 12119762,
            "current_ratio": 179.82,
            "debt_ratio": 46.38,
            "inventory_turnover_ratio": 0.63,
            "account_receivable_turnover_ratio": 1.1,
            "reinvestment_rate": 167.83,
            "research_to_sale_ratio": 4.48,
            "price_fair": 79.48,
            "eps_avg_yearly": 2.27,
            "eps_latest_yearly": 1.2,
            "eps_growth_yearly": 201.83
        },
        "20203": {
            "year_quarter": 20203,
            "year": 2020,
            "quarter": 3,
            "eps": 0.33,
            "eps_growth_year": -45,
            "eps_4q": 0.95,
            "eps_4q_growth_year": -71.2,
            "roe": 2.54,
            "roe_4q": 5.15,
            "gross_profit": 485016,
            "gross_margin": 25.86,
            "gross_margin_4q_avg": 25.82,
            "net_income": 314070,
            "net_income_4q": null,
            "revenue": 1875902,
            "revenue_4q": null,
            "common_shares": 5108984,
            "book_valuer_per_share": 17.23,
            "book_valuer_per_share_4q_avg": 17.58,
            "equity": 12646171,
            "current_ratio": 188.79,
            "debt_ratio": 44.49,
            "inventory_turnover_ratio": 0.69,
            "account_receivable_turnover_ratio": 1.13,
            "reinvestment_rate": 216.21,
            "research_to_sale_ratio": 5.16,
            "price_fair": 77.1,
            "eps_avg_yearly": 2.2,
            "eps_latest_yearly": 1.32,
            "eps_growth_yearly": 190.27
        },
        "20204": {
            "year_quarter": 20204,
            "year": 2020,
            "quarter": 4,
            "eps": 0.19,
            "eps_growth_year": 49,
            "eps_4q": 1.02,
            "eps_4q_growth_year": -57.9,
            "roe": 0.96,
            "roe_4q": 5.51,
            "gross_profit": 524493,
            "gross_margin": 26.87,
            "gross_margin_4q_avg": 27.08,
            "net_income": 122998,
            "net_income_4q": null,
            "revenue": 1951752,
            "revenue_4q": null,
            "common_shares": 5108984,
            "book_valuer_per_share": 17.78,
            "book_valuer_per_share_4q_avg": 17.49,
            "equity": 13053508,
            "current_ratio": 176.75,
            "debt_ratio": 44.44,
            "inventory_turnover_ratio": 0.66,
            "account_receivable_turnover_ratio": 1.13,
            "reinvestment_rate": 176.21,
            "research_to_sale_ratio": 5.85,
            "price_fair": 73.73,
            "eps_avg_yearly": 2.11,
            "eps_latest_yearly": 0.76,
            "eps_growth_yearly": 166.27
        },
        "20211": {
            "year_quarter": 20211,
            "year": 2021,
            "quarter": 1,
            "eps": 0.29,
            "eps_growth_year": 45,
            "eps_4q": 1.11,
            "eps_4q_growth_year": -33.4,
            "roe": 1.54,
            "roe_4q": 6.53,
            "gross_profit": 631720,
            "gross_margin": 27.51,
            "gross_margin_4q_avg": 28.03,
            "net_income": 202930,
            "net_income_4q": null,
            "revenue": 2295990,
            "revenue_4q": null,
            "common_shares": 5108984,
            "book_valuer_per_share": 18.17,
            "book_valuer_per_share_4q_avg": 17.46,
            "equity": 13294609,
            "current_ratio": 173.76,
            "debt_ratio": 44.6,
            "inventory_turnover_ratio": 0.75,
            "account_receivable_turnover_ratio": 1.12,
            "reinvestment_rate": 175.98,
            "research_to_sale_ratio": 4.73,
            "price_fair": 71.66,
            "eps_avg_yearly": 2.05,
            "eps_latest_yearly": 1.16,
            "eps_growth_yearly": 169.04
        },
        "20212": {
            "year_quarter": 20212,
            "year": 2021,
            "quarter": 2,
            "eps": 0.45,
            "eps_growth_year": 50,
            "eps_4q": 1.26,
            "eps_4q_growth_year": 3.25,
            "roe": 2.48,
            "roe_4q": 7.52,
            "gross_profit": 802140,
            "gross_margin": 32.31,
            "gross_margin_4q_avg": 28.14,
            "net_income": 333565,
            "net_income_4q": null,
            "revenue": 2482873,
            "revenue_4q": null,
            "common_shares": 5108984,
            "book_valuer_per_share": 18.63,
            "book_valuer_per_share_4q_avg": 17.95,
            "equity": 13618065,
            "current_ratio": 174.07,
            "debt_ratio": 43.79,
            "inventory_turnover_ratio": 0.78,
            "account_receivable_turnover_ratio": 1.12,
            "reinvestment_rate": 172.2,
            "research_to_sale_ratio": 5.2,
            "price_fair": 74.29,
            "eps_avg_yearly": 2.12,
            "eps_latest_yearly": 1.8,
            "eps_growth_yearly": 82.83
        },
        "20213": {
            "year_quarter": 20213,
            "year": 2021,
            "quarter": 3,
            "eps": 0.61,
            "eps_growth_year": 84.85,
            "eps_4q": 1.36,
            "eps_4q_growth_year": 42.76,
            "roe": 3.21,
            "roe_4q": 8.19,
            "gross_profit": 1037584,
            "gross_margin": 39.46,
            "gross_margin_4q_avg": 31.54,
            "net_income": 446152,
            "net_income_4q": null,
            "revenue": 2629482,
            "revenue_4q": null,
            "common_shares": 5108984,
            "book_valuer_per_share": 17.25,
            "book_valuer_per_share_4q_avg": 17.96,
            "equity": 14168853,
            "current_ratio": 202.29,
            "debt_ratio": 43.09,
            "inventory_turnover_ratio": 0.73,
            "account_receivable_turnover_ratio": 1.15,
            "reinvestment_rate": 159.82,
            "research_to_sale_ratio": 7.73,
            "price_fair": 77.44,
            "eps_avg_yearly": 2.21,
            "eps_latest_yearly": 2.44,
            "eps_growth_yearly": 75.05
        },
        "20214": {
            "year_quarter": 20214,
            "year": 2021,
            "quarter": 4,
            "eps": 0.67,
            "eps_growth_year": 256.7,
            "eps_4q": 1.94,
            "eps_4q_growth_year": 91.29,
            "roe": 3.62,
            "roe_4q": 10.850000000000001,
            "gross_profit": 1146836,
            "gross_margin": 39.1,
            "gross_margin_4q_avg": 34.6,
            "net_income": 558830,
            "net_income_4q": null,
            "revenue": 2932931,
            "revenue_4q": null,
            "common_shares": 5408984,
            "book_valuer_per_share": 21.19,
            "book_valuer_per_share_4q_avg": 18.81,
            "equity": 16681202,
            "current_ratio": 237.62,
            "debt_ratio": 39.03,
            "inventory_turnover_ratio": 0.77,
            "account_receivable_turnover_ratio": 1.18,
            "reinvestment_rate": 146.16,
            "research_to_sale_ratio": 8.39,
            "price_fair": 81.2,
            "eps_avg_yearly": 2.32,
            "eps_latest_yearly": 2.68,
            "eps_growth_yearly": 78.51
        },
        "20221": {
            "year_quarter": 20221,
            "year": 2022,
            "quarter": 1,
            "eps": 0.9,
            "eps_growth_year": 210.34,
            "eps_4q": 2.56,
            "eps_4q_growth_year": 130.41,
            "roe": 4.05,
            "roe_4q": 13.36,
            "gross_profit": 1315790,
            "gross_margin": 43.32,
            "gross_margin_4q_avg": 38.55,
            "net_income": 698019,
            "net_income_4q": null,
            "revenue": 3037670,
            "revenue_4q": null,
            "common_shares": 5409336,
            "book_valuer_per_share": 22.41,
            "book_valuer_per_share_4q_avg": 19.87,
            "equity": 17766809,
            "current_ratio": 244.28,
            "debt_ratio": 37.4,
            "inventory_turnover_ratio": 0.71,
            "account_receivable_turnover_ratio": 1.13,
            "reinvestment_rate": 143.72,
            "research_to_sale_ratio": 6.8,
            "price_fair": 84.61,
            "eps_avg_yearly": 2.42,
            "eps_latest_yearly": 3.6,
            "eps_growth_yearly": 58.97
        },
        "20222": {
            "year_quarter": 20222,
            "year": 2022,
            "quarter": 2,
            "eps": 1,
            "eps_growth_year": 122.22,
            "eps_4q": 3.14,
            "eps_4q_growth_year": 148.86,
            "roe": 4.04,
            "roe_4q": 14.920000000000002,
            "gross_profit": 1250093,
            "gross_margin": 40.11,
            "gross_margin_4q_avg": 40.5,
            "net_income": 712127,
            "net_income_4q": null,
            "revenue": 3116471,
            "revenue_4q": null,
            "common_shares": 5409336,
            "book_valuer_per_share": 21.93,
            "book_valuer_per_share_4q_avg": 20.7,
            "equity": 17464432,
            "current_ratio": 210.36,
            "debt_ratio": 41.28,
            "inventory_turnover_ratio": 0.74,
            "account_receivable_turnover_ratio": 1.11,
            "reinvestment_rate": 128.32,
            "research_to_sale_ratio": 5.97,
            "price_fair": 85.05,
            "eps_avg_yearly": 2.43,
            "eps_latest_yearly": 4,
            "eps_growth_yearly": 40.18
        },
        "20223": {
            "year_quarter": 20223,
            "year": 2022,
            "quarter": 3,
            "eps": 1.3,
            "eps_growth_year": 113.11,
            "eps_4q": 3.87,
            "eps_4q_growth_year": 184.28,
            "roe": 5.45,
            "roe_4q": 17.16,
            "gross_profit": 1341917,
            "gross_margin": 39.45,
            "gross_margin_4q_avg": 40.5,
            "net_income": 972687,
            "net_income_4q": null,
            "revenue": 3401319,
            "revenue_4q": null,
            "common_shares": 5409336,
            "book_valuer_per_share": 23.14,
            "book_valuer_per_share_4q_avg": 22.17,
            "equity": 18224469,
            "current_ratio": 227.4,
            "debt_ratio": 36.6,
            "inventory_turnover_ratio": 0.76,
            "account_receivable_turnover_ratio": 1.19,
            "reinvestment_rate": 139.55,
            "research_to_sale_ratio": 6.71,
            "price_fair": 84.7,
            "eps_avg_yearly": 2.42,
            "eps_latest_yearly": 5.2,
            "eps_growth_yearly": 37.41
        },
        "20224": {
            "year_quarter": 20224,
            "year": 2022,
            "quarter": 4,
            "eps": 0.8,
            "eps_growth_year": 19.71,
            "eps_4q": 4,
            "eps_4q_growth_year": 106.07,
            "roe": 3.36,
            "roe_4q": 16.900000000000002,
            "gross_profit": 1259015,
            "gross_margin": 40.33,
            "gross_margin_4q_avg": 40.8,
            "net_income": 620458,
            "net_income_4q": null,
            "revenue": 3121971,
            "revenue_4q": null,
            "common_shares": 5409336,
            "book_valuer_per_share": 23.85,
            "book_valuer_per_share_4q_avg": 22.83,
            "equity": 18716244,
            "current_ratio": 237.3,
            "debt_ratio": 34.94,
            "inventory_turnover_ratio": 0.63,
            "account_receivable_turnover_ratio": 1.17,
            "reinvestment_rate": 140.25,
            "research_to_sale_ratio": 6.97,
            "price_fair": 82.69,
            "eps_avg_yearly": 2.36,
            "eps_latest_yearly": 3.2,
            "eps_growth_yearly": 33.58
        },
        "20231": {
            "year_quarter": 20231,
            "year": 2023,
            "quarter": 1,
            "eps": 0.5,
            "eps_growth_year": -44.44,
            "eps_4q": 3.6,
            "eps_4q_growth_year": 40.49,
            "roe": 1.97,
            "roe_4q": 14.82,
            "gross_profit": 989516,
            "gross_margin": 36.58,
            "gross_margin_4q_avg": 39.12,
            "net_income": 373638,
            "net_income_4q": null,
            "revenue": 2705087,
            "revenue_4q": null,
            "common_shares": 5409336,
            "book_valuer_per_share": 24.38,
            "book_valuer_per_share_4q_avg": 23.33,
            "equity": 19152173,
            "current_ratio": 279.95,
            "debt_ratio": 32.8,
            "inventory_turnover_ratio": 0.55,
            "account_receivable_turnover_ratio": 1.16,
            "reinvestment_rate": 122.65,
            "research_to_sale_ratio": 8.92,
            "price_fair": 78.84,
            "eps_avg_yearly": 2.25,
            "eps_latest_yearly": 2,
            "eps_growth_yearly": 26.39
        },
        "20232": {
            "year_quarter": 20232,
            "year": 2023,
            "quarter": 2,
            "eps": 0.31,
            "eps_growth_year": -69,
            "eps_4q": 2.91,
            "eps_4q_growth_year": -7.36,
            "roe": 1.91,
            "roe_4q": 12.690000000000001,
            "gross_profit": 917617,
            "gross_margin": 36.07,
            "gross_margin_4q_avg": 38.11,
            "net_income": 352921,
            "net_income_4q": null,
            "revenue": 2544029,
            "revenue_4q": null,
            "common_shares": 5418836,
            "book_valuer_per_share": 21.88,
            "book_valuer_per_share_4q_avg": 23.31,
            "equity": 17853605,
            "current_ratio": 201.38,
            "debt_ratio": 36.74,
            "inventory_turnover_ratio": 0.51,
            "account_receivable_turnover_ratio": 1.18,
            "reinvestment_rate": 127.72,
            "research_to_sale_ratio": 10.37,
            "price_fair": 69.09,
            "eps_avg_yearly": 2.15,
            "eps_latest_yearly": 1.24,
            "eps_growth_yearly": 22.21
        },
        "20233": {
            "year_quarter": 20233,
            "year": 2023,
            "quarter": 3,
            "eps": 0.23,
            "eps_growth_year": -82.31,
            "eps_4q": 1.84,
            "eps_4q_growth_year": -52.54,
            "roe": 1.73,
            "roe_4q": 8.969999999999999,
            "gross_profit": 726183,
            "gross_margin": 27.43,
            "gross_margin_4q_avg": 35.1,
            "net_income": 314925,
            "net_income_4q": null,
            "revenue": 2647634,
            "revenue_4q": null,
            "common_shares": 5418836,
            "book_valuer_per_share": 22.52,
            "book_valuer_per_share_4q_avg": 23.16,
            "equity": 18526167,
            "current_ratio": 213.79,
            "debt_ratio": 32.55,
            "inventory_turnover_ratio": 0.62,
            "account_receivable_turnover_ratio": 1.29,
            "reinvestment_rate": 147.05,
            "research_to_sale_ratio": 8.63,
            "price_fair": 62.58,
            "eps_avg_yearly": 2.05,
            "eps_latest_yearly": 0.92,
            "eps_growth_yearly": 20.49
        },
        "20234": {
            "year_quarter": 20234,
            "year": 2023,
            "quarter": 4,
            "eps": 0.01,
            "eps_growth_year": -98.59,
            "eps_4q": 1.05,
            "eps_4q_growth_year": -73.77,
            "roe": 0.36,
            "roe_4q": 5.97,
            "gross_profit": 613189,
            "gross_margin": 28.51,
            "gross_margin_4q_avg": 32.15,
            "net_income": 66788,
            "net_income_4q": null,
            "revenue": 2151064,
            "revenue_4q": null,
            "common_shares": 5418836,
            "book_valuer_per_share": 22.14,
            "book_valuer_per_share_4q_avg": 22.73,
            "equity": 18162593,
            "current_ratio": 186.7,
            "debt_ratio": 31.28,
            "inventory_turnover_ratio": 0.53,
            "account_receivable_turnover_ratio": 1.23,
            "reinvestment_rate": 127.87,
            "research_to_sale_ratio": 9.34,
            "price_fair": 52.91,
            "eps_avg_yearly": 2.02,
            "eps_latest_yearly": 0.04,
            "eps_growth_yearly": 16.16
        }
    },
    "months": {
        "2002-05": {
            "month": "2002-05",
            "price": "16.10",
            "revenue": 102629
        },
        "2002-06": {
            "month": "2002-06",
            "price": "15.60",
            "revenue": 105844
        },
        "2002-07": {
            "month": "2002-07",
            "price": "12.97",
            "revenue": 102650
        },
        "2002-08": {
            "month": "2002-08",
            "price": "11.94",
            "revenue": 98223
        },
        "2002-09": {
            "month": "2002-09",
            "price": "10.70",
            "revenue": 99147
        },
        "2002-10": {
            "month": "2002-10",
            "price": "9.25",
            "revenue": 76268
        },
        "2002-11": {
            "month": "2002-11",
            "price": "8.13",
            "revenue": 69035
        },
        "2002-12": {
            "month": "2002-12",
            "price": "8.10",
            "revenue": 73538
        },
        "2003-01": {
            "month": "2003-01",
            "price": "10.10",
            "revenue": 85312
        },
        "2003-02": {
            "month": "2003-02",
            "price": "10.58",
            "revenue": 96435
        },
        "2003-03": {
            "month": "2003-03",
            "price": "10.94",
            "revenue": 108359
        },
        "2003-04": {
            "month": "2003-04",
            "price": "11.42",
            "revenue": 110221
        },
        "2003-05": {
            "month": "2003-05",
            "price": "11.98",
            "revenue": 123890
        },
        "2003-06": {
            "month": "2003-06",
            "price": "14.14",
            "revenue": 118358
        },
        "2003-07": {
            "month": "2003-07",
            "price": "13.68",
            "revenue": 106196
        },
        "2003-08": {
            "month": "2003-08",
            "price": "12.88",
            "revenue": 113145
        },
        "2003-09": {
            "month": "2003-09",
            "price": "11.96",
            "revenue": 104664
        },
        "2003-10": {
            "month": "2003-10",
            "price": "12.10",
            "revenue": 112632
        },
        "2003-11": {
            "month": "2003-11",
            "price": "12.96",
            "revenue": 115181
        },
        "2003-12": {
            "month": "2003-12",
            "price": "13.28",
            "revenue": 129337
        },
        "2004-01": {
            "month": "2004-01",
            "price": "14.29",
            "revenue": 117873
        },
        "2004-02": {
            "month": "2004-02",
            "price": "16.46",
            "revenue": 122024
        },
        "2004-03": {
            "month": "2004-03",
            "price": "17.35",
            "revenue": 123564
        },
        "2004-04": {
            "month": "2004-04",
            "price": "17.75",
            "revenue": 121568
        },
        "2004-05": {
            "month": "2004-05",
            "price": "16.13",
            "revenue": 124352
        },
        "2004-06": {
            "month": "2004-06",
            "price": "15.36",
            "revenue": 127224
        },
        "2004-07": {
            "month": "2004-07",
            "price": "14.39",
            "revenue": 126191
        },
        "2004-08": {
            "month": "2004-08",
            "price": "14.26",
            "revenue": 129910
        },
        "2004-09": {
            "month": "2004-09",
            "price": "13.76",
            "revenue": 119252
        },
        "2004-10": {
            "month": "2004-10",
            "price": "13.35",
            "revenue": 146391
        },
        "2004-11": {
            "month": "2004-11",
            "price": "12.67",
            "revenue": 140540
        },
        "2004-12": {
            "month": "2004-12",
            "price": "12.65",
            "revenue": 134488
        },
        "2005-01": {
            "month": "2005-01",
            "price": "12.58",
            "revenue": 127037
        },
        "2005-02": {
            "month": "2005-02",
            "price": "12.68",
            "revenue": 128485
        },
        "2005-03": {
            "month": "2005-03",
            "price": "13.70",
            "revenue": 126228
        },
        "2005-04": {
            "month": "2005-04",
            "price": "18.32",
            "revenue": 138128
        },
        "2005-05": {
            "month": "2005-05",
            "price": "16.79",
            "revenue": 157351
        },
        "2005-06": {
            "month": "2005-06",
            "price": "20.30",
            "revenue": 164900
        },
        "2005-07": {
            "month": "2005-07",
            "price": "29.99",
            "revenue": 170417
        },
        "2005-08": {
            "month": "2005-08",
            "price": "33.50",
            "revenue": 182562
        },
        "2005-09": {
            "month": "2005-09",
            "price": "26.38",
            "revenue": 188362
        },
        "2005-10": {
            "month": "2005-10",
            "price": "23.98",
            "revenue": 218300
        },
        "2005-11": {
            "month": "2005-11",
            "price": "25.21",
            "revenue": 239462
        },
        "2005-12": {
            "month": "2005-12",
            "price": "31.54",
            "revenue": 245953
        },
        "2006-01": {
            "month": "2006-01",
            "price": "33.40",
            "revenue": 237107
        },
        "2006-02": {
            "month": "2006-02",
            "price": "32.70",
            "revenue": 239431
        },
        "2006-03": {
            "month": "2006-03",
            "price": "31.52",
            "revenue": 252658
        },
        "2006-04": {
            "month": "2006-04",
            "price": "44.17",
            "revenue": 266971
        },
        "2006-05": {
            "month": "2006-05",
            "price": "47.95",
            "revenue": 302261
        },
        "2006-06": {
            "month": "2006-06",
            "price": "39.71",
            "revenue": 319656
        },
        "2006-07": {
            "month": "2006-07",
            "price": "44.37",
            "revenue": 328497
        },
        "2006-08": {
            "month": "2006-08",
            "price": "60.81",
            "revenue": 339114
        },
        "2006-09": {
            "month": "2006-09",
            "price": "54.91",
            "revenue": 353939
        },
        "2006-10": {
            "month": "2006-10",
            "price": "55.62",
            "revenue": 366932
        },
        "2006-11": {
            "month": "2006-11",
            "price": "66.11",
            "revenue": 384453
        },
        "2006-12": {
            "month": "2006-12",
            "price": "63.85",
            "revenue": 398458
        },
        "2007-01": {
            "month": "2007-01",
            "price": "74.72",
            "revenue": 402071
        },
        "2007-02": {
            "month": "2007-02",
            "price": "86.62",
            "revenue": 408230
        },
        "2007-03": {
            "month": "2007-03",
            "price": "93.03",
            "revenue": 414365
        },
        "2007-04": {
            "month": "2007-04",
            "price": "105.54",
            "revenue": 424122
        },
        "2007-05": {
            "month": "2007-05",
            "price": "106.77",
            "revenue": 437582
        },
        "2007-06": {
            "month": "2007-06",
            "price": "124.50",
            "revenue": 444893
        },
        "2007-07": {
            "month": "2007-07",
            "price": "204.82",
            "revenue": 448402
        },
        "2007-08": {
            "month": "2007-08",
            "price": "199.35",
            "revenue": 451459
        },
        "2007-09": {
            "month": "2007-09",
            "price": "218.42",
            "revenue": 455225
        },
        "2007-10": {
            "month": "2007-10",
            "price": "209.43",
            "revenue": 461316
        },
        "2007-11": {
            "month": "2007-11",
            "price": "164.98",
            "revenue": 469361
        },
        "2007-12": {
            "month": "2007-12",
            "price": "167.88",
            "revenue": 477260
        },
        "2008-01": {
            "month": "2008-01",
            "price": "149.84",
            "revenue": 481321
        },
        "2008-02": {
            "month": "2008-02",
            "price": "115.19",
            "revenue": 483754
        },
        "2008-03": {
            "month": "2008-03",
            "price": "128.55",
            "revenue": 491473
        },
        "2008-04": {
            "month": "2008-04",
            "price": "138.55",
            "revenue": 496524
        },
        "2008-05": {
            "month": "2008-05",
            "price": "157.86",
            "revenue": 506317
        },
        "2008-06": {
            "month": "2008-06",
            "price": "133.07",
            "revenue": 508732
        },
        "2008-07": {
            "month": "2008-07",
            "price": "116.86",
            "revenue": 521277
        },
        "2008-08": {
            "month": "2008-08",
            "price": "106.62",
            "revenue": 527890
        },
        "2008-09": {
            "month": "2008-09",
            "price": "78.48",
            "revenue": 541852
        },
        "2008-10": {
            "month": "2008-10",
            "price": "65.14",
            "revenue": 542750
        },
        "2008-11": {
            "month": "2008-11",
            "price": "49.08",
            "revenue": 544319
        },
        "2008-12": {
            "month": "2008-12",
            "price": "40.54",
            "revenue": 302440
        },
        "2009-01": {
            "month": "2009-01",
            "price": "42.02",
            "revenue": 211959
        },
        "2009-02": {
            "month": "2009-02",
            "price": "41.77",
            "revenue": 206175
        },
        "2009-03": {
            "month": "2009-03",
            "price": "44.65",
            "revenue": 211529
        },
        "2009-04": {
            "month": "2009-04",
            "price": "52.33",
            "revenue": 223379
        },
        "2009-05": {
            "month": "2009-05",
            "price": "53.27",
            "revenue": 206941
        },
        "2009-06": {
            "month": "2009-06",
            "price": "57.37",
            "revenue": 200049
        },
        "2009-07": {
            "month": "2009-07",
            "price": "63.30",
            "revenue": 215558
        },
        "2009-08": {
            "month": "2009-08",
            "price": "57.29",
            "revenue": 228127
        },
        "2009-09": {
            "month": "2009-09",
            "price": "50.19",
            "revenue": 266228
        },
        "2009-10": {
            "month": "2009-10",
            "price": "53.96",
            "revenue": 293867
        },
        "2009-11": {
            "month": "2009-11",
            "price": "55.12",
            "revenue": 295487
        },
        "2009-12": {
            "month": "2009-12",
            "price": "59.23",
            "revenue": 278700
        },
        "2010-01": {
            "month": "2010-01",
            "price": "55.25",
            "revenue": 300341
        },
        "2010-02": {
            "month": "2010-02",
            "price": "47.73",
            "revenue": 305802
        },
        "2010-03": {
            "month": "2010-03",
            "price": "50.43",
            "revenue": 355976
        },
        "2010-04": {
            "month": "2010-04",
            "price": "52.49",
            "revenue": 350162
        },
        "2010-05": {
            "month": "2010-05",
            "price": "43.52",
            "revenue": 391513
        },
        "2010-06": {
            "month": "2010-06",
            "price": "41.49",
            "revenue": 433401
        },
        "2010-07": {
            "month": "2010-07",
            "price": "45.90",
            "revenue": 418706
        },
        "2010-08": {
            "month": "2010-08",
            "price": "50.63",
            "revenue": 457228
        },
        "2010-09": {
            "month": "2010-09",
            "price": "49.65",
            "revenue": 440516
        },
        "2010-10": {
            "month": "2010-10",
            "price": "44.85",
            "revenue": 414904
        },
        "2010-11": {
            "month": "2010-11",
            "price": "42.51",
            "revenue": 409951
        },
        "2010-12": {
            "month": "2010-12",
            "price": "42.61",
            "revenue": 415556
        },
        "2011-01": {
            "month": "2011-01",
            "price": "44.83",
            "revenue": 458037
        },
        "2011-02": {
            "month": "2011-02",
            "price": "48.51",
            "revenue": 468188
        },
        "2011-03": {
            "month": "2011-03",
            "price": "53.24",
            "revenue": 555715
        },
        "2011-04": {
            "month": "2011-04",
            "price": "49.32",
            "revenue": 585600
        },
        "2011-05": {
            "month": "2011-05",
            "price": "42.88",
            "revenue": 561843
        },
        "2011-06": {
            "month": "2011-06",
            "price": "41.57",
            "revenue": 575337
        },
        "2011-07": {
            "month": "2011-07",
            "price": "40.99",
            "revenue": 537089
        },
        "2011-08": {
            "month": "2011-08",
            "price": "30.64",
            "revenue": 538487
        },
        "2011-09": {
            "month": "2011-09",
            "price": "27.53",
            "revenue": 451367
        },
        "2011-10": {
            "month": "2011-10",
            "price": "25.84",
            "revenue": 362903
        },
        "2011-11": {
            "month": "2011-11",
            "price": "18.98",
            "revenue": 299149
        },
        "2011-12": {
            "month": "2011-12",
            "price": "17.32",
            "revenue": 305288
        },
        "2012-01": {
            "month": "2012-01",
            "price": "19.60",
            "revenue": 275427
        },
        "2012-02": {
            "month": "2012-02",
            "price": "25.62",
            "revenue": 261310
        },
        "2012-03": {
            "month": "2012-03",
            "price": "26.27",
            "revenue": 299891
        },
        "2012-04": {
            "month": "2012-04",
            "price": "22.61",
            "revenue": 402029
        },
        "2012-05": {
            "month": "2012-05",
            "price": "21.85",
            "revenue": 440972
        },
        "2012-06": {
            "month": "2012-06",
            "price": "20.09",
            "revenue": 525926
        },
        "2012-07": {
            "month": "2012-07",
            "price": "18.59",
            "revenue": 467499
        },
        "2012-08": {
            "month": "2012-08",
            "price": "15.79",
            "revenue": 467780
        },
        "2012-09": {
            "month": "2012-09",
            "price": "17.60",
            "revenue": 385868
        },
        "2012-10": {
            "month": "2012-10",
            "price": "14.50",
            "revenue": 416657
        },
        "2012-11": {
            "month": "2012-11",
            "price": "12.72",
            "revenue": 340290
        },
        "2012-12": {
            "month": "2012-12",
            "price": "14.15",
            "revenue": 308736
        },
        "2013-01": {
            "month": "2013-01",
            "price": "16.24",
            "revenue": 332728
        },
        "2013-02": {
            "month": "2013-02",
            "price": "16.51",
            "revenue": 356824
        },
        "2013-03": {
            "month": "2013-03",
            "price": "17.23",
            "revenue": 411656
        },
        "2013-04": {
            "month": "2013-04",
            "price": "16.30",
            "revenue": 507777
        },
        "2013-05": {
            "month": "2013-05",
            "price": "16.64",
            "revenue": 579042
        },
        "2013-06": {
            "month": "2013-06",
            "price": "14.85",
            "revenue": 523125
        },
        "2013-07": {
            "month": "2013-07",
            "price": "14.13",
            "revenue": 577336
        },
        "2013-08": {
            "month": "2013-08",
            "price": "12.50",
            "revenue": 513549
        },
        "2013-09": {
            "month": "2013-09",
            "price": "13.94",
            "revenue": 460302
        },
        "2013-10": {
            "month": "2013-10",
            "price": "15.90",
            "revenue": 410600
        },
        "2013-11": {
            "month": "2013-11",
            "price": "15.29",
            "revenue": 393790
        },
        "2013-12": {
            "month": "2013-12",
            "price": "15.82",
            "revenue": 394520
        },
        "2014-01": {
            "month": "2014-01",
            "price": "17.66",
            "revenue": 435504
        },
        "2014-02": {
            "month": "2014-02",
            "price": "16.65",
            "revenue": 442876
        },
        "2014-03": {
            "month": "2014-03",
            "price": "17.38",
            "revenue": 487152
        },
        "2014-04": {
            "month": "2014-04",
            "price": "16.28",
            "revenue": 509306
        },
        "2014-05": {
            "month": "2014-05",
            "price": "15.13",
            "revenue": 560382
        },
        "2014-06": {
            "month": "2014-06",
            "price": "15.27",
            "revenue": 524521
        },
        "2014-07": {
            "month": "2014-07",
            "price": "14.90",
            "revenue": 514873
        },
        "2014-08": {
            "month": "2014-08",
            "price": "13.51",
            "revenue": 531556
        },
        "2014-09": {
            "month": "2014-09",
            "price": "13.82",
            "revenue": 526572
        },
        "2014-10": {
            "month": "2014-10",
            "price": "12.48",
            "revenue": 490636
        },
        "2014-11": {
            "month": "2014-11",
            "price": "12.15",
            "revenue": 388821
        },
        "2014-12": {
            "month": "2014-12",
            "price": "13.40",
            "revenue": 332636
        },
        "2015-01": {
            "month": "2015-01",
            "price": "14.10",
            "revenue": 465061
        },
        "2015-02": {
            "month": "2015-02",
            "price": "14.72",
            "revenue": 417412
        },
        "2015-03": {
            "month": "2015-03",
            "price": "15.12",
            "revenue": 430359
        },
        "2015-04": {
            "month": "2015-04",
            "price": "13.53",
            "revenue": 473366
        },
        "2015-05": {
            "month": "2015-05",
            "price": "12.21",
            "revenue": 462947
        },
        "2015-06": {
            "month": "2015-06",
            "price": "10.91",
            "revenue": 463680
        },
        "2015-07": {
            "month": "2015-07",
            "price": "11.08",
            "revenue": 419038
        },
        "2015-08": {
            "month": "2015-08",
            "price": "9.67",
            "revenue": 464614
        },
        "2015-09": {
            "month": "2015-09",
            "price": "10.03",
            "revenue": 471162
        },
        "2015-10": {
            "month": "2015-10",
            "price": "11.02",
            "revenue": 398304
        },
        "2015-11": {
            "month": "2015-11",
            "price": "10.78",
            "revenue": 435396
        },
        "2015-12": {
            "month": "2015-12",
            "price": "13.11",
            "revenue": 426169
        },
        "2016-01": {
            "month": "2016-01",
            "price": "11.72",
            "revenue": 509899
        },
        "2016-02": {
            "month": "2016-02",
            "price": "11.99",
            "revenue": 428140
        },
        "2016-03": {
            "month": "2016-03",
            "price": "11.71",
            "revenue": 466907
        },
        "2016-04": {
            "month": "2016-04",
            "price": "10.22",
            "revenue": 480943
        },
        "2016-05": {
            "month": "2016-05",
            "price": "9.31",
            "revenue": 464630
        },
        "2016-06": {
            "month": "2016-06",
            "price": "9.72",
            "revenue": 460203
        },
        "2016-07": {
            "month": "2016-07",
            "price": "9.93",
            "revenue": 452999
        },
        "2016-08": {
            "month": "2016-08",
            "price": "9.46",
            "revenue": 449834
        },
        "2016-09": {
            "month": "2016-09",
            "price": "8.90",
            "revenue": 424341
        },
        "2016-10": {
            "month": "2016-10",
            "price": "8.90",
            "revenue": 425080
        },
        "2016-11": {
            "month": "2016-11",
            "price": "9.14",
            "revenue": 423143
        },
        "2016-12": {
            "month": "2016-12",
            "price": "11.17",
            "revenue": 408923
        },
        "2017-01": {
            "month": "2017-01",
            "price": "14.09",
            "revenue": 479355
        },
        "2017-02": {
            "month": "2017-02",
            "price": "16.19",
            "revenue": 462575
        },
        "2017-03": {
            "month": "2017-03",
            "price": "17.14",
            "revenue": 539463
        },
        "2017-04": {
            "month": "2017-04",
            "price": "19.98",
            "revenue": 502444
        },
        "2017-05": {
            "month": "2017-05",
            "price": "18.19",
            "revenue": 523696
        },
        "2017-06": {
            "month": "2017-06",
            "price": "18.85",
            "revenue": 558380
        },
        "2017-07": {
            "month": "2017-07",
            "price": "19.45",
            "revenue": 531807
        },
        "2017-08": {
            "month": "2017-08",
            "price": "20.74",
            "revenue": 578247
        },
        "2017-09": {
            "month": "2017-09",
            "price": "27.38",
            "revenue": 545852
        },
        "2017-10": {
            "month": "2017-10",
            "price": "33.02",
            "revenue": 546293
        },
        "2017-11": {
            "month": "2017-11",
            "price": "42.11",
            "revenue": 543590
        },
        "2017-12": {
            "month": "2017-12",
            "price": "40.54",
            "revenue": 588764
        },
        "2018-01": {
            "month": "2018-01",
            "price": "47.78",
            "revenue": 668051
        },
        "2018-02": {
            "month": "2018-02",
            "price": "44.91",
            "revenue": 649181
        },
        "2018-03": {
            "month": "2018-03",
            "price": "45.68",
            "revenue": 736937
        },
        "2018-04": {
            "month": "2018-04",
            "price": "45.84",
            "revenue": 695252
        },
        "2018-05": {
            "month": "2018-05",
            "price": "58.10",
            "revenue": 752662
        },
        "2018-06": {
            "month": "2018-06",
            "price": "64.21",
            "revenue": 771155
        },
        "2018-07": {
            "month": "2018-07",
            "price": "61.16",
            "revenue": 854603
        },
        "2018-08": {
            "month": "2018-08",
            "price": "52.10",
            "revenue": 864960
        },
        "2018-09": {
            "month": "2018-09",
            "price": "41.79",
            "revenue": 872680
        },
        "2018-10": {
            "month": "2018-10",
            "price": "33.46",
            "revenue": 883230
        },
        "2018-11": {
            "month": "2018-11",
            "price": "37.39",
            "revenue": 779191
        },
        "2018-12": {
            "month": "2018-12",
            "price": "38.17",
            "revenue": 692141
        },
        "2019-01": {
            "month": "2019-01",
            "price": "32.83",
            "revenue": 713482
        },
        "2019-02": {
            "month": "2019-02",
            "price": "38.40",
            "revenue": 690017
        },
        "2019-03": {
            "month": "2019-03",
            "price": "37.14",
            "revenue": 745699
        },
        "2019-04": {
            "month": "2019-04",
            "price": "38.88",
            "revenue": 661820
        },
        "2019-05": {
            "month": "2019-05",
            "price": "35.05",
            "revenue": 703703
        },
        "2019-06": {
            "month": "2019-06",
            "price": "34.56",
            "revenue": 665146
        },
        "2019-07": {
            "month": "2019-07",
            "price": "36.51",
            "revenue": 578535
        },
        "2019-08": {
            "month": "2019-08",
            "price": "32.85",
            "revenue": 592811
        },
        "2019-09": {
            "month": "2019-09",
            "price": "32.98",
            "revenue": 593098
        },
        "2019-10": {
            "month": "2019-10",
            "price": "34.65",
            "revenue": 593871
        },
        "2019-11": {
            "month": "2019-11",
            "price": "33.93",
            "revenue": 565534
        },
        "2019-12": {
            "month": "2019-12",
            "price": "35.67",
            "revenue": 553205
        },
        "2020-01": {
            "month": "2020-01",
            "price": "34.88",
            "revenue": 553407
        },
        "2020-02": {
            "month": "2020-02",
            "price": "33.66",
            "revenue": 553846
        },
        "2020-03": {
            "month": "2020-03",
            "price": "28.69",
            "revenue": 625765
        },
        "2020-04": {
            "month": "2020-04",
            "price": "29.00",
            "revenue": 611484
        },
        "2020-05": {
            "month": "2020-05",
            "price": "33.14",
            "revenue": 631059
        },
        "2020-06": {
            "month": "2020-06",
            "price": "33.70",
            "revenue": 609604
        },
        "2020-07": {
            "month": "2020-07",
            "price": "35.45",
            "revenue": 642049
        },
        "2020-08": {
            "month": "2020-08",
            "price": "35.32",
            "revenue": 605480
        },
        "2020-09": {
            "month": "2020-09",
            "price": "34.96",
            "revenue": 616112
        },
        "2020-10": {
            "month": "2020-10",
            "price": "33.83",
            "revenue": 636684
        },
        "2020-11": {
            "month": "2020-11",
            "price": "33.88",
            "revenue": 671117
        },
        "2020-12": {
            "month": "2020-12",
            "price": "42.59",
            "revenue": 648891
        },
        "2021-01": {
            "month": "2021-01",
            "price": "41.62",
            "revenue": 760192
        },
        "2021-02": {
            "month": "2021-02",
            "price": "41.80",
            "revenue": 711518
        },
        "2021-03": {
            "month": "2021-03",
            "price": "41.65",
            "revenue": 820156
        },
        "2021-04": {
            "month": "2021-04",
            "price": "50.47",
            "revenue": 821871
        },
        "2021-05": {
            "month": "2021-05",
            "price": "48.50",
            "revenue": 830131
        },
        "2021-06": {
            "month": "2021-06",
            "price": "56.61",
            "revenue": 818986
        },
        "2021-07": {
            "month": "2021-07",
            "price": "66.20",
            "revenue": 839893
        },
        "2021-08": {
            "month": "2021-08",
            "price": "65.31",
            "revenue": 879503
        },
        "2021-09": {
            "month": "2021-09",
            "price": "68.19",
            "revenue": 900817
        },
        "2021-10": {
            "month": "2021-10",
            "price": "59.64",
            "revenue": 955425
        },
        "2021-11": {
            "month": "2021-11",
            "price": "70.40",
            "revenue": 988377
        },
        "2021-12": {
            "month": "2021-12",
            "price": "83.94",
            "revenue": 991049
        },
        "2022-01": {
            "month": "2022-01",
            "price": "78.98",
            "revenue": 1019889
        },
        "2022-02": {
            "month": "2022-02",
            "price": "75.99",
            "revenue": 990837
        },
        "2022-03": {
            "month": "2022-03",
            "price": "73.00",
            "revenue": 1037730
        },
        "2022-04": {
            "month": "2022-04",
            "price": "60.33",
            "revenue": 987547
        },
        "2022-05": {
            "month": "2022-05",
            "price": "58.57",
            "revenue": 1010866
        },
        "2022-06": {
            "month": "2022-06",
            "price": "55.40",
            "revenue": 1126354
        },
        "2022-07": {
            "month": "2022-07",
            "price": "46.40",
            "revenue": 1143841
        },
        "2022-08": {
            "month": "2022-08",
            "price": "49.49",
            "revenue": 1133462
        },
        "2022-09": {
            "month": "2022-09",
            "price": "45.72",
            "revenue": 1155823
        },
        "2022-10": {
            "month": "2022-10",
            "price": "39.16",
            "revenue": 1110970
        },
        "2022-11": {
            "month": "2022-11",
            "price": "44.35",
            "revenue": 1014133
        },
        "2022-12": {
            "month": "2022-12",
            "price": "43.67",
            "revenue": 977027
        },
        "2023-01": {
            "month": "2023-01",
            "price": "42.84",
            "revenue": 905131
        },
        "2023-02": {
            "month": "2023-02",
            "price": "45.67",
            "revenue": 893986
        },
        "2023-03": {
            "month": "2023-03",
            "price": "46.90",
            "revenue": 898093
        },
        "2023-04": {
            "month": "2023-04",
            "price": "45.66",
            "revenue": 870249
        },
        "2023-05": {
            "month": "2023-05",
            "price": "43.58",
            "revenue": 870775
        },
        "2023-06": {
            "month": "2023-06",
            "price": "45.67",
            "revenue": 809080
        },
        "2023-07": {
            "month": "2023-07",
            "price": "46.04",
            "revenue": 876842
        },
        "2023-08": {
            "month": "2023-08",
            "price": "41.41",
            "revenue": 863229
        },
        "2023-09": {
            "month": "2023-09",
            "price": "44.86",
            "revenue": 895655
        },
        "2023-10": {
            "month": "2023-10",
            "price": "45.66",
            "revenue": 725149
        },
        "2023-11": {
            "month": "2023-11",
            "price": "43.81",
            "revenue": 709663
        },
        "2023-12": {
            "month": "2023-12",
            "price": "44.93",
            "revenue": 681572
        }
    }
}
