{
    "summary": {
        "stock_name": "關貿",
        "stock_id": "6183",
        "category": "資訊服務",
        "main_business": "電子資料交換服務<br>專案承包<br>設備設施管理",
        "website_url": "http://www.trade-van.com/",
        "ceo": "高國峰",
        "pe_ratio": 25,
        "report_year_from": 2001,
        "report_year_to": 2023,
        "age": 22,
        "eps_negative_percentage": 0,
        "eps_growth_avg": {
            "last_all": 7.61,
            "last_2y": 16.79,
            "last_4y": 12.93,
            "last_8y": 10.63,
            "last_12y": 14.5,
            "last_16y": 12.69,
            "last_20y": 7.61,
            "at_2006_last_3y": 5.14,
            "at_2007_last_3y": -0.27,
            "at_2008_last_3y": 10.22,
            "at_2009_last_3y": 6.78,
            "at_2010_last_3y": 12.17,
            "at_2011_last_3y": 14.42,
            "at_2012_last_3y": 18.25,
            "at_2013_last_3y": 23.22,
            "at_2014_last_3y": 4.67,
            "at_2015_last_3y": 3.13,
            "at_2016_last_3y": -0.72,
            "at_2017_last_3y": 7.75,
            "at_2018_last_3y": 10.06,
            "at_2019_last_3y": 12.67,
            "at_2020_last_3y": 13.57,
            "at_2021_last_3y": 13.96,
            "at_2022_last_3y": 13.66,
            "at_2023_last_3y": 13.66,
            "at_2006_last_all": -0.49,
            "at_2007_last_all": -1.91,
            "at_2008_last_all": 0.13,
            "at_2009_last_all": -3.6,
            "at_2010_last_all": 5.14,
            "at_2011_last_all": 4.62,
            "at_2012_last_all": 6.72,
            "at_2013_last_all": 5.34,
            "at_2014_last_all": 4.99,
            "at_2015_last_all": 4.2,
            "at_2016_last_all": 4.74,
            "at_2017_last_all": 5.95,
            "at_2018_last_all": 6.18,
            "at_2019_last_all": 6.08,
            "at_2020_last_all": 6.59,
            "at_2021_last_all": 7.55,
            "at_2022_last_all": 7.61,
            "at_2023_last_all": 7.61
        },
        "latest_eps": 2.67,
        "latest_price": 66.5,
        "latest_roe": 15.76,
        "latest_gross_margin": 43.51,
        "latest_equity": 2580192,
        "latest_revenue": 533254,
        "latest_gross_profit": 232039,
        "latest_net_income": 109251,
        "latest_debt_ratio": 22.69,
        "latest_current_ratio": 329.74,
        "latest_account_receivable_turnover_ratio": 1.19,
        "latest_inventory_turnover_ratio": 1577.04,
        "latest_reinvestment_rate": 0.33,
        "latest_research_to_sale_ratio": 0.96
    },
    "eps_dividends": {
        "1999": {
            "cash": 0.8,
            "stock": 0.8,
            "eps": 0
        },
        "2000": {
            "cash": 0,
            "stock": 1,
            "eps": 0
        },
        "2001": {
            "cash": 0.25,
            "stock": 0.25,
            "eps": 1.13
        },
        "2002": {
            "cash": 0.9,
            "stock": 0,
            "eps": 0.87
        },
        "2003": {
            "cash": 0.8,
            "stock": 0,
            "eps": 0.98
        },
        "2004": {
            "cash": 0.8,
            "stock": 0,
            "eps": 0.69
        },
        "2005": {
            "cash": 0.57,
            "stock": 0,
            "eps": 0.58
        },
        "2006": {
            "cash": 0.5,
            "stock": 0,
            "eps": 0.89
        },
        "2007": {
            "cash": 0.75,
            "stock": 0,
            "eps": 0.81
        },
        "2008": {
            "cash": 0.68,
            "stock": 0.68,
            "eps": 0.91
        },
        "2009": {
            "cash": 0.78,
            "stock": 0,
            "eps": 0.64
        },
        "2010": {
            "cash": 0.74,
            "stock": 0,
            "eps": 1.12
        },
        "2011": {
            "cash": 2.02,
            "stock": 0,
            "eps": 1.12
        },
        "2012": {
            "cash": 0,
            "stock": 0,
            "eps": 1.43
        },
        "2013": {
            "cash": 1.01,
            "stock": 0,
            "eps": 1.29
        },
        "2014": {
            "cash": 1.07,
            "stock": 0,
            "eps": 1.3
        },
        "2015": {
            "cash": 1.1,
            "stock": 0,
            "eps": 1.22
        },
        "2016": {
            "cash": 1.2,
            "stock": 0,
            "eps": 1.37
        },
        "2017": {
            "cash": 1.22,
            "stock": 0,
            "eps": 1.7
        },
        "2018": {
            "cash": 1.5,
            "stock": 0,
            "eps": 1.87
        },
        "2019": {
            "cash": 1.66,
            "stock": 0,
            "eps": 1.95
        },
        "2020": {
            "cash": 1.75,
            "stock": 0,
            "eps": 2.26
        },
        "2021": {
            "cash": 1.81,
            "stock": 0,
            "eps": 2.84
        },
        "2022": {
            "cash": 2.05,
            "stock": 0,
            "eps": 3.09
        },
        "2023": {
            "cash": 2.5,
            "stock": 0,
            "eps": 0.73
        }
    },
    "dividends": {
        "1999-06-17": {
            "cash": 0.8,
            "stock": 0.8
        },
        "2000-05-25": {
            "cash": 0,
            "stock": 1
        },
        "2001-06-27": {
            "cash": 0.25,
            "stock": 0.25
        },
        "2002-06-27": {
            "cash": 0.9,
            "stock": 0
        },
        "2003-04-02": {
            "cash": 0.8,
            "stock": 0
        },
        "2004-04-07": {
            "cash": 0.8,
            "stock": 0
        },
        "2005-04-06": {
            "cash": 0.57,
            "stock": 0
        },
        "2006-04-11": {
            "cash": 0.5,
            "stock": 0
        },
        "2007-04-13": {
            "cash": 0.75,
            "stock": 0
        },
        "2008-05-14": {
            "cash": 0.68,
            "stock": 0.68
        },
        "2009-04-01": {
            "cash": 0.78,
            "stock": 0
        },
        "2010-03-30": {
            "cash": 0.74,
            "stock": 0
        },
        "2011-01-01": {
            "cash": 1.01,
            "stock": 0
        },
        "2011-03-30": {
            "cash": 1.01,
            "stock": 0
        },
        "2013-02-21": {
            "cash": 1.01,
            "stock": 0
        },
        "2014-09-12": {
            "cash": 1.07,
            "stock": 0
        },
        "2015-09-11": {
            "cash": 1.1,
            "stock": 0
        },
        "2016-09-14": {
            "cash": 1.2,
            "stock": 0
        },
        "2017-09-15": {
            "cash": 1.22,
            "stock": 0
        },
        "2018-09-14": {
            "cash": 1.5,
            "stock": 0
        },
        "2019-09-12": {
            "cash": 1.66,
            "stock": 0
        },
        "2020-09-16": {
            "cash": 1.75,
            "stock": 0
        },
        "2021-09-17": {
            "cash": 1.81,
            "stock": 0
        },
        "2022-09-15": {
            "cash": 2.05,
            "stock": 0
        },
        "2023-02-23": {
            "cash": 2.5,
            "stock": 0
        }
    },
    "prices": {
        "200101": "無",
        "200102": "無",
        "200103": "無",
        "200104": "無",
        "200105": "無",
        "200106": "無",
        "200107": "無",
        "200108": "無",
        "200109": "無",
        "200110": "無",
        "200111": "無",
        "200112": "無",
        "200201": "無",
        "200202": "無",
        "200203": "無",
        "200204": "無",
        "200205": "17.20",
        "200206": "15.33",
        "200207": "15.05",
        "200208": "14.26",
        "200209": "13.58",
        "200210": "12.78",
        "200211": "12.84",
        "200212": "12.91",
        "200301": "12.93",
        "200302": "16.10",
        "200303": "13.43",
        "200304": "12.91",
        "200305": "11.71",
        "200306": "12.79",
        "200307": "12.91",
        "200308": "12.07",
        "200309": "11.50",
        "200310": "11.98",
        "200311": "12.62",
        "200312": "12.42",
        "200401": "13.08",
        "200402": "13.84",
        "200403": "13.33",
        "200404": "12.71",
        "200405": "11.45",
        "200406": "11.20",
        "200407": "11.10",
        "200408": "10.25",
        "200409": "10.31",
        "200410": "10.10",
        "200411": "9.48",
        "200412": "9.71",
        "200501": "10.27",
        "200502": "10.57",
        "200503": "10.48",
        "200504": "10.10",
        "200505": "9.93",
        "200506": "10.38",
        "200507": "11.63",
        "200508": "11.51",
        "200509": "10.64",
        "200510": "9.71",
        "200511": "9.33",
        "200512": "10.04",
        "200601": "10.67",
        "200602": "10.71",
        "200603": "10.61",
        "200604": "11.81",
        "200605": "11.44",
        "200606": "10.14",
        "200607": "10.09",
        "200608": "10.11",
        "200609": "10.22",
        "200610": "10.64",
        "200611": "11.56",
        "200612": "15.68",
        "200701": "15.79",
        "200702": "14.64",
        "200703": "13.70",
        "200704": "15.56",
        "200705": "15.44",
        "200706": "17.53",
        "200707": "20.49",
        "200708": "18.49",
        "200709": "18.83",
        "200710": "18.12",
        "200711": "15.66",
        "200712": "15.05",
        "200801": "15.77",
        "200802": "15.28",
        "200803": "15.61",
        "200804": "18.21",
        "200805": "18.21",
        "200806": "16.06",
        "200807": "14.39",
        "200808": "13.65",
        "200809": "12.11",
        "200810": "11.25",
        "200811": "12.54",
        "200812": "11.95",
        "200901": "11.48",
        "200902": "11.48",
        "200903": "12.61",
        "200904": "15.73",
        "200905": "15.73",
        "200906": "15.32",
        "200907": "15.79",
        "200908": "15.48",
        "200909": "16.11",
        "200910": "18.54",
        "200911": "19.77",
        "200912": "20.13",
        "201001": "19.66",
        "201002": "18.28",
        "201003": "19.60",
        "201004": "20.80",
        "201005": "21.10",
        "201006": "21.02",
        "201007": "20.07",
        "201008": "19.72",
        "201009": "18.98",
        "201010": "19.02",
        "201011": "19.15",
        "201012": "20.17",
        "201101": "19.96",
        "201102": "19.57",
        "201103": "19.20",
        "201104": "19.72",
        "201105": "19.52",
        "201106": "19.06",
        "201107": "18.16",
        "201108": "17.04",
        "201109": "17.05",
        "201110": "16.64",
        "201111": "17.05",
        "201112": "17.28",
        "201201": "17.41",
        "201202": "18.93",
        "201203": "19.50",
        "201204": "18.56",
        "201205": "18.31",
        "201206": "18.62",
        "201207": "18.82",
        "201208": "19.26",
        "201209": "20.32",
        "201210": "21.18",
        "201211": "22.13",
        "201212": "24.14",
        "201301": "23.79",
        "201302": "24.08",
        "201303": "23.68",
        "201304": "22.93",
        "201305": "23.16",
        "201306": "22.91",
        "201307": "24.60",
        "201308": "28.86",
        "201309": "26.16",
        "201310": "26.43",
        "201311": "27.74",
        "201312": "31.55",
        "201401": "30.54",
        "201402": "30.38",
        "201403": "29.09",
        "201404": "27.90",
        "201405": "26.16",
        "201406": "27.65",
        "201407": "27.26",
        "201408": "27.01",
        "201409": "27.95",
        "201410": "26.73",
        "201411": "26.34",
        "201412": "27.06",
        "201501": "27.75",
        "201502": "27.35",
        "201503": "27.41",
        "201504": "27.32",
        "201505": "27.30",
        "201506": "26.48",
        "201507": "25.66",
        "201508": "24.74",
        "201509": "24.26",
        "201510": "25.35",
        "201511": "25.83",
        "201512": "26.03",
        "201601": "25.32",
        "201602": "25.53",
        "201603": "26.18",
        "201604": "26.58",
        "201605": "26.14",
        "201606": "26.21",
        "201607": "26.35",
        "201608": "26.92",
        "201609": "25.95",
        "201610": "26.14",
        "201611": "25.72",
        "201612": "25.65",
        "201701": "26.26",
        "201702": "26.30",
        "201703": "27.84",
        "201704": "28.00",
        "201705": "27.75",
        "201706": "27.31",
        "201707": "27.99",
        "201708": "28.57",
        "201709": "29.05",
        "201710": "30.17",
        "201711": "30.15",
        "201712": "30.73",
        "201801": "33.75",
        "201802": "33.12",
        "201803": "32.84",
        "201804": "33.43",
        "201805": "32.85",
        "201806": "32.88",
        "201807": "32.92",
        "201808": "34.11",
        "201809": "34.04",
        "201810": "33.28",
        "201811": "32.62",
        "201812": "32.64",
        "201901": "32.73",
        "201902": "33.88",
        "201903": "35.79",
        "201904": "34.94",
        "201905": "34.31",
        "201906": "34.62",
        "201907": "35.02",
        "201908": "36.06",
        "201909": "36.55",
        "201910": "36.19",
        "201911": "36.39",
        "201912": "36.69",
        "202001": "36.87",
        "202002": "39.14",
        "202003": "38.38",
        "202004": "41.82",
        "202005": "42.06",
        "202006": "50.18",
        "202007": "49.14",
        "202008": "47.31",
        "202009": "47.85",
        "202010": "46.83",
        "202011": "46.74",
        "202012": "47.53",
        "202101": "47.52",
        "202102": "47.51",
        "202103": "48.18",
        "202104": "48.86",
        "202105": "49.09",
        "202106": "49.95",
        "202107": "50.70",
        "202108": "50.38",
        "202109": "50.46",
        "202110": "50.18",
        "202111": "50.01",
        "202112": "50.46",
        "202201": "52.17",
        "202202": "51.89",
        "202203": "52.54",
        "202204": "53.47",
        "202205": "55.16",
        "202206": "59.77",
        "202207": "60.30",
        "202208": "62.71",
        "202209": "69.35",
        "202210": "61.66",
        "202211": "57.45",
        "202212": "59.20",
        "202301": "59.81",
        "202302": "62.62",
        "202303": "64.66",
        "202304": "63.34",
        "202305": "63.50",
        "202306": "64.67"
    },
    "quarters": {
        "20011": {
            "year_quarter": 20011,
            "year": 2001,
            "quarter": 1,
            "eps": 0.49,
            "eps_growth_year": 63.33,
            "eps_4q": 0.55,
            "eps_4q_growth_year": -54.81,
            "roe": 4.46,
            "roe_4q": 4.46,
            "gross_profit": 92841,
            "gross_margin": 61.1,
            "gross_margin_4q_avg": 61.1,
            "net_income": 94103,
            "revenue": 151951,
            "common_shares": 1901635,
            "book_valuer_per_share": 11.34,
            "book_valuer_per_share_4q_avg": 11.34,
            "equity": 2156597,
            "current_ratio": 786.08,
            "debt_ratio": 9.25,
            "inventory_turnover_ratio": 17.33,
            "account_receivable_turnover_ratio": null,
            "reinvestment_rate": null,
            "research_to_sale_ratio": null,
            "price_fair": 0,
            "eps_avg_yearly": 0,
            "eps_latest_yearly": 0,
            "eps_growth_yearly": 0
        },
        "20012": {
            "year_quarter": 20012,
            "year": 2001,
            "quarter": 2,
            "eps": 0.2,
            "eps_growth_year": 122.22,
            "eps_4q": 0.65,
            "eps_4q_growth_year": -31.25,
            "roe": 1.84,
            "roe_4q": 6.3,
            "gross_profit": 109826,
            "gross_margin": 67.35,
            "gross_margin_4q_avg": 64.23,
            "net_income": 39499,
            "revenue": 163077,
            "common_shares": 1901635,
            "book_valuer_per_share": 11.3,
            "book_valuer_per_share_4q_avg": 11.32,
            "equity": 2148555,
            "current_ratio": 669.08,
            "debt_ratio": 10.94,
            "inventory_turnover_ratio": 22.55,
            "account_receivable_turnover_ratio": null,
            "reinvestment_rate": null,
            "research_to_sale_ratio": null,
            "price_fair": 0,
            "eps_avg_yearly": 0,
            "eps_latest_yearly": 0,
            "eps_growth_yearly": 0
        },
        "20013": {
            "year_quarter": 20013,
            "year": 2001,
            "quarter": 3,
            "eps": -0.15,
            "eps_growth_year": -188.24,
            "eps_4q": 0.34,
            "eps_4q_growth_year": -50.71,
            "roe": -1.35,
            "roe_4q": 4.95,
            "gross_profit": 118800,
            "gross_margin": 51.25,
            "gross_margin_4q_avg": 59.9,
            "net_income": -28836,
            "revenue": 231814,
            "common_shares": 1952426,
            "book_valuer_per_share": 10.86,
            "book_valuer_per_share_4q_avg": 11.17,
            "equity": 2119719,
            "current_ratio": 909.46,
            "debt_ratio": 8.02,
            "inventory_turnover_ratio": 86.9,
            "account_receivable_turnover_ratio": null,
            "reinvestment_rate": null,
            "research_to_sale_ratio": null,
            "price_fair": 0,
            "eps_avg_yearly": 0,
            "eps_latest_yearly": 0,
            "eps_growth_yearly": 0
        },
        "20014": {
            "year_quarter": 20014,
            "year": 2001,
            "quarter": 4,
            "eps": 0.59,
            "eps_growth_year": null,
            "eps_4q": 1.12,
            "eps_4q_growth_year": 240.04,
            "roe": 5.33,
            "roe_4q": 10.280000000000001,
            "gross_profit": 142994,
            "gross_margin": 40.34,
            "gross_margin_4q_avg": 55.01,
            "net_income": 116157,
            "revenue": 354471,
            "common_shares": 1952426,
            "book_valuer_per_share": 11.45,
            "book_valuer_per_share_4q_avg": 11.24,
            "equity": 2235876,
            "current_ratio": 757.3,
            "debt_ratio": 9.63,
            "inventory_turnover_ratio": 134.7,
            "account_receivable_turnover_ratio": null,
            "reinvestment_rate": null,
            "research_to_sale_ratio": null,
            "price_fair": 0,
            "eps_avg_yearly": 0,
            "eps_latest_yearly": 0,
            "eps_growth_yearly": 0
        },
        "20021": {
            "year_quarter": 20021,
            "year": 2002,
            "quarter": 1,
            "eps": 0.25,
            "eps_growth_year": -48.98,
            "eps_4q": 0.89,
            "eps_4q_growth_year": 61.85,
            "roe": 2.2,
            "roe_4q": 8.02,
            "gross_profit": 107079,
            "gross_margin": 64.6,
            "gross_margin_4q_avg": 55.89,
            "net_income": 49751,
            "revenue": 165759,
            "common_shares": 1952426,
            "book_valuer_per_share": 11.71,
            "book_valuer_per_share_4q_avg": 11.33,
            "equity": 2285627,
            "current_ratio": 1118.35,
            "debt_ratio": 6.61,
            "inventory_turnover_ratio": 31.9,
            "account_receivable_turnover_ratio": null,
            "reinvestment_rate": null,
            "research_to_sale_ratio": null,
            "price_fair": 3,
            "eps_avg_yearly": 1,
            "eps_latest_yearly": 1,
            "eps_growth_yearly": -230.51
        },
        "20022": {
            "year_quarter": 20022,
            "year": 2002,
            "quarter": 2,
            "eps": 0.04,
            "eps_growth_year": -80,
            "eps_4q": 0.71,
            "eps_4q_growth_year": 8.77,
            "roe": 0.37,
            "roe_4q": 6.550000000000001,
            "gross_profit": 123031,
            "gross_margin": 61.12,
            "gross_margin_4q_avg": 54.33,
            "net_income": 8216,
            "revenue": 201298,
            "common_shares": 1952426,
            "book_valuer_per_share": 10.85,
            "book_valuer_per_share_4q_avg": 11.22,
            "equity": 2118125,
            "current_ratio": 553.33,
            "debt_ratio": 13.79,
            "inventory_turnover_ratio": 36.26,
            "account_receivable_turnover_ratio": null,
            "reinvestment_rate": null,
            "research_to_sale_ratio": null,
            "price_fair": 1.74,
            "eps_avg_yearly": 0.58,
            "eps_latest_yearly": 0.16,
            "eps_growth_yearly": -283.25
        },
        "20023": {
            "year_quarter": 20023,
            "year": 2002,
            "quarter": 3,
            "eps": 0.19,
            "eps_growth_year": null,
            "eps_4q": 1.07,
            "eps_4q_growth_year": 215.05,
            "roe": 1.75,
            "roe_4q": 9.65,
            "gross_profit": 124099,
            "gross_margin": 51.98,
            "gross_margin_4q_avg": 54.51,
            "net_income": 37432,
            "revenue": 238723,
            "common_shares": 1968141,
            "book_valuer_per_share": 10.95,
            "book_valuer_per_share_4q_avg": 11.24,
            "equity": 2155558,
            "current_ratio": 1407.75,
            "debt_ratio": 5.54,
            "inventory_turnover_ratio": 47.17,
            "account_receivable_turnover_ratio": null,
            "reinvestment_rate": null,
            "research_to_sale_ratio": null,
            "price_fair": 22.4,
            "eps_avg_yearly": 0.64,
            "eps_latest_yearly": 0.76,
            "eps_growth_yearly": 311.16
        },
        "20024": {
            "year_quarter": 20024,
            "year": 2002,
            "quarter": 4,
            "eps": 0.39,
            "eps_growth_year": -33.9,
            "eps_4q": 0.88,
            "eps_4q_growth_year": -21.79,
            "roe": 3.48,
            "roe_4q": 7.800000000000001,
            "gross_profit": 124058,
            "gross_margin": 60.92,
            "gross_margin_4q_avg": 59.66,
            "net_income": 76296,
            "revenue": 203648,
            "common_shares": 1968141,
            "book_valuer_per_share": 11.34,
            "book_valuer_per_share_4q_avg": 11.21,
            "equity": 2231853,
            "current_ratio": 810.96,
            "debt_ratio": 9.09,
            "inventory_turnover_ratio": 29.61,
            "account_receivable_turnover_ratio": null,
            "reinvestment_rate": 44.06,
            "research_to_sale_ratio": null,
            "price_fair": 30.45,
            "eps_avg_yearly": 0.87,
            "eps_latest_yearly": 1.56,
            "eps_growth_yearly": 338.64
        },
        "20031": {
            "year_quarter": 20031,
            "year": 2003,
            "quarter": 1,
            "eps": 0.1,
            "eps_growth_year": -60,
            "eps_4q": 0.7,
            "eps_4q_growth_year": -21.39,
            "roe": 0.91,
            "roe_4q": 6.51,
            "gross_profit": 80226,
            "gross_margin": 54.47,
            "gross_margin_4q_avg": 57.12,
            "net_income": 20411,
            "revenue": 147284,
            "common_shares": 1968141,
            "book_valuer_per_share": 11.44,
            "book_valuer_per_share_4q_avg": 11.15,
            "equity": 2252264,
            "current_ratio": 1245.46,
            "debt_ratio": 6.24,
            "inventory_turnover_ratio": 22.75,
            "account_receivable_turnover_ratio": null,
            "reinvestment_rate": 43.51,
            "research_to_sale_ratio": null,
            "price_fair": 27.16,
            "eps_avg_yearly": 0.78,
            "eps_latest_yearly": 0.4,
            "eps_growth_yearly": 211.42
        },
        "20032": {
            "year_quarter": 20032,
            "year": 2003,
            "quarter": 2,
            "eps": 0.3,
            "eps_growth_year": 650,
            "eps_4q": 0.99,
            "eps_4q_growth_year": 39.87,
            "roe": 2.65,
            "roe_4q": 8.79,
            "gross_profit": 94051,
            "gross_margin": 54.01,
            "gross_margin_4q_avg": 55.35,
            "net_income": 58375,
            "revenue": 174135,
            "common_shares": 1968141,
            "book_valuer_per_share": 10.93,
            "book_valuer_per_share_4q_avg": 11.17,
            "equity": 2151642,
            "current_ratio": 638.55,
            "debt_ratio": 11.79,
            "inventory_turnover_ratio": 27.96,
            "account_receivable_turnover_ratio": null,
            "reinvestment_rate": -12.03,
            "research_to_sale_ratio": null,
            "price_fair": 29.63,
            "eps_avg_yearly": 0.85,
            "eps_latest_yearly": 1.2,
            "eps_growth_yearly": 309.52
        },
        "20033": {
            "year_quarter": 20033,
            "year": 2003,
            "quarter": 3,
            "eps": 0.37,
            "eps_growth_year": 94.74,
            "eps_4q": 1.16,
            "eps_4q_growth_year": 7.67,
            "roe": 3.34,
            "roe_4q": 10.38,
            "gross_profit": 82159,
            "gross_margin": 45.18,
            "gross_margin_4q_avg": 53.65,
            "net_income": 72985,
            "revenue": 181857,
            "common_shares": 1977258,
            "book_valuer_per_share": 11.25,
            "book_valuer_per_share_4q_avg": 11.24,
            "equity": 2224627,
            "current_ratio": 704.57,
            "debt_ratio": 10.21,
            "inventory_turnover_ratio": 35.15,
            "account_receivable_turnover_ratio": null,
            "reinvestment_rate": -12.19,
            "research_to_sale_ratio": null,
            "price_fair": 32.8,
            "eps_avg_yearly": 0.94,
            "eps_latest_yearly": 1.48,
            "eps_growth_yearly": 278.63
        },
        "20034": {
            "year_quarter": 20034,
            "year": 2003,
            "quarter": 4,
            "eps": 0.21,
            "eps_growth_year": -46.15,
            "eps_4q": 0.98,
            "eps_4q_growth_year": 11.34,
            "roe": 1.85,
            "roe_4q": 8.75,
            "gross_profit": 106581,
            "gross_margin": 41.76,
            "gross_margin_4q_avg": 48.86,
            "net_income": 41543,
            "revenue": 255203,
            "common_shares": 1977258,
            "book_valuer_per_share": 11.46,
            "book_valuer_per_share_4q_avg": 11.27,
            "equity": 2266170,
            "current_ratio": 907.74,
            "debt_ratio": 8.06,
            "inventory_turnover_ratio": 71.83,
            "account_receivable_turnover_ratio": null,
            "reinvestment_rate": -5.49,
            "research_to_sale_ratio": null,
            "price_fair": 32.38,
            "eps_avg_yearly": 0.93,
            "eps_latest_yearly": 0.84,
            "eps_growth_yearly": 222.18
        },
        "20041": {
            "year_quarter": 20041,
            "year": 2004,
            "quarter": 1,
            "eps": 0.15,
            "eps_growth_year": 50,
            "eps_4q": 1.04,
            "eps_4q_growth_year": 48.59,
            "roe": 1.28,
            "roe_4q": 9.12,
            "gross_profit": 66494,
            "gross_margin": 47.16,
            "gross_margin_4q_avg": 47.03,
            "net_income": 29261,
            "revenue": 141005,
            "common_shares": 1977258,
            "book_valuer_per_share": 11.61,
            "book_valuer_per_share_4q_avg": 11.31,
            "equity": 2295431,
            "current_ratio": 1840.91,
            "debt_ratio": 4.14,
            "inventory_turnover_ratio": 57.74,
            "account_receivable_turnover_ratio": null,
            "reinvestment_rate": -7.35,
            "research_to_sale_ratio": null,
            "price_fair": 31.11,
            "eps_avg_yearly": 0.89,
            "eps_latest_yearly": 0.6,
            "eps_growth_yearly": 184.8
        },
        "20042": {
            "year_quarter": 20042,
            "year": 2004,
            "quarter": 2,
            "eps": 0.1,
            "eps_growth_year": -66.67,
            "eps_4q": 0.83,
            "eps_4q_growth_year": -15.9,
            "roe": 0.89,
            "roe_4q": 7.359999999999999,
            "gross_profit": 75142,
            "gross_margin": 48.39,
            "gross_margin_4q_avg": 45.62,
            "net_income": 19643,
            "revenue": 155287,
            "common_shares": 1977258,
            "book_valuer_per_share": 10.83,
            "book_valuer_per_share_4q_avg": 11.29,
            "equity": 2141175,
            "current_ratio": 650.36,
            "debt_ratio": 11.38,
            "inventory_turnover_ratio": 63.23,
            "account_receivable_turnover_ratio": null,
            "reinvestment_rate": -5.99,
            "research_to_sale_ratio": null,
            "price_fair": 29.4,
            "eps_avg_yearly": 0.84,
            "eps_latest_yearly": 0.4,
            "eps_growth_yearly": 152.98
        },
        "20043": {
            "year_quarter": 20043,
            "year": 2004,
            "quarter": 3,
            "eps": 0.17,
            "eps_growth_year": -54.05,
            "eps_4q": 0.62,
            "eps_4q_growth_year": -46.73,
            "roe": 1.6,
            "roe_4q": 5.620000000000001,
            "gross_profit": 70772,
            "gross_margin": 47.61,
            "gross_margin_4q_avg": 46.23,
            "net_income": 34483,
            "revenue": 148646,
            "common_shares": 1977258,
            "book_valuer_per_share": 11,
            "book_valuer_per_share_4q_avg": 11.23,
            "equity": 2175658,
            "current_ratio": 1936.56,
            "debt_ratio": 3.98,
            "inventory_turnover_ratio": 92.54,
            "account_receivable_turnover_ratio": null,
            "reinvestment_rate": -5.2,
            "research_to_sale_ratio": null,
            "price_fair": 28.89,
            "eps_avg_yearly": 0.83,
            "eps_latest_yearly": 0.68,
            "eps_growth_yearly": 164.53
        },
        "20044": {
            "year_quarter": 20044,
            "year": 2004,
            "quarter": 4,
            "eps": 0.27,
            "eps_growth_year": 28.57,
            "eps_4q": 0.69,
            "eps_4q_growth_year": -29.86,
            "roe": 2.46,
            "roe_4q": 6.23,
            "gross_profit": 115485,
            "gross_margin": 48.99,
            "gross_margin_4q_avg": 48.04,
            "net_income": 54193,
            "revenue": 235749,
            "common_shares": 1977258,
            "book_valuer_per_share": 11.28,
            "book_valuer_per_share_4q_avg": 11.18,
            "equity": 2229851,
            "current_ratio": 1016.33,
            "debt_ratio": 7.37,
            "inventory_turnover_ratio": 284.65,
            "account_receivable_turnover_ratio": null,
            "reinvestment_rate": -3.98,
            "research_to_sale_ratio": null,
            "price_fair": 29.63,
            "eps_avg_yearly": 0.85,
            "eps_latest_yearly": 1.08,
            "eps_growth_yearly": 170.43
        },
        "20051": {
            "year_quarter": 20051,
            "year": 2005,
            "quarter": 1,
            "eps": 0.13,
            "eps_growth_year": -13.33,
            "eps_4q": 0.7,
            "eps_4q_growth_year": -32.91,
            "roe": 1.11,
            "roe_4q": 6.06,
            "gross_profit": 60631,
            "gross_margin": 44.16,
            "gross_margin_4q_avg": 47.29,
            "net_income": 24911,
            "revenue": 137303,
            "common_shares": 1977258,
            "book_valuer_per_share": 11.4,
            "book_valuer_per_share_4q_avg": 11.13,
            "equity": 2254762,
            "current_ratio": 1885.18,
            "debt_ratio": 4.23,
            "inventory_turnover_ratio": 183.21,
            "account_receivable_turnover_ratio": null,
            "reinvestment_rate": -4.54,
            "research_to_sale_ratio": null,
            "price_fair": 28.75,
            "eps_avg_yearly": 0.82,
            "eps_latest_yearly": 0.52,
            "eps_growth_yearly": 141.36
        },
        "20052": {
            "year_quarter": 20052,
            "year": 2005,
            "quarter": 2,
            "eps": 0.12,
            "eps_growth_year": 20,
            "eps_4q": 0.7,
            "eps_4q_growth_year": -16.46,
            "roe": 1.08,
            "roe_4q": 6.25,
            "gross_profit": 77532,
            "gross_margin": 46.87,
            "gross_margin_4q_avg": 46.91,
            "net_income": 23703,
            "revenue": 165404,
            "common_shares": 1977258,
            "book_valuer_per_share": 10.9,
            "book_valuer_per_share_4q_avg": 11.15,
            "equity": 2154493,
            "current_ratio": 803.38,
            "debt_ratio": 9.51,
            "inventory_turnover_ratio": 212.25,
            "account_receivable_turnover_ratio": null,
            "reinvestment_rate": -3.58,
            "research_to_sale_ratio": null,
            "price_fair": 27.9,
            "eps_avg_yearly": 0.8,
            "eps_latest_yearly": 0.48,
            "eps_growth_yearly": 129.07
        },
        "20053": {
            "year_quarter": 20053,
            "year": 2005,
            "quarter": 3,
            "eps": 0.2,
            "eps_growth_year": 17.65,
            "eps_4q": 0.72,
            "eps_4q_growth_year": 16.88,
            "roe": 1.82,
            "roe_4q": 6.470000000000001,
            "gross_profit": 74713,
            "gross_margin": 46.59,
            "gross_margin_4q_avg": 46.65,
            "net_income": 39553,
            "revenue": 160355,
            "common_shares": 1977258,
            "book_valuer_per_share": 11.1,
            "book_valuer_per_share_4q_avg": 11.17,
            "equity": 2194046,
            "current_ratio": 1727.75,
            "debt_ratio": 4.62,
            "inventory_turnover_ratio": 210.16,
            "account_receivable_turnover_ratio": null,
            "reinvestment_rate": -2.24,
            "research_to_sale_ratio": null,
            "price_fair": 27.91,
            "eps_avg_yearly": 0.8,
            "eps_latest_yearly": 0.8,
            "eps_growth_yearly": 138.24
        },
        "20054": {
            "year_quarter": 20054,
            "year": 2005,
            "quarter": 4,
            "eps": 0.13,
            "eps_growth_year": -51.85,
            "eps_4q": 0.58,
            "eps_4q_growth_year": -15.01,
            "roe": 1.15,
            "roe_4q": 5.16,
            "gross_profit": 100088,
            "gross_margin": 37.91,
            "gross_margin_4q_avg": 43.88,
            "net_income": 25325,
            "revenue": 264023,
            "common_shares": 1977258,
            "book_valuer_per_share": 11.22,
            "book_valuer_per_share_4q_avg": 11.16,
            "equity": 2218860,
            "current_ratio": 704.78,
            "debt_ratio": 10.87,
            "inventory_turnover_ratio": 407.29,
            "account_receivable_turnover_ratio": null,
            "reinvestment_rate": -3.11,
            "research_to_sale_ratio": null,
            "price_fair": 27.3,
            "eps_avg_yearly": 0.78,
            "eps_latest_yearly": 0.52,
            "eps_growth_yearly": 120.85
        },
        "20061": {
            "year_quarter": 20061,
            "year": 2006,
            "quarter": 1,
            "eps": 0.15,
            "eps_growth_year": 15.38,
            "eps_4q": 0.6,
            "eps_4q_growth_year": -14.4,
            "roe": 1.34,
            "roe_4q": 5.390000000000001,
            "gross_profit": 69878,
            "gross_margin": 45.19,
            "gross_margin_4q_avg": 44.14,
            "net_income": 29849,
            "revenue": 154631,
            "common_shares": 1977258,
            "book_valuer_per_share": 11.23,
            "book_valuer_per_share_4q_avg": 11.11,
            "equity": 2219660,
            "current_ratio": 1258.96,
            "debt_ratio": 6.34,
            "inventory_turnover_ratio": 212.41,
            "account_receivable_turnover_ratio": null,
            "reinvestment_rate": -0.25,
            "research_to_sale_ratio": null,
            "price_fair": 26.43,
            "eps_avg_yearly": 0.76,
            "eps_latest_yearly": 0.6,
            "eps_growth_yearly": 139.11
        },
        "20062": {
            "year_quarter": 20062,
            "year": 2006,
            "quarter": 2,
            "eps": 0.23,
            "eps_growth_year": 91.67,
            "eps_4q": 0.71,
            "eps_4q_growth_year": 1.46,
            "roe": 2.09,
            "roe_4q": 6.4,
            "gross_profit": 90279,
            "gross_margin": 50.22,
            "gross_margin_4q_avg": 44.98,
            "net_income": 45852,
            "revenue": 179768,
            "common_shares": 1977258,
            "book_valuer_per_share": 10.94,
            "book_valuer_per_share_4q_avg": 11.12,
            "equity": 2163370,
            "current_ratio": 717.1,
            "debt_ratio": 10.88,
            "inventory_turnover_ratio": 230.94,
            "account_receivable_turnover_ratio": null,
            "reinvestment_rate": -0.42,
            "research_to_sale_ratio": null,
            "price_fair": 28.09,
            "eps_avg_yearly": 0.8,
            "eps_latest_yearly": 0.92,
            "eps_growth_yearly": 173.44
        },
        "20063": {
            "year_quarter": 20063,
            "year": 2006,
            "quarter": 3,
            "eps": 0.2,
            "eps_growth_year": 0,
            "eps_4q": 0.71,
            "eps_4q_growth_year": -0.72,
            "roe": 1.8,
            "roe_4q": 6.379999999999999,
            "gross_profit": 85524,
            "gross_margin": 48.85,
            "gross_margin_4q_avg": 45.54,
            "net_income": 39262,
            "revenue": 175063,
            "common_shares": 1977258,
            "book_valuer_per_share": 11.09,
            "book_valuer_per_share_4q_avg": 11.12,
            "equity": 2192818,
            "current_ratio": 1058.7,
            "debt_ratio": 7.6,
            "inventory_turnover_ratio": 237.5,
            "account_receivable_turnover_ratio": null,
            "reinvestment_rate": 0.04,
            "research_to_sale_ratio": null,
            "price_fair": 28.18,
            "eps_avg_yearly": 0.81,
            "eps_latest_yearly": 0.8,
            "eps_growth_yearly": 76.43
        },
        "20064": {
            "year_quarter": 20064,
            "year": 2006,
            "quarter": 4,
            "eps": 0.31,
            "eps_growth_year": 138.46,
            "eps_4q": 0.89,
            "eps_4q_growth_year": 53.59,
            "roe": 2.74,
            "roe_4q": 7.97,
            "gross_profit": 104496,
            "gross_margin": 48.02,
            "gross_margin_4q_avg": 48.07,
            "net_income": 60944,
            "revenue": 217596,
            "common_shares": 1977258,
            "book_valuer_per_share": 11.39,
            "book_valuer_per_share_4q_avg": 11.16,
            "equity": 2252066,
            "current_ratio": 804.53,
            "debt_ratio": 10.05,
            "inventory_turnover_ratio": 304.03,
            "account_receivable_turnover_ratio": null,
            "reinvestment_rate": -7.41,
            "research_to_sale_ratio": null,
            "price_fair": 27.48,
            "eps_avg_yearly": 0.79,
            "eps_latest_yearly": 1.24,
            "eps_growth_yearly": 63.86
        },
        "20071": {
            "year_quarter": 20071,
            "year": 2007,
            "quarter": 1,
            "eps": 0.1,
            "eps_growth_year": -33.33,
            "eps_4q": 0.86,
            "eps_4q_growth_year": 44.17,
            "roe": 0.85,
            "roe_4q": 7.48,
            "gross_profit": 68259,
            "gross_margin": 43.08,
            "gross_margin_4q_avg": 47.54,
            "net_income": 19269,
            "revenue": 158439,
            "common_shares": 1977258,
            "book_valuer_per_share": 11.63,
            "book_valuer_per_share_4q_avg": 11.26,
            "equity": 2298722,
            "current_ratio": 1201.87,
            "debt_ratio": 6.86,
            "inventory_turnover_ratio": 246.73,
            "account_receivable_turnover_ratio": null,
            "reinvestment_rate": -7.04,
            "research_to_sale_ratio": null,
            "price_fair": 27.48,
            "eps_avg_yearly": 0.79,
            "eps_latest_yearly": 0.4,
            "eps_growth_yearly": 65.52
        },
        "20072": {
            "year_quarter": 20072,
            "year": 2007,
            "quarter": 2,
            "eps": 0.22,
            "eps_growth_year": -4.35,
            "eps_4q": 0.84,
            "eps_4q_growth_year": 19.23,
            "roe": 1.89,
            "roe_4q": 7.28,
            "gross_profit": 86736,
            "gross_margin": 44.11,
            "gross_margin_4q_avg": 46.02,
            "net_income": 42343,
            "revenue": 196654,
            "common_shares": 1977258,
            "book_valuer_per_share": 11.04,
            "book_valuer_per_share_4q_avg": 11.29,
            "equity": 2182727,
            "current_ratio": 549.19,
            "debt_ratio": 14.23,
            "inventory_turnover_ratio": 302.8,
            "account_receivable_turnover_ratio": null,
            "reinvestment_rate": -4.73,
            "research_to_sale_ratio": null,
            "price_fair": 26.78,
            "eps_avg_yearly": 0.77,
            "eps_latest_yearly": 0.88,
            "eps_growth_yearly": 45.52
        },
        "20073": {
            "year_quarter": 20073,
            "year": 2007,
            "quarter": 3,
            "eps": 0.23,
            "eps_growth_year": 15,
            "eps_4q": 0.87,
            "eps_4q_growth_year": 21.34,
            "roe": 2.01,
            "roe_4q": 7.489999999999999,
            "gross_profit": 104294,
            "gross_margin": 46.77,
            "gross_margin_4q_avg": 45.5,
            "net_income": 44241,
            "revenue": 222972,
            "common_shares": 1977258,
            "book_valuer_per_share": 11.26,
            "book_valuer_per_share_4q_avg": 11.33,
            "equity": 2226968,
            "current_ratio": 952.65,
            "debt_ratio": 8.52,
            "inventory_turnover_ratio": 326.04,
            "account_receivable_turnover_ratio": null,
            "reinvestment_rate": -4.5,
            "research_to_sale_ratio": null,
            "price_fair": 25.55,
            "eps_avg_yearly": 0.73,
            "eps_latest_yearly": 0.92,
            "eps_growth_yearly": 40.82
        },
        "20074": {
            "year_quarter": 20074,
            "year": 2007,
            "quarter": 4,
            "eps": 0.26,
            "eps_growth_year": -16.13,
            "eps_4q": 0.81,
            "eps_4q_growth_year": -9.53,
            "roe": 2.22,
            "roe_4q": 6.97,
            "gross_profit": 143443,
            "gross_margin": 41.33,
            "gross_margin_4q_avg": 43.82,
            "net_income": 50082,
            "revenue": 347027,
            "common_shares": 1977258,
            "book_valuer_per_share": 11.58,
            "book_valuer_per_share_4q_avg": 11.38,
            "equity": 2290106,
            "current_ratio": 663.9,
            "debt_ratio": 12.26,
            "inventory_turnover_ratio": 571.06,
            "account_receivable_turnover_ratio": null,
            "reinvestment_rate": -3.29,
            "research_to_sale_ratio": null,
            "price_fair": 25.99,
            "eps_avg_yearly": 0.74,
            "eps_latest_yearly": 1.04,
            "eps_growth_yearly": 54.89
        },
        "20081": {
            "year_quarter": 20081,
            "year": 2008,
            "quarter": 1,
            "eps": 0.13,
            "eps_growth_year": 30,
            "eps_4q": 0.82,
            "eps_4q_growth_year": -4.48,
            "roe": 1.12,
            "roe_4q": 7.239999999999999,
            "gross_profit": 73664,
            "gross_margin": 41.48,
            "gross_margin_4q_avg": 43.42,
            "net_income": 25765,
            "revenue": 177581,
            "common_shares": 1977258,
            "book_valuer_per_share": 11.71,
            "book_valuer_per_share_4q_avg": 11.4,
            "equity": 2315591,
            "current_ratio": 994.34,
            "debt_ratio": 8.39,
            "inventory_turnover_ratio": 296.48,
            "account_receivable_turnover_ratio": null,
            "reinvestment_rate": 0.17,
            "research_to_sale_ratio": null,
            "price_fair": 25.81,
            "eps_avg_yearly": 0.74,
            "eps_latest_yearly": 0.52,
            "eps_growth_yearly": 49.53
        },
        "20082": {
            "year_quarter": 20082,
            "year": 2008,
            "quarter": 2,
            "eps": 0.33,
            "eps_growth_year": 50,
            "eps_4q": 0.93,
            "eps_4q_growth_year": 10.49,
            "roe": 2.9,
            "roe_4q": 8.25,
            "gross_profit": 109541,
            "gross_margin": 45.79,
            "gross_margin_4q_avg": 43.84,
            "net_income": 66162,
            "revenue": 239204,
            "common_shares": 1977258,
            "book_valuer_per_share": 11.34,
            "book_valuer_per_share_4q_avg": 11.47,
            "equity": 2242013,
            "current_ratio": 558.88,
            "debt_ratio": 13.73,
            "inventory_turnover_ratio": 381.92,
            "account_receivable_turnover_ratio": null,
            "reinvestment_rate": 13.15,
            "research_to_sale_ratio": null,
            "price_fair": 27.83,
            "eps_avg_yearly": 0.8,
            "eps_latest_yearly": 1.32,
            "eps_growth_yearly": 96.33
        },
        "20083": {
            "year_quarter": 20083,
            "year": 2008,
            "quarter": 3,
            "eps": 0.18,
            "eps_growth_year": -21.74,
            "eps_4q": 0.91,
            "eps_4q_growth_year": 4.75,
            "roe": 1.55,
            "roe_4q": 7.790000000000001,
            "gross_profit": 98528,
            "gross_margin": 47.25,
            "gross_margin_4q_avg": 43.96,
            "net_income": 35096,
            "revenue": 208513,
            "common_shares": 1977258,
            "book_valuer_per_share": 11.5,
            "book_valuer_per_share_4q_avg": 11.53,
            "equity": 2273059,
            "current_ratio": 935.46,
            "debt_ratio": 8.38,
            "inventory_turnover_ratio": 338.42,
            "account_receivable_turnover_ratio": null,
            "reinvestment_rate": 10.92,
            "research_to_sale_ratio": null,
            "price_fair": 27.91,
            "eps_avg_yearly": 0.8,
            "eps_latest_yearly": 0.72,
            "eps_growth_yearly": 67.46
        },
        "20084": {
            "year_quarter": 20084,
            "year": 2008,
            "quarter": 4,
            "eps": 0.27,
            "eps_growth_year": 3.85,
            "eps_4q": 0.9,
            "eps_4q_growth_year": 11.62,
            "roe": 2.36,
            "roe_4q": 7.930000000000001,
            "gross_profit": 133109,
            "gross_margin": 44.22,
            "gross_margin_4q_avg": 44.69,
            "net_income": 54130,
            "revenue": 300984,
            "common_shares": 1977258,
            "book_valuer_per_share": 11.75,
            "book_valuer_per_share_4q_avg": 11.58,
            "equity": 2323562,
            "current_ratio": 620.03,
            "debt_ratio": 12.38,
            "inventory_turnover_ratio": 522.98,
            "account_receivable_turnover_ratio": 3.21,
            "reinvestment_rate": 10.89,
            "research_to_sale_ratio": null,
            "price_fair": 27.91,
            "eps_avg_yearly": 0.8,
            "eps_latest_yearly": 1.08,
            "eps_growth_yearly": 65.26
        },
        "20091": {
            "year_quarter": 20091,
            "year": 2009,
            "quarter": 1,
            "eps": 0.16,
            "eps_growth_year": 23.08,
            "eps_4q": 0.94,
            "eps_4q_growth_year": 14.83,
            "roe": 1.36,
            "roe_4q": 8.17,
            "gross_profit": 87651,
            "gross_margin": 45.81,
            "gross_margin_4q_avg": 45.77,
            "net_income": 31829,
            "revenue": 191354,
            "common_shares": 1977258,
            "book_valuer_per_share": 11.92,
            "book_valuer_per_share_4q_avg": 11.63,
            "equity": 2356127,
            "current_ratio": 964.65,
            "debt_ratio": 8.43,
            "inventory_turnover_ratio": 329.74,
            "account_receivable_turnover_ratio": 1.19,
            "reinvestment_rate": 12.39,
            "research_to_sale_ratio": null,
            "price_fair": 28.18,
            "eps_avg_yearly": 0.81,
            "eps_latest_yearly": 0.64,
            "eps_growth_yearly": 68.04
        },
        "20092": {
            "year_quarter": 20092,
            "year": 2009,
            "quarter": 2,
            "eps": 0.19,
            "eps_growth_year": -42.42,
            "eps_4q": 0.81,
            "eps_4q_growth_year": -12.76,
            "roe": 1.61,
            "roe_4q": 6.88,
            "gross_profit": 104241,
            "gross_margin": 48.41,
            "gross_margin_4q_avg": 46.42,
            "net_income": 37069,
            "revenue": 215349,
            "common_shares": 1977258,
            "book_valuer_per_share": 11.33,
            "book_valuer_per_share_4q_avg": 11.63,
            "equity": 2239845,
            "current_ratio": 519.39,
            "debt_ratio": 14.38,
            "inventory_turnover_ratio": 361.92,
            "account_receivable_turnover_ratio": 1.71,
            "reinvestment_rate": 8.46,
            "research_to_sale_ratio": null,
            "price_fair": 28.79,
            "eps_avg_yearly": 0.82,
            "eps_latest_yearly": 0.76,
            "eps_growth_yearly": 74.65
        },
        "20093": {
            "year_quarter": 20093,
            "year": 2009,
            "quarter": 3,
            "eps": 0.21,
            "eps_growth_year": 16.67,
            "eps_4q": 0.86,
            "eps_4q_growth_year": -5.73,
            "roe": 1.98,
            "roe_4q": 7.3100000000000005,
            "gross_profit": 109289,
            "gross_margin": 45.85,
            "gross_margin_4q_avg": 46.07,
            "net_income": 39978,
            "revenue": 238350,
            "common_shares": 1500000,
            "book_valuer_per_share": 12.05,
            "book_valuer_per_share_4q_avg": 11.76,
            "equity": 1807043,
            "current_ratio": 657.11,
            "debt_ratio": 10.68,
            "inventory_turnover_ratio": 428.77,
            "account_receivable_turnover_ratio": 1.79,
            "reinvestment_rate": 7.58,
            "research_to_sale_ratio": null,
            "price_fair": 28.88,
            "eps_avg_yearly": 0.83,
            "eps_latest_yearly": 0.84,
            "eps_growth_yearly": 60.61
        },
        "20094": {
            "year_quarter": 20094,
            "year": 2009,
            "quarter": 4,
            "eps": 0.08,
            "eps_growth_year": -70.37,
            "eps_4q": 0.82,
            "eps_4q_growth_year": -9.36,
            "roe": 0.77,
            "roe_4q": 5.720000000000001,
            "gross_profit": 118836,
            "gross_margin": 41.63,
            "gross_margin_4q_avg": 45.43,
            "net_income": 13981,
            "revenue": 285436,
            "common_shares": 1500000,
            "book_valuer_per_share": 12.12,
            "book_valuer_per_share_4q_avg": 11.86,
            "equity": 1818162,
            "current_ratio": 477.29,
            "debt_ratio": 14.38,
            "inventory_turnover_ratio": 560,
            "account_receivable_turnover_ratio": 3.25,
            "reinvestment_rate": 34.51,
            "research_to_sale_ratio": null,
            "price_fair": 28.44,
            "eps_avg_yearly": 0.81,
            "eps_latest_yearly": 0.32,
            "eps_growth_yearly": 53.89
        },
        "20101": {
            "year_quarter": 20101,
            "year": 2010,
            "quarter": 1,
            "eps": 0.2,
            "eps_growth_year": 25,
            "eps_4q": 0.81,
            "eps_4q_growth_year": -13.98,
            "roe": 1.66,
            "roe_4q": 6.0200000000000005,
            "gross_profit": 96409,
            "gross_margin": 45.99,
            "gross_margin_4q_avg": 45.47,
            "net_income": 30409,
            "revenue": 209616,
            "common_shares": 1500000,
            "book_valuer_per_share": 12.33,
            "book_valuer_per_share_4q_avg": 11.96,
            "equity": 1849249,
            "current_ratio": 767.08,
            "debt_ratio": 9.73,
            "inventory_turnover_ratio": 381.17,
            "account_receivable_turnover_ratio": 1.36,
            "reinvestment_rate": 31.81,
            "research_to_sale_ratio": 3.39,
            "price_fair": 28.88,
            "eps_avg_yearly": 0.83,
            "eps_latest_yearly": 0.8,
            "eps_growth_yearly": 87.54
        },
        "20102": {
            "year_quarter": 20102,
            "year": 2010,
            "quarter": 2,
            "eps": 0.33,
            "eps_growth_year": 75.55,
            "eps_4q": 0.9,
            "eps_4q_growth_year": 10.55,
            "roe": 2.75,
            "roe_4q": 7.16,
            "gross_profit": 115360,
            "gross_margin": 46.86,
            "gross_margin_4q_avg": 45.08,
            "net_income": 50032,
            "revenue": 246194,
            "common_shares": 1500000,
            "book_valuer_per_share": 11.92,
            "book_valuer_per_share_4q_avg": 12.11,
            "equity": 1787695,
            "current_ratio": 461.24,
            "debt_ratio": 15.44,
            "inventory_turnover_ratio": 208.5,
            "account_receivable_turnover_ratio": 1.87,
            "reinvestment_rate": 29.68,
            "research_to_sale_ratio": 3.05,
            "price_fair": 29.75,
            "eps_avg_yearly": 0.85,
            "eps_latest_yearly": 1.32,
            "eps_growth_yearly": 90.46
        },
        "20103": {
            "year_quarter": 20103,
            "year": 2010,
            "quarter": 3,
            "eps": 0.39,
            "eps_growth_year": 87.14,
            "eps_4q": 1.02,
            "eps_4q_growth_year": 19.41,
            "roe": 3.25,
            "roe_4q": 8.43,
            "gross_profit": 120350,
            "gross_margin": 44.64,
            "gross_margin_4q_avg": 44.78,
            "net_income": 58949,
            "revenue": 269612,
            "common_shares": 1500000,
            "book_valuer_per_share": 12.3,
            "book_valuer_per_share_4q_avg": 12.17,
            "equity": 1845208,
            "current_ratio": 709.06,
            "debt_ratio": 10.78,
            "inventory_turnover_ratio": 156.21,
            "account_receivable_turnover_ratio": 1.93,
            "reinvestment_rate": 27.35,
            "research_to_sale_ratio": 2.83,
            "price_fair": 31.41,
            "eps_avg_yearly": 0.9,
            "eps_latest_yearly": 1.56,
            "eps_growth_yearly": 98.26
        },
        "20104": {
            "year_quarter": 20104,
            "year": 2010,
            "quarter": 4,
            "eps": 0.2,
            "eps_growth_year": 155.08,
            "eps_4q": 1.13,
            "eps_4q_growth_year": 38.37,
            "roe": 1.65,
            "roe_4q": 9.31,
            "gross_profit": 142591,
            "gross_margin": 42.13,
            "gross_margin_4q_avg": 44.91,
            "net_income": 30609,
            "revenue": 338433,
            "common_shares": 1500000,
            "book_valuer_per_share": 12.48,
            "book_valuer_per_share_4q_avg": 12.26,
            "equity": 1872531,
            "current_ratio": 435.36,
            "debt_ratio": 16.5,
            "inventory_turnover_ratio": 172.7,
            "account_receivable_turnover_ratio": 1.86,
            "reinvestment_rate": 37.77,
            "research_to_sale_ratio": 3.65,
            "price_fair": 30.45,
            "eps_avg_yearly": 0.87,
            "eps_latest_yearly": 0.8,
            "eps_growth_yearly": 72.33
        },
        "20111": {
            "year_quarter": 20111,
            "year": 2011,
            "quarter": 1,
            "eps": 0.23,
            "eps_growth_year": 15,
            "eps_4q": 1.16,
            "eps_4q_growth_year": 43.54,
            "roe": 1.84,
            "roe_4q": 9.49,
            "gross_profit": 100090,
            "gross_margin": 48.29,
            "gross_margin_4q_avg": 45.48,
            "net_income": 34724,
            "revenue": 207284,
            "common_shares": 1500000,
            "book_valuer_per_share": 12.72,
            "book_valuer_per_share_4q_avg": 12.36,
            "equity": 1907331,
            "current_ratio": 532.38,
            "debt_ratio": 9.94,
            "inventory_turnover_ratio": 97.4,
            "account_receivable_turnover_ratio": 1.24,
            "reinvestment_rate": 98.13,
            "research_to_sale_ratio": 2.3,
            "price_fair": 31.59,
            "eps_avg_yearly": 0.9,
            "eps_latest_yearly": 0.92,
            "eps_growth_yearly": 93.02
        },
        "20112": {
            "year_quarter": 20112,
            "year": 2011,
            "quarter": 2,
            "eps": 0.35,
            "eps_growth_year": 4.12,
            "eps_4q": 1.18,
            "eps_4q_growth_year": 31.23,
            "roe": 2.8,
            "roe_4q": 9.54,
            "gross_profit": 130373,
            "gross_margin": 51.74,
            "gross_margin_4q_avg": 46.7,
            "net_income": 52091,
            "revenue": 251983,
            "common_shares": 1500000,
            "book_valuer_per_share": 12.05,
            "book_valuer_per_share_4q_avg": 12.39,
            "equity": 1808073,
            "current_ratio": 253.44,
            "debt_ratio": 18.21,
            "inventory_turnover_ratio": 151.73,
            "account_receivable_turnover_ratio": 1.8,
            "reinvestment_rate": 34.52,
            "research_to_sale_ratio": 1.83,
            "price_fair": 32.73,
            "eps_avg_yearly": 0.94,
            "eps_latest_yearly": 1.4,
            "eps_growth_yearly": 76.06
        },
        "20113": {
            "year_quarter": 20113,
            "year": 2011,
            "quarter": 3,
            "eps": 0.28,
            "eps_growth_year": -28.77,
            "eps_4q": 1.06,
            "eps_4q_growth_year": 3.94,
            "roe": 2.29,
            "roe_4q": 8.58,
            "gross_profit": 108118,
            "gross_margin": 45.71,
            "gross_margin_4q_avg": 46.97,
            "net_income": 41988,
            "revenue": 236539,
            "common_shares": 1500000,
            "book_valuer_per_share": 12.34,
            "book_valuer_per_share_4q_avg": 12.4,
            "equity": 1851325,
            "current_ratio": 356.56,
            "debt_ratio": 13.72,
            "inventory_turnover_ratio": 179.23,
            "account_receivable_turnover_ratio": 1.48,
            "reinvestment_rate": 34.77,
            "research_to_sale_ratio": 2.02,
            "price_fair": 33.16,
            "eps_avg_yearly": 0.95,
            "eps_latest_yearly": 1.12,
            "eps_growth_yearly": 69.93
        },
        "20114": {
            "year_quarter": 20114,
            "year": 2011,
            "quarter": 4,
            "eps": 0.26,
            "eps_growth_year": 27.51,
            "eps_4q": 1.12,
            "eps_4q_growth_year": -1.28,
            "roe": 2.09,
            "roe_4q": 9.02,
            "gross_profit": 138077,
            "gross_margin": 19.83,
            "gross_margin_4q_avg": 41.39,
            "net_income": 39028,
            "revenue": 696373,
            "common_shares": 1500000,
            "book_valuer_per_share": 12.59,
            "book_valuer_per_share_4q_avg": 12.43,
            "equity": 1888892,
            "current_ratio": 209.18,
            "debt_ratio": 22.89,
            "inventory_turnover_ratio": 829.56,
            "account_receivable_turnover_ratio": 1.81,
            "reinvestment_rate": 35.91,
            "research_to_sale_ratio": 1.35,
            "price_fair": 33.16,
            "eps_avg_yearly": 0.95,
            "eps_latest_yearly": 1.04,
            "eps_growth_yearly": 64.88
        },
        "20121": {
            "year_quarter": 20121,
            "year": 2012,
            "quarter": 1,
            "eps": 0.32,
            "eps_growth_year": 39.13,
            "eps_4q": 1.21,
            "eps_4q_growth_year": 3.89,
            "roe": 2.51,
            "roe_4q": 9.69,
            "gross_profit": 110872,
            "gross_margin": 33.27,
            "gross_margin_4q_avg": 37.64,
            "net_income": 47994,
            "revenue": 333226,
            "common_shares": 1500000,
            "book_valuer_per_share": 12.91,
            "book_valuer_per_share_4q_avg": 12.47,
            "equity": 1936672,
            "current_ratio": 186.81,
            "debt_ratio": 27.6,
            "inventory_turnover_ratio": 349.61,
            "account_receivable_turnover_ratio": 0.58,
            "reinvestment_rate": 38.57,
            "research_to_sale_ratio": 1.44,
            "price_fair": 34.83,
            "eps_avg_yearly": 1,
            "eps_latest_yearly": 1.28,
            "eps_growth_yearly": 83.15
        },
        "20122": {
            "year_quarter": 20122,
            "year": 2012,
            "quarter": 2,
            "eps": 0.42,
            "eps_growth_year": 21.84,
            "eps_4q": 1.28,
            "eps_4q_growth_year": 9.13,
            "roe": 3.35,
            "roe_4q": 10.239999999999998,
            "gross_profit": 136344,
            "gross_margin": 26.19,
            "gross_margin_4q_avg": 31.25,
            "net_income": 63470,
            "revenue": 520511,
            "common_shares": 1500000,
            "book_valuer_per_share": 12.33,
            "book_valuer_per_share_4q_avg": 12.54,
            "equity": 1848976,
            "current_ratio": 182,
            "debt_ratio": 27.11,
            "inventory_turnover_ratio": 611.24,
            "account_receivable_turnover_ratio": 0.9,
            "reinvestment_rate": 27.63,
            "research_to_sale_ratio": 0.78,
            "price_fair": 35.61,
            "eps_avg_yearly": 1.02,
            "eps_latest_yearly": 1.68,
            "eps_growth_yearly": 52.5
        },
        "20123": {
            "year_quarter": 20123,
            "year": 2012,
            "quarter": 3,
            "eps": 0.43,
            "eps_growth_year": 55.2,
            "eps_4q": 1.44,
            "eps_4q_growth_year": 35.28,
            "roe": 3.46,
            "roe_4q": 11.41,
            "gross_profit": 140929,
            "gross_margin": 35.07,
            "gross_margin_4q_avg": 28.59,
            "net_income": 65166,
            "revenue": 401805,
            "common_shares": 1500000,
            "book_valuer_per_share": 12.76,
            "book_valuer_per_share_4q_avg": 12.65,
            "equity": 1913418,
            "current_ratio": 252.32,
            "debt_ratio": 21.47,
            "inventory_turnover_ratio": 428.72,
            "account_receivable_turnover_ratio": 0.65,
            "reinvestment_rate": 27.35,
            "research_to_sale_ratio": 1.12,
            "price_fair": 37.8,
            "eps_avg_yearly": 1.08,
            "eps_latest_yearly": 1.72,
            "eps_growth_yearly": 64.46
        },
        "20124": {
            "year_quarter": 20124,
            "year": 2012,
            "quarter": 4,
            "eps": 0.26,
            "eps_growth_year": -0.87,
            "eps_4q": 1.44,
            "eps_4q_growth_year": 28.29,
            "roe": 2,
            "roe_4q": 11.32,
            "gross_profit": 141336,
            "gross_margin": 32.26,
            "gross_margin_4q_avg": 31.7,
            "net_income": 38688,
            "revenue": 438093,
            "common_shares": 1500000,
            "book_valuer_per_share": 13.01,
            "book_valuer_per_share_4q_avg": 12.75,
            "equity": 1951502,
            "current_ratio": 237.36,
            "debt_ratio": 23.87,
            "inventory_turnover_ratio": 518.35,
            "account_receivable_turnover_ratio": 0.67,
            "reinvestment_rate": 28.14,
            "research_to_sale_ratio": 2.07,
            "price_fair": 37.71,
            "eps_avg_yearly": 1.08,
            "eps_latest_yearly": 1.04,
            "eps_growth_yearly": 42.07
        },
        "20131": {
            "year_quarter": 20131,
            "year": 2013,
            "quarter": 1,
            "eps": 0.2,
            "eps_growth_year": -37.5,
            "eps_4q": 1.31,
            "eps_4q_growth_year": 8.79,
            "roe": 1.53,
            "roe_4q": 10.34,
            "gross_profit": 105432,
            "gross_margin": 27.26,
            "gross_margin_4q_avg": 30.2,
            "net_income": 29700,
            "revenue": 386771,
            "common_shares": 1500000,
            "book_valuer_per_share": 12.94,
            "book_valuer_per_share_4q_avg": 12.76,
            "equity": 1940527,
            "current_ratio": 273.01,
            "debt_ratio": 22.78,
            "inventory_turnover_ratio": 522.45,
            "account_receivable_turnover_ratio": 0.69,
            "reinvestment_rate": 22.18,
            "research_to_sale_ratio": 1.53,
            "price_fair": 38.06,
            "eps_avg_yearly": 1.09,
            "eps_latest_yearly": 0.8,
            "eps_growth_yearly": 46.49
        },
        "20132": {
            "year_quarter": 20132,
            "year": 2013,
            "quarter": 2,
            "eps": 0.54,
            "eps_growth_year": 27.62,
            "eps_4q": 1.43,
            "eps_4q_growth_year": 11.51,
            "roe": 4.26,
            "roe_4q": 11.25,
            "gross_profit": 157489,
            "gross_margin": 37.97,
            "gross_margin_4q_avg": 33.14,
            "net_income": 81086,
            "revenue": 414728,
            "common_shares": 1500000,
            "book_valuer_per_share": 12.47,
            "book_valuer_per_share_4q_avg": 12.8,
            "equity": 1870615,
            "current_ratio": 248.27,
            "debt_ratio": 25.6,
            "inventory_turnover_ratio": 512.43,
            "account_receivable_turnover_ratio": 0.9,
            "reinvestment_rate": 20.59,
            "research_to_sale_ratio": 1.29,
            "price_fair": 41.13,
            "eps_avg_yearly": 1.18,
            "eps_latest_yearly": 2.16,
            "eps_growth_yearly": 84.3
        },
        "20133": {
            "year_quarter": 20133,
            "year": 2013,
            "quarter": 3,
            "eps": 0.39,
            "eps_growth_year": -10.23,
            "eps_4q": 1.39,
            "eps_4q_growth_year": -3.65,
            "roe": 3.07,
            "roe_4q": 10.86,
            "gross_profit": 136234,
            "gross_margin": 43.95,
            "gross_margin_4q_avg": 35.36,
            "net_income": 58308,
            "revenue": 309984,
            "common_shares": 1500000,
            "book_valuer_per_share": 12.86,
            "book_valuer_per_share_4q_avg": 12.82,
            "equity": 1928629,
            "current_ratio": 350.16,
            "debt_ratio": 19.19,
            "inventory_turnover_ratio": 394.44,
            "account_receivable_turnover_ratio": 0.78,
            "reinvestment_rate": 19.69,
            "research_to_sale_ratio": 1.8,
            "price_fair": 42.7,
            "eps_avg_yearly": 1.22,
            "eps_latest_yearly": 1.56,
            "eps_growth_yearly": 74.73
        },
        "20134": {
            "year_quarter": 20134,
            "year": 2013,
            "quarter": 4,
            "eps": 0.16,
            "eps_growth_year": -36.52,
            "eps_4q": 1.29,
            "eps_4q_growth_year": -10.06,
            "roe": 1.26,
            "roe_4q": 10.12,
            "gross_profit": 134643,
            "gross_margin": 30.74,
            "gross_margin_4q_avg": 34.98,
            "net_income": 24558,
            "revenue": 438030,
            "common_shares": 1500000,
            "book_valuer_per_share": 13.05,
            "book_valuer_per_share_4q_avg": 12.83,
            "equity": 1957558,
            "current_ratio": 279.02,
            "debt_ratio": 23.51,
            "inventory_turnover_ratio": 745.42,
            "account_receivable_turnover_ratio": 1.17,
            "reinvestment_rate": -4.32,
            "research_to_sale_ratio": 2.46,
            "price_fair": 43.4,
            "eps_avg_yearly": 1.24,
            "eps_latest_yearly": 0.64,
            "eps_growth_yearly": 75.46
        },
        "20141": {
            "year_quarter": 20141,
            "year": 2014,
            "quarter": 1,
            "eps": 0.26,
            "eps_growth_year": 30,
            "eps_4q": 1.36,
            "eps_4q_growth_year": 3.3,
            "roe": 2,
            "roe_4q": 10.59,
            "gross_profit": 114110,
            "gross_margin": 39.82,
            "gross_margin_4q_avg": 38.12,
            "net_income": 39565,
            "revenue": 286569,
            "common_shares": 1500000,
            "book_valuer_per_share": 13.31,
            "book_valuer_per_share_4q_avg": 12.92,
            "equity": 1996796,
            "current_ratio": 343.85,
            "debt_ratio": 19.75,
            "inventory_turnover_ratio": 383.24,
            "account_receivable_turnover_ratio": 0.92,
            "reinvestment_rate": -4.45,
            "research_to_sale_ratio": 2.19,
            "price_fair": 43.93,
            "eps_avg_yearly": 1.26,
            "eps_latest_yearly": 1.04,
            "eps_growth_yearly": 53.58
        },
        "20142": {
            "year_quarter": 20142,
            "year": 2014,
            "quarter": 2,
            "eps": 0.52,
            "eps_growth_year": -3.7,
            "eps_4q": 1.34,
            "eps_4q_growth_year": -6.28,
            "roe": 4.03,
            "roe_4q": 10.36,
            "gross_profit": 155440,
            "gross_margin": 48.52,
            "gross_margin_4q_avg": 40.76,
            "net_income": 78724,
            "revenue": 320352,
            "common_shares": 1500000,
            "book_valuer_per_share": 12.76,
            "book_valuer_per_share_4q_avg": 13,
            "equity": 1914665,
            "current_ratio": 240.85,
            "debt_ratio": 26.71,
            "inventory_turnover_ratio": 332.82,
            "account_receivable_turnover_ratio": 1.73,
            "reinvestment_rate": -3.76,
            "research_to_sale_ratio": 1.82,
            "price_fair": 45.59,
            "eps_avg_yearly": 1.3,
            "eps_latest_yearly": 2.08,
            "eps_growth_yearly": 62.33
        },
        "20143": {
            "year_quarter": 20143,
            "year": 2014,
            "quarter": 3,
            "eps": 0.36,
            "eps_growth_year": -7.69,
            "eps_4q": 1.31,
            "eps_4q_growth_year": -5.41,
            "roe": 2.77,
            "roe_4q": 10.06,
            "gross_profit": 129680,
            "gross_margin": 44.52,
            "gross_margin_4q_avg": 40.9,
            "net_income": 53704,
            "revenue": 291310,
            "common_shares": 1500000,
            "book_valuer_per_share": 13.13,
            "book_valuer_per_share_4q_avg": 13.06,
            "equity": 1969096,
            "current_ratio": 321.69,
            "debt_ratio": 20.82,
            "inventory_turnover_ratio": 328.52,
            "account_receivable_turnover_ratio": 1.42,
            "reinvestment_rate": -3.82,
            "research_to_sale_ratio": 2.09,
            "price_fair": 45.33,
            "eps_avg_yearly": 1.3,
            "eps_latest_yearly": 1.44,
            "eps_growth_yearly": 50.1
        },
        "20144": {
            "year_quarter": 20144,
            "year": 2014,
            "quarter": 4,
            "eps": 0.16,
            "eps_growth_year": 0.37,
            "eps_4q": 1.31,
            "eps_4q_growth_year": 1.54,
            "roe": 1.24,
            "roe_4q": 10.04,
            "gross_profit": 129450,
            "gross_margin": 28.83,
            "gross_margin_4q_avg": 40.42,
            "net_income": 24648,
            "revenue": 449058,
            "common_shares": 1500000,
            "book_valuer_per_share": 13.28,
            "book_valuer_per_share_4q_avg": 13.12,
            "equity": 1991919,
            "current_ratio": 278.98,
            "debt_ratio": 24.75,
            "inventory_turnover_ratio": 256.71,
            "account_receivable_turnover_ratio": 2,
            "reinvestment_rate": -17.24,
            "research_to_sale_ratio": 1.97,
            "price_fair": 44.98,
            "eps_avg_yearly": 1.29,
            "eps_latest_yearly": 0.64,
            "eps_growth_yearly": 48.39
        },
        "20151": {
            "year_quarter": 20151,
            "year": 2015,
            "quarter": 1,
            "eps": 0.37,
            "eps_growth_year": 42.31,
            "eps_4q": 1.42,
            "eps_4q_growth_year": 4.76,
            "roe": 2.78,
            "roe_4q": 10.82,
            "gross_profit": 123931,
            "gross_margin": 41.61,
            "gross_margin_4q_avg": 40.87,
            "net_income": 56130,
            "revenue": 297827,
            "common_shares": 1500000,
            "book_valuer_per_share": 13.65,
            "book_valuer_per_share_4q_avg": 13.21,
            "equity": 2047721,
            "current_ratio": 361.68,
            "debt_ratio": 19.7,
            "inventory_turnover_ratio": 74.41,
            "account_receivable_turnover_ratio": 1.48,
            "reinvestment_rate": -66.84,
            "research_to_sale_ratio": 1.71,
            "price_fair": 46.2,
            "eps_avg_yearly": 1.32,
            "eps_latest_yearly": 1.48,
            "eps_growth_yearly": 77.45
        },
        "20152": {
            "year_quarter": 20152,
            "year": 2015,
            "quarter": 2,
            "eps": 0.45,
            "eps_growth_year": -13.46,
            "eps_4q": 1.35,
            "eps_4q_growth_year": 0.76,
            "roe": 3.41,
            "roe_4q": 10.2,
            "gross_profit": 144046,
            "gross_margin": 46.73,
            "gross_margin_4q_avg": 40.42,
            "net_income": 68192,
            "revenue": 308282,
            "common_shares": 1500000,
            "book_valuer_per_share": 13,
            "book_valuer_per_share_4q_avg": 13.27,
            "equity": 1950411,
            "current_ratio": 262.95,
            "debt_ratio": 25.13,
            "inventory_turnover_ratio": 73.6,
            "account_receivable_turnover_ratio": 1.69,
            "reinvestment_rate": -12.91,
            "research_to_sale_ratio": 1.68,
            "price_fair": 47.08,
            "eps_avg_yearly": 1.35,
            "eps_latest_yearly": 1.8,
            "eps_growth_yearly": 69.81
        },
        "20153": {
            "year_quarter": 20153,
            "year": 2015,
            "quarter": 3,
            "eps": 0.41,
            "eps_growth_year": 13.89,
            "eps_4q": 1.41,
            "eps_4q_growth_year": 7.26,
            "roe": 3.12,
            "roe_4q": 10.55,
            "gross_profit": 142623,
            "gross_margin": 48.08,
            "gross_margin_4q_avg": 41.31,
            "net_income": 61847,
            "revenue": 296660,
            "common_shares": 1500000,
            "book_valuer_per_share": 13.42,
            "book_valuer_per_share_4q_avg": 13.34,
            "equity": 2013587,
            "current_ratio": 346.93,
            "debt_ratio": 19.81,
            "inventory_turnover_ratio": 93.13,
            "account_receivable_turnover_ratio": 1.4,
            "reinvestment_rate": -12.56,
            "research_to_sale_ratio": 1.73,
            "price_fair": 48.21,
            "eps_avg_yearly": 1.38,
            "eps_latest_yearly": 1.64,
            "eps_growth_yearly": 72.59
        },
        "20154": {
            "year_quarter": 20154,
            "year": 2015,
            "quarter": 4,
            "eps": -0.01,
            "eps_growth_year": -106.4,
            "eps_4q": 1.23,
            "eps_4q_growth_year": -6.13,
            "roe": -0.08,
            "roe_4q": 9.23,
            "gross_profit": 108621,
            "gross_margin": 26.44,
            "gross_margin_4q_avg": 40.72,
            "net_income": -1578,
            "revenue": 410785,
            "common_shares": 1500000,
            "book_valuer_per_share": 13.37,
            "book_valuer_per_share_4q_avg": 13.36,
            "equity": 2005082,
            "current_ratio": 273.95,
            "debt_ratio": 24.28,
            "inventory_turnover_ratio": 210.05,
            "account_receivable_turnover_ratio": 1.76,
            "reinvestment_rate": -10.41,
            "research_to_sale_ratio": 2.25,
            "price_fair": 49,
            "eps_avg_yearly": 1.4,
            "eps_latest_yearly": 1.64,
            "eps_growth_yearly": 79.33
        },
        "20161": {
            "year_quarter": 20161,
            "year": 2016,
            "quarter": 1,
            "eps": 0.32,
            "eps_growth_year": -13.51,
            "eps_4q": 1.18,
            "eps_4q_growth_year": -17,
            "roe": 2.39,
            "roe_4q": 8.84,
            "gross_profit": 123778,
            "gross_margin": 42.09,
            "gross_margin_4q_avg": 40.84,
            "net_income": 48508,
            "revenue": 294055,
            "common_shares": 1500000,
            "book_valuer_per_share": 13.69,
            "book_valuer_per_share_4q_avg": 13.37,
            "equity": 2053471,
            "current_ratio": 345.69,
            "debt_ratio": 19.89,
            "inventory_turnover_ratio": 91.4,
            "account_receivable_turnover_ratio": 1.45,
            "reinvestment_rate": -16.43,
            "research_to_sale_ratio": 1.9,
            "price_fair": 49.3,
            "eps_avg_yearly": 1.41,
            "eps_latest_yearly": 1.64,
            "eps_growth_yearly": 78.41
        },
        "20162": {
            "year_quarter": 20162,
            "year": 2016,
            "quarter": 2,
            "eps": 0.38,
            "eps_growth_year": -15.56,
            "eps_4q": 1.1,
            "eps_4q_growth_year": -18.28,
            "roe": 2.83,
            "roe_4q": 8.260000000000002,
            "gross_profit": 135617,
            "gross_margin": 44.28,
            "gross_margin_4q_avg": 40.22,
            "net_income": 56361,
            "revenue": 306274,
            "common_shares": 1500000,
            "book_valuer_per_share": 12.86,
            "book_valuer_per_share_4q_avg": 13.34,
            "equity": 1933323,
            "current_ratio": 249.27,
            "debt_ratio": 26.05,
            "inventory_turnover_ratio": 78.93,
            "account_receivable_turnover_ratio": 1.66,
            "reinvestment_rate": -12.93,
            "research_to_sale_ratio": 1.8,
            "price_fair": 48.9,
            "eps_avg_yearly": 1.4,
            "eps_latest_yearly": 1.52,
            "eps_growth_yearly": 74.84
        },
        "20163": {
            "year_quarter": 20163,
            "year": 2016,
            "quarter": 3,
            "eps": 0.37,
            "eps_growth_year": -9.76,
            "eps_4q": 1.06,
            "eps_4q_growth_year": -24.4,
            "roe": 2.84,
            "roe_4q": 7.98,
            "gross_profit": 132830,
            "gross_margin": 43.64,
            "gross_margin_4q_avg": 39.11,
            "net_income": 55601,
            "revenue": 304368,
            "common_shares": 1500000,
            "book_valuer_per_share": 13.23,
            "book_valuer_per_share_4q_avg": 13.29,
            "equity": 1988042,
            "current_ratio": 353.7,
            "debt_ratio": 19.68,
            "inventory_turnover_ratio": 87.54,
            "account_receivable_turnover_ratio": 1.35,
            "reinvestment_rate": -7.46,
            "research_to_sale_ratio": 1.55,
            "price_fair": 48.3,
            "eps_avg_yearly": 1.38,
            "eps_latest_yearly": 1.48,
            "eps_growth_yearly": 73.4
        },
        "20164": {
            "year_quarter": 20164,
            "year": 2016,
            "quarter": 4,
            "eps": 0.3,
            "eps_growth_year": null,
            "eps_4q": 1.37,
            "eps_4q_growth_year": 11.62,
            "roe": 2.24,
            "roe_4q": 10.3,
            "gross_profit": 145077,
            "gross_margin": 42.26,
            "gross_margin_4q_avg": 43.07,
            "net_income": 45064,
            "revenue": 343316,
            "common_shares": 1500000,
            "book_valuer_per_share": 13.51,
            "book_valuer_per_share_4q_avg": 13.32,
            "equity": 2030438,
            "current_ratio": 335.85,
            "debt_ratio": 22.19,
            "inventory_turnover_ratio": 118.96,
            "account_receivable_turnover_ratio": 1.26,
            "reinvestment_rate": -15.55,
            "research_to_sale_ratio": 1.82,
            "price_fair": 48.7,
            "eps_avg_yearly": 1.39,
            "eps_latest_yearly": 1.2,
            "eps_growth_yearly": 79.29
        },
        "20171": {
            "year_quarter": 20171,
            "year": 2017,
            "quarter": 1,
            "eps": 0.34,
            "eps_growth_year": 6.25,
            "eps_4q": 1.39,
            "eps_4q_growth_year": 17.74,
            "roe": 2.47,
            "roe_4q": 10.38,
            "gross_profit": 130058,
            "gross_margin": 43.31,
            "gross_margin_4q_avg": 43.37,
            "net_income": 50810,
            "revenue": 300308,
            "common_shares": 1500000,
            "book_valuer_per_share": 13.85,
            "book_valuer_per_share_4q_avg": 13.36,
            "equity": 2080148,
            "current_ratio": 445.4,
            "debt_ratio": 17.9,
            "inventory_turnover_ratio": 133.9,
            "account_receivable_turnover_ratio": 1.19,
            "reinvestment_rate": -12.21,
            "research_to_sale_ratio": 1.69,
            "price_fair": 50.1,
            "eps_avg_yearly": 1.43,
            "eps_latest_yearly": 1.36,
            "eps_growth_yearly": 89.7
        },
        "20172": {
            "year_quarter": 20172,
            "year": 2017,
            "quarter": 2,
            "eps": 0.56,
            "eps_growth_year": 47.37,
            "eps_4q": 1.57,
            "eps_4q_growth_year": 42.05,
            "roe": 4,
            "roe_4q": 11.55,
            "gross_profit": 158642,
            "gross_margin": 47.29,
            "gross_margin_4q_avg": 44.13,
            "net_income": 83129,
            "revenue": 335463,
            "common_shares": 1500000,
            "book_valuer_per_share": 13.19,
            "book_valuer_per_share_4q_avg": 13.45,
            "equity": 2071773,
            "current_ratio": 312.1,
            "debt_ratio": 24.08,
            "inventory_turnover_ratio": 170.35,
            "account_receivable_turnover_ratio": 1.51,
            "reinvestment_rate": -11.79,
            "research_to_sale_ratio": 1.27,
            "price_fair": 50.3,
            "eps_avg_yearly": 1.44,
            "eps_latest_yearly": 2.24,
            "eps_growth_yearly": 59.61
        },
        "20173": {
            "year_quarter": 20173,
            "year": 2017,
            "quarter": 3,
            "eps": 0.51,
            "eps_growth_year": 37.84,
            "eps_4q": 1.71,
            "eps_4q_growth_year": 60.63,
            "roe": 3.54,
            "roe_4q": 12.25,
            "gross_profit": 157188,
            "gross_margin": 44.93,
            "gross_margin_4q_avg": 44.45,
            "net_income": 74756,
            "revenue": 349813,
            "common_shares": 1500000,
            "book_valuer_per_share": 13.7,
            "book_valuer_per_share_4q_avg": 13.56,
            "equity": 2146970,
            "current_ratio": 432.83,
            "debt_ratio": 18.03,
            "inventory_turnover_ratio": 216.31,
            "account_receivable_turnover_ratio": 1.38,
            "reinvestment_rate": -9.37,
            "research_to_sale_ratio": 1.38,
            "price_fair": 51.5,
            "eps_avg_yearly": 1.47,
            "eps_latest_yearly": 2.04,
            "eps_growth_yearly": 65
        },
        "20174": {
            "year_quarter": 20174,
            "year": 2017,
            "quarter": 4,
            "eps": 0.29,
            "eps_growth_year": -3.63,
            "eps_4q": 1.7,
            "eps_4q_growth_year": 23.45,
            "roe": 2.15,
            "roe_4q": 12.16,
            "gross_profit": 162898,
            "gross_margin": 38.89,
            "gross_margin_4q_avg": 43.61,
            "net_income": 45646,
            "revenue": 418850,
            "common_shares": 1500000,
            "book_valuer_per_share": 14,
            "book_valuer_per_share_4q_avg": 13.69,
            "equity": 2105171,
            "current_ratio": 343.66,
            "debt_ratio": 21.79,
            "inventory_turnover_ratio": 416.18,
            "account_receivable_turnover_ratio": 1.34,
            "reinvestment_rate": -9.68,
            "research_to_sale_ratio": 1.78,
            "price_fair": 52.8,
            "eps_avg_yearly": 1.51,
            "eps_latest_yearly": 1.16,
            "eps_growth_yearly": 69.52
        },
        "20181": {
            "year_quarter": 20181,
            "year": 2018,
            "quarter": 1,
            "eps": 0.53,
            "eps_growth_year": 55.88,
            "eps_4q": 1.89,
            "eps_4q_growth_year": 35.86,
            "roe": 3.71,
            "roe_4q": 13.399999999999999,
            "gross_profit": 149004,
            "gross_margin": 45.03,
            "gross_margin_4q_avg": 44.04,
            "net_income": 79551,
            "revenue": 330919,
            "common_shares": 1500000,
            "book_valuer_per_share": 14.53,
            "book_valuer_per_share_4q_avg": 13.86,
            "equity": 2184667,
            "current_ratio": 421.92,
            "debt_ratio": 17.45,
            "inventory_turnover_ratio": 564.95,
            "account_receivable_turnover_ratio": 1.03,
            "reinvestment_rate": -11.3,
            "research_to_sale_ratio": 1.68,
            "price_fair": 55.5,
            "eps_avg_yearly": 1.59,
            "eps_latest_yearly": 2.12,
            "eps_growth_yearly": 75.31
        },
        "20182": {
            "year_quarter": 20182,
            "year": 2018,
            "quarter": 2,
            "eps": 0.41,
            "eps_growth_year": -26.79,
            "eps_4q": 1.74,
            "eps_4q_growth_year": 10.95,
            "roe": 2.93,
            "roe_4q": 12.330000000000002,
            "gross_profit": 142937,
            "gross_margin": 40.87,
            "gross_margin_4q_avg": 42.43,
            "net_income": 61643,
            "revenue": 349763,
            "common_shares": 1500000,
            "book_valuer_per_share": 13.44,
            "book_valuer_per_share_4q_avg": 13.92,
            "equity": 2020916,
            "current_ratio": 247.82,
            "debt_ratio": 26.99,
            "inventory_turnover_ratio": 724.43,
            "account_receivable_turnover_ratio": 1.12,
            "reinvestment_rate": -10.06,
            "research_to_sale_ratio": 1.62,
            "price_fair": 54.4,
            "eps_avg_yearly": 1.55,
            "eps_latest_yearly": 1.64,
            "eps_growth_yearly": 40.27
        },
        "20183": {
            "year_quarter": 20183,
            "year": 2018,
            "quarter": 3,
            "eps": 0.57,
            "eps_growth_year": 11.76,
            "eps_4q": 1.8,
            "eps_4q_growth_year": 5.54,
            "roe": 4.15,
            "roe_4q": 12.94,
            "gross_profit": 185197,
            "gross_margin": 43.34,
            "gross_margin_4q_avg": 42.03,
            "net_income": 85539,
            "revenue": 427354,
            "common_shares": 1500000,
            "book_valuer_per_share": 14.01,
            "book_valuer_per_share_4q_avg": 14,
            "equity": 2105204,
            "current_ratio": 318.4,
            "debt_ratio": 21.1,
            "inventory_turnover_ratio": 1013.21,
            "account_receivable_turnover_ratio": 1.17,
            "reinvestment_rate": -4.19,
            "research_to_sale_ratio": 1.34,
            "price_fair": 56.5,
            "eps_avg_yearly": 1.61,
            "eps_latest_yearly": 2.28,
            "eps_growth_yearly": 60.21
        },
        "20184": {
            "year_quarter": 20184,
            "year": 2018,
            "quarter": 4,
            "eps": 0.36,
            "eps_growth_year": 22.64,
            "eps_4q": 1.87,
            "eps_4q_growth_year": 10.09,
            "roe": 2.5,
            "roe_4q": 13.29,
            "gross_profit": 178447,
            "gross_margin": 37.52,
            "gross_margin_4q_avg": 41.69,
            "net_income": 53292,
            "revenue": 475565,
            "common_shares": 1500000,
            "book_valuer_per_share": 14.36,
            "book_valuer_per_share_4q_avg": 14.09,
            "equity": 2158708,
            "current_ratio": 256.42,
            "debt_ratio": 25.81,
            "inventory_turnover_ratio": 1493.06,
            "account_receivable_turnover_ratio": 1.06,
            "reinvestment_rate": 10.68,
            "research_to_sale_ratio": 1.66,
            "price_fair": 58.5,
            "eps_avg_yearly": 1.67,
            "eps_latest_yearly": 1.44,
            "eps_growth_yearly": 65.56
        },
        "20191": {
            "year_quarter": 20191,
            "year": 2019,
            "quarter": 1,
            "eps": 0.39,
            "eps_growth_year": -26.42,
            "eps_4q": 1.73,
            "eps_4q_growth_year": -8.37,
            "roe": 2.69,
            "roe_4q": 12.27,
            "gross_profit": 137858,
            "gross_margin": 37.5,
            "gross_margin_4q_avg": 39.81,
            "net_income": 58910,
            "revenue": 367660,
            "common_shares": 1500000,
            "book_valuer_per_share": 14.76,
            "book_valuer_per_share_4q_avg": 14.14,
            "equity": 2214119,
            "current_ratio": 341.04,
            "debt_ratio": 20.1,
            "inventory_turnover_ratio": 1157.69,
            "account_receivable_turnover_ratio": 0.86,
            "reinvestment_rate": 10.09,
            "research_to_sale_ratio": 1.56,
            "price_fair": 58.7,
            "eps_avg_yearly": 1.68,
            "eps_latest_yearly": 1.56,
            "eps_growth_yearly": 30.44
        },
        "20192": {
            "year_quarter": 20192,
            "year": 2019,
            "quarter": 2,
            "eps": 0.58,
            "eps_growth_year": 41.46,
            "eps_4q": 1.9,
            "eps_4q_growth_year": 8.97,
            "roe": 4.07,
            "roe_4q": 13.41,
            "gross_profit": 166432,
            "gross_margin": 41.55,
            "gross_margin_4q_avg": 39.98,
            "net_income": 86681,
            "revenue": 400603,
            "common_shares": 1500000,
            "book_valuer_per_share": 13.65,
            "book_valuer_per_share_4q_avg": 14.2,
            "equity": 2047150,
            "current_ratio": 222.24,
            "debt_ratio": 28.88,
            "inventory_turnover_ratio": 1185.68,
            "account_receivable_turnover_ratio": 1.15,
            "reinvestment_rate": 8.5,
            "research_to_sale_ratio": 1.31,
            "price_fair": 60,
            "eps_avg_yearly": 1.71,
            "eps_latest_yearly": 2.32,
            "eps_growth_yearly": 38.18
        },
        "20193": {
            "year_quarter": 20193,
            "year": 2019,
            "quarter": 3,
            "eps": 0.47,
            "eps_growth_year": -17.54,
            "eps_4q": 1.8,
            "eps_4q_growth_year": -0.25,
            "roe": 3.39,
            "roe_4q": 12.65,
            "gross_profit": 158329,
            "gross_margin": 38.85,
            "gross_margin_4q_avg": 38.86,
            "net_income": 70625,
            "revenue": 407518,
            "common_shares": 1500000,
            "book_valuer_per_share": 14.11,
            "book_valuer_per_share_4q_avg": 14.22,
            "equity": 2116392,
            "current_ratio": 290.06,
            "debt_ratio": 22.62,
            "inventory_turnover_ratio": 1264.92,
            "account_receivable_turnover_ratio": 1.07,
            "reinvestment_rate": 6.87,
            "research_to_sale_ratio": 1.22,
            "price_fair": 60.6,
            "eps_avg_yearly": 1.73,
            "eps_latest_yearly": 1.88,
            "eps_growth_yearly": 35.3
        },
        "20194": {
            "year_quarter": 20194,
            "year": 2019,
            "quarter": 4,
            "eps": 0.51,
            "eps_growth_year": 44.6,
            "eps_4q": 1.96,
            "eps_4q_growth_year": 4.73,
            "roe": 3.58,
            "roe_4q": 13.73,
            "gross_profit": 199320,
            "gross_margin": 36.26,
            "gross_margin_4q_avg": 38.54,
            "net_income": 77066,
            "revenue": 549687,
            "common_shares": 1500000,
            "book_valuer_per_share": 14.62,
            "book_valuer_per_share_4q_avg": 14.29,
            "equity": 2193023,
            "current_ratio": 255.93,
            "debt_ratio": 23.97,
            "inventory_turnover_ratio": 1783.04,
            "account_receivable_turnover_ratio": 1.13,
            "reinvestment_rate": 2.49,
            "research_to_sale_ratio": 1.34,
            "price_fair": 61.32,
            "eps_avg_yearly": 1.75,
            "eps_latest_yearly": 2.04,
            "eps_growth_yearly": 35.22
        },
        "20201": {
            "year_quarter": 20201,
            "year": 2020,
            "quarter": 1,
            "eps": 0.36,
            "eps_growth_year": -7.69,
            "eps_4q": 1.92,
            "eps_4q_growth_year": 11.29,
            "roe": 2.45,
            "roe_4q": 13.49,
            "gross_profit": 147837,
            "gross_margin": 37.15,
            "gross_margin_4q_avg": 38.45,
            "net_income": 54302,
            "revenue": 397919,
            "common_shares": 1500000,
            "book_valuer_per_share": 14.98,
            "book_valuer_per_share_4q_avg": 14.34,
            "equity": 2246776,
            "current_ratio": 316.72,
            "debt_ratio": 20.22,
            "inventory_turnover_ratio": 1279.19,
            "account_receivable_turnover_ratio": 0.89,
            "reinvestment_rate": 2.03,
            "research_to_sale_ratio": 1.35,
            "price_fair": 60.64,
            "eps_avg_yearly": 1.73,
            "eps_latest_yearly": 1.44,
            "eps_growth_yearly": 25.66
        },
        "20202": {
            "year_quarter": 20202,
            "year": 2020,
            "quarter": 2,
            "eps": 0.47,
            "eps_growth_year": -18.97,
            "eps_4q": 1.81,
            "eps_4q_growth_year": -4.55,
            "roe": 3.23,
            "roe_4q": 12.65,
            "gross_profit": 160149,
            "gross_margin": 36.67,
            "gross_margin_4q_avg": 37.23,
            "net_income": 69498,
            "revenue": 436749,
            "common_shares": 1500000,
            "book_valuer_per_share": 13.69,
            "book_valuer_per_share_4q_avg": 14.35,
            "equity": 2053197,
            "current_ratio": 203.97,
            "debt_ratio": 29.29,
            "inventory_turnover_ratio": 1422.11,
            "account_receivable_turnover_ratio": 1.23,
            "reinvestment_rate": 2.26,
            "research_to_sale_ratio": 1.11,
            "price_fair": 61.43,
            "eps_avg_yearly": 1.76,
            "eps_latest_yearly": 1.88,
            "eps_growth_yearly": 28.62
        },
        "20203": {
            "year_quarter": 20203,
            "year": 2020,
            "quarter": 3,
            "eps": 0.89,
            "eps_growth_year": 89.36,
            "eps_4q": 2.23,
            "eps_4q_growth_year": 23.89,
            "roe": 6.27,
            "roe_4q": 15.53,
            "gross_profit": 253135,
            "gross_margin": 46.63,
            "gross_margin_4q_avg": 39.18,
            "net_income": 133030,
            "revenue": 542869,
            "common_shares": 1500000,
            "book_valuer_per_share": 14.58,
            "book_valuer_per_share_4q_avg": 14.47,
            "equity": 2186939,
            "current_ratio": 196.29,
            "debt_ratio": 33.39,
            "inventory_turnover_ratio": 1493.47,
            "account_receivable_turnover_ratio": 1.32,
            "reinvestment_rate": -2.15,
            "research_to_sale_ratio": 0.87,
            "price_fair": 65.98,
            "eps_avg_yearly": 1.89,
            "eps_latest_yearly": 3.56,
            "eps_growth_yearly": 51.61
        },
        "20204": {
            "year_quarter": 20204,
            "year": 2020,
            "quarter": 4,
            "eps": 0.54,
            "eps_growth_year": 4.3,
            "eps_4q": 2.25,
            "eps_4q_growth_year": 14.98,
            "roe": 3.64,
            "roe_4q": 15.59,
            "gross_profit": 196640,
            "gross_margin": 37.68,
            "gross_margin_4q_avg": 39.53,
            "net_income": 80380,
            "revenue": 521902,
            "common_shares": 1500000,
            "book_valuer_per_share": 14.9,
            "book_valuer_per_share_4q_avg": 14.54,
            "equity": 2234627,
            "current_ratio": 222,
            "debt_ratio": 29.71,
            "inventory_turnover_ratio": 1676.61,
            "account_receivable_turnover_ratio": 1.15,
            "reinvestment_rate": 5.81,
            "research_to_sale_ratio": 1.03,
            "price_fair": 68.08,
            "eps_avg_yearly": 1.95,
            "eps_latest_yearly": 2.16,
            "eps_growth_yearly": 46.51
        },
        "20211": {
            "year_quarter": 20211,
            "year": 2021,
            "quarter": 1,
            "eps": 0.82,
            "eps_growth_year": 127.78,
            "eps_4q": 2.71,
            "eps_4q_growth_year": 40.82,
            "roe": 5.38,
            "roe_4q": 18.52,
            "gross_profit": 231128,
            "gross_margin": 42.94,
            "gross_margin_4q_avg": 40.98,
            "net_income": 123611,
            "revenue": 538289,
            "common_shares": 1500000,
            "book_valuer_per_share": 15.72,
            "book_valuer_per_share_4q_avg": 14.72,
            "equity": 2358490,
            "current_ratio": 294.52,
            "debt_ratio": 23.55,
            "inventory_turnover_ratio": 1587.4,
            "account_receivable_turnover_ratio": 1.28,
            "reinvestment_rate": 5.49,
            "research_to_sale_ratio": 0.83,
            "price_fair": 72.28,
            "eps_avg_yearly": 2.07,
            "eps_latest_yearly": 3.28,
            "eps_growth_yearly": 56.14
        },
        "20212": {
            "year_quarter": 20212,
            "year": 2021,
            "quarter": 2,
            "eps": 0.64,
            "eps_growth_year": 36.17,
            "eps_4q": 2.89,
            "eps_4q_growth_year": 59.61,
            "roe": 4.25,
            "roe_4q": 19.54,
            "gross_profit": 200305,
            "gross_margin": 41.3,
            "gross_margin_4q_avg": 42.14,
            "net_income": 96300,
            "revenue": 485014,
            "common_shares": 1500000,
            "book_valuer_per_share": 14.49,
            "book_valuer_per_share_4q_avg": 14.92,
            "equity": 2173233,
            "current_ratio": 194.77,
            "debt_ratio": 33.28,
            "inventory_turnover_ratio": 1475.18,
            "account_receivable_turnover_ratio": 1.26,
            "reinvestment_rate": 8.21,
            "research_to_sale_ratio": 1.06,
            "price_fair": 72.98,
            "eps_avg_yearly": 2.09,
            "eps_latest_yearly": 2.56,
            "eps_growth_yearly": 34.48
        },
        "20213": {
            "year_quarter": 20213,
            "year": 2021,
            "quarter": 3,
            "eps": 0.62,
            "eps_growth_year": -30.34,
            "eps_4q": 2.62,
            "eps_4q_growth_year": 17.64,
            "roe": 4.17,
            "roe_4q": 17.44,
            "gross_profit": 204930,
            "gross_margin": 40.49,
            "gross_margin_4q_avg": 40.6,
            "net_income": 92488,
            "revenue": 506080,
            "common_shares": 1500000,
            "book_valuer_per_share": 15.1,
            "book_valuer_per_share_4q_avg": 15.05,
            "equity": 2265683,
            "current_ratio": 254.44,
            "debt_ratio": 25.76,
            "inventory_turnover_ratio": 1564.42,
            "account_receivable_turnover_ratio": 1.22,
            "reinvestment_rate": 8.32,
            "research_to_sale_ratio": 1.05,
            "price_fair": 73.94,
            "eps_avg_yearly": 2.11,
            "eps_latest_yearly": 2.48,
            "eps_growth_yearly": 35.93
        },
        "20214": {
            "year_quarter": 20214,
            "year": 2021,
            "quarter": 4,
            "eps": 0.76,
            "eps_growth_year": 40.91,
            "eps_4q": 2.84,
            "eps_4q_growth_year": 26.23,
            "roe": 4.92,
            "roe_4q": 18.72,
            "gross_profit": 270660,
            "gross_margin": 38.41,
            "gross_margin_4q_avg": 40.79,
            "net_income": 113263,
            "revenue": 704715,
            "common_shares": 1500000,
            "book_valuer_per_share": 15.56,
            "book_valuer_per_share_4q_avg": 15.22,
            "equity": 2333818,
            "current_ratio": 176.39,
            "debt_ratio": 39.85,
            "inventory_turnover_ratio": 2260.7,
            "account_receivable_turnover_ratio": 1.38,
            "reinvestment_rate": 9.41,
            "research_to_sale_ratio": 1,
            "price_fair": 78.05,
            "eps_avg_yearly": 2.23,
            "eps_latest_yearly": 3.04,
            "eps_growth_yearly": 52.36
        },
        "20221": {
            "year_quarter": 20221,
            "year": 2022,
            "quarter": 1,
            "eps": 1.15,
            "eps_growth_year": 40.24,
            "eps_4q": 3.16,
            "eps_4q_growth_year": 16.7,
            "roe": 7.12,
            "roe_4q": 20.46,
            "gross_profit": 303716,
            "gross_margin": 49.01,
            "gross_margin_4q_avg": 42.3,
            "net_income": 172361,
            "revenue": 619647,
            "common_shares": 1500000,
            "book_valuer_per_share": 16.72,
            "book_valuer_per_share_4q_avg": 15.47,
            "equity": 2507812,
            "current_ratio": 227.98,
            "debt_ratio": 31.16,
            "inventory_turnover_ratio": 1645.47,
            "account_receivable_turnover_ratio": 1.23,
            "reinvestment_rate": 9.78,
            "research_to_sale_ratio": 0.68,
            "price_fair": 83.48,
            "eps_avg_yearly": 2.39,
            "eps_latest_yearly": 4.6,
            "eps_growth_yearly": 44.5
        },
        "20222": {
            "year_quarter": 20222,
            "year": 2022,
            "quarter": 2,
            "eps": 0.76,
            "eps_growth_year": 18.75,
            "eps_4q": 3.29,
            "eps_4q_growth_year": 13.72,
            "roe": 4.76,
            "roe_4q": 20.97,
            "gross_profit": 229766,
            "gross_margin": 43.45,
            "gross_margin_4q_avg": 42.84,
            "net_income": 114641,
            "revenue": 528829,
            "common_shares": 1500000,
            "book_valuer_per_share": 15.39,
            "book_valuer_per_share_4q_avg": 15.69,
            "equity": 2308887,
            "current_ratio": 206.59,
            "debt_ratio": 33.02,
            "inventory_turnover_ratio": 1561.69,
            "account_receivable_turnover_ratio": 1.2,
            "reinvestment_rate": 9.73,
            "research_to_sale_ratio": 0.9,
            "price_fair": 86.54,
            "eps_avg_yearly": 2.47,
            "eps_latest_yearly": 3.04,
            "eps_growth_yearly": 41.68
        },
        "20223": {
            "year_quarter": 20223,
            "year": 2022,
            "quarter": 3,
            "eps": 0.75,
            "eps_growth_year": 20.97,
            "eps_4q": 3.41,
            "eps_4q_growth_year": 30.39,
            "roe": 4.73,
            "roe_4q": 21.53,
            "gross_profit": 220777,
            "gross_margin": 42.69,
            "gross_margin_4q_avg": 43.39,
            "net_income": 111889,
            "revenue": 517204,
            "common_shares": 1500000,
            "book_valuer_per_share": 16.14,
            "book_valuer_per_share_4q_avg": 15.95,
            "equity": 2421226,
            "current_ratio": 293.5,
            "debt_ratio": 24.08,
            "inventory_turnover_ratio": 1551.97,
            "account_receivable_turnover_ratio": 1.18,
            "reinvestment_rate": 5.78,
            "research_to_sale_ratio": 0.88,
            "price_fair": 88.11,
            "eps_avg_yearly": 2.52,
            "eps_latest_yearly": 3,
            "eps_growth_yearly": 31.59
        },
        "20224": {
            "year_quarter": 20224,
            "year": 2022,
            "quarter": 4,
            "eps": 0.43,
            "eps_growth_year": -42.43,
            "eps_4q": 3.09,
            "eps_4q_growth_year": 9.03,
            "roe": 2.67,
            "roe_4q": 19.28,
            "gross_profit": 234996,
            "gross_margin": 38.97,
            "gross_margin_4q_avg": 43.53,
            "net_income": 65202,
            "revenue": 603092,
            "common_shares": 1500000,
            "book_valuer_per_share": 16.47,
            "book_valuer_per_share_4q_avg": 16.18,
            "equity": 2470722,
            "current_ratio": 262,
            "debt_ratio": 27.75,
            "inventory_turnover_ratio": 1927.2,
            "account_receivable_turnover_ratio": 1.23,
            "reinvestment_rate": -0.22,
            "research_to_sale_ratio": 1.03,
            "price_fair": 88.73,
            "eps_avg_yearly": 2.54,
            "eps_latest_yearly": 1.72,
            "eps_growth_yearly": 30.14
        },
        "20231": {
            "year_quarter": 20231,
            "year": 2023,
            "quarter": 1,
            "eps": 0.73,
            "eps_growth_year": -36.52,
            "eps_4q": 2.67,
            "eps_4q_growth_year": -15.48,
            "roe": 4.33,
            "roe_4q": 16.490000000000002,
            "gross_profit": 232039,
            "gross_margin": 43.51,
            "gross_margin_4q_avg": 42.16,
            "net_income": 109251,
            "revenue": 533254,
            "common_shares": 1500000,
            "book_valuer_per_share": 17.2,
            "book_valuer_per_share_4q_avg": 16.3,
            "equity": 2580192,
            "current_ratio": 329.74,
            "debt_ratio": 22.69,
            "inventory_turnover_ratio": 1577.04,
            "account_receivable_turnover_ratio": 1.19,
            "reinvestment_rate": 0.33,
            "research_to_sale_ratio": 0.96,
            "price_fair": 91.7,
            "eps_avg_yearly": 2.62,
            "eps_latest_yearly": 2.92,
            "eps_growth_yearly": 45.5
        }
    },
    "months": {
        "2002-05": {
            "month": "2002-05",
            "price": "17.20",
            "revenue": 59147
        },
        "2002-06": {
            "month": "2002-06",
            "price": "15.33",
            "revenue": 69761
        },
        "2002-07": {
            "month": "2002-07",
            "price": "15.05",
            "revenue": 103360
        },
        "2002-08": {
            "month": "2002-08",
            "price": "14.26",
            "revenue": 61857
        },
        "2002-09": {
            "month": "2002-09",
            "price": "13.58",
            "revenue": 72876
        },
        "2002-10": {
            "month": "2002-10",
            "price": "12.78",
            "revenue": 61752
        },
        "2002-11": {
            "month": "2002-11",
            "price": "12.84",
            "revenue": 59632
        },
        "2002-12": {
            "month": "2002-12",
            "price": "12.91",
            "revenue": 83532
        },
        "2003-01": {
            "month": "2003-01",
            "price": "12.93",
            "revenue": 45135
        },
        "2003-02": {
            "month": "2003-02",
            "price": "16.10",
            "revenue": 45595
        },
        "2003-03": {
            "month": "2003-03",
            "price": "13.43",
            "revenue": 56555
        },
        "2003-04": {
            "month": "2003-04",
            "price": "12.91",
            "revenue": 53446
        },
        "2003-05": {
            "month": "2003-05",
            "price": "11.71",
            "revenue": 53192
        },
        "2003-06": {
            "month": "2003-06",
            "price": "12.79",
            "revenue": 55990
        },
        "2003-07": {
            "month": "2003-07",
            "price": "12.91",
            "revenue": 63670
        },
        "2003-08": {
            "month": "2003-08",
            "price": "12.07",
            "revenue": 53490
        },
        "2003-09": {
            "month": "2003-09",
            "price": "11.50",
            "revenue": 76203
        },
        "2003-10": {
            "month": "2003-10",
            "price": "11.98",
            "revenue": 62526
        },
        "2003-11": {
            "month": "2003-11",
            "price": "12.62",
            "revenue": 60451
        },
        "2003-12": {
            "month": "2003-12",
            "price": "12.42",
            "revenue": 132226
        },
        "2004-01": {
            "month": "2004-01",
            "price": "13.08",
            "revenue": 42008
        },
        "2004-02": {
            "month": "2004-02",
            "price": "13.84",
            "revenue": 44825
        },
        "2004-03": {
            "month": "2004-03",
            "price": "13.33",
            "revenue": 54172
        },
        "2004-04": {
            "month": "2004-04",
            "price": "12.71",
            "revenue": 53112
        },
        "2004-05": {
            "month": "2004-05",
            "price": "11.45",
            "revenue": 47915
        },
        "2004-06": {
            "month": "2004-06",
            "price": "11.20",
            "revenue": 54260
        },
        "2004-07": {
            "month": "2004-07",
            "price": "11.10",
            "revenue": 49308
        },
        "2004-08": {
            "month": "2004-08",
            "price": "10.25",
            "revenue": 48443
        },
        "2004-09": {
            "month": "2004-09",
            "price": "10.31",
            "revenue": 50895
        },
        "2004-10": {
            "month": "2004-10",
            "price": "10.10",
            "revenue": 50315
        },
        "2004-11": {
            "month": "2004-11",
            "price": "9.48",
            "revenue": 56127
        },
        "2004-12": {
            "month": "2004-12",
            "price": "9.71",
            "revenue": 129306
        },
        "2005-01": {
            "month": "2005-01",
            "price": "10.27",
            "revenue": 44866
        },
        "2005-02": {
            "month": "2005-02",
            "price": "10.57",
            "revenue": 45519
        },
        "2005-03": {
            "month": "2005-03",
            "price": "10.48",
            "revenue": 46918
        },
        "2005-04": {
            "month": "2005-04",
            "price": "10.10",
            "revenue": 51493
        },
        "2005-05": {
            "month": "2005-05",
            "price": "9.93",
            "revenue": 49305
        },
        "2005-06": {
            "month": "2005-06",
            "price": "10.38",
            "revenue": 64606
        },
        "2005-07": {
            "month": "2005-07",
            "price": "11.63",
            "revenue": 52869
        },
        "2005-08": {
            "month": "2005-08",
            "price": "11.51",
            "revenue": 60884
        },
        "2005-09": {
            "month": "2005-09",
            "price": "10.64",
            "revenue": 46602
        },
        "2005-10": {
            "month": "2005-10",
            "price": "9.71",
            "revenue": 54419
        },
        "2005-11": {
            "month": "2005-11",
            "price": "9.33",
            "revenue": 70461
        },
        "2005-12": {
            "month": "2005-12",
            "price": "10.04",
            "revenue": 139143
        },
        "2006-01": {
            "month": "2006-01",
            "price": "10.67",
            "revenue": 51918
        },
        "2006-02": {
            "month": "2006-02",
            "price": "10.71",
            "revenue": 46022
        },
        "2006-03": {
            "month": "2006-03",
            "price": "10.61",
            "revenue": 56692
        },
        "2006-04": {
            "month": "2006-04",
            "price": "11.81",
            "revenue": 58518
        },
        "2006-05": {
            "month": "2006-05",
            "price": "11.44",
            "revenue": 54099
        },
        "2006-06": {
            "month": "2006-06",
            "price": "10.14",
            "revenue": 68153
        },
        "2006-07": {
            "month": "2006-07",
            "price": "10.09",
            "revenue": 55561
        },
        "2006-08": {
            "month": "2006-08",
            "price": "10.11",
            "revenue": 57556
        },
        "2006-09": {
            "month": "2006-09",
            "price": "10.22",
            "revenue": 62479
        },
        "2006-10": {
            "month": "2006-10",
            "price": "10.64",
            "revenue": 56959
        },
        "2006-11": {
            "month": "2006-11",
            "price": "11.56",
            "revenue": 59510
        },
        "2006-12": {
            "month": "2006-12",
            "price": "15.68",
            "revenue": 102394
        },
        "2007-01": {
            "month": "2007-01",
            "price": "15.79",
            "revenue": 52057
        },
        "2007-02": {
            "month": "2007-02",
            "price": "14.64",
            "revenue": 52606
        },
        "2007-03": {
            "month": "2007-03",
            "price": "13.70",
            "revenue": 53775
        },
        "2007-04": {
            "month": "2007-04",
            "price": "15.56",
            "revenue": 67033
        },
        "2007-05": {
            "month": "2007-05",
            "price": "15.44",
            "revenue": 58944
        },
        "2007-06": {
            "month": "2007-06",
            "price": "17.53",
            "revenue": 70676
        },
        "2007-07": {
            "month": "2007-07",
            "price": "20.49",
            "revenue": 65222
        },
        "2007-08": {
            "month": "2007-08",
            "price": "18.49",
            "revenue": 81819
        },
        "2007-09": {
            "month": "2007-09",
            "price": "18.83",
            "revenue": 75932
        },
        "2007-10": {
            "month": "2007-10",
            "price": "18.12",
            "revenue": 75392
        },
        "2007-11": {
            "month": "2007-11",
            "price": "15.66",
            "revenue": 95690
        },
        "2007-12": {
            "month": "2007-12",
            "price": "15.05",
            "revenue": 175946
        },
        "2008-01": {
            "month": "2008-01",
            "price": "15.77",
            "revenue": 59164
        },
        "2008-02": {
            "month": "2008-02",
            "price": "15.28",
            "revenue": 57923
        },
        "2008-03": {
            "month": "2008-03",
            "price": "15.61",
            "revenue": 60494
        },
        "2008-04": {
            "month": "2008-04",
            "price": "18.21",
            "revenue": 94331
        },
        "2008-05": {
            "month": "2008-05",
            "price": "18.21",
            "revenue": 60142
        },
        "2008-06": {
            "month": "2008-06",
            "price": "16.06",
            "revenue": 84732
        },
        "2008-07": {
            "month": "2008-07",
            "price": "14.39",
            "revenue": 71786
        },
        "2008-08": {
            "month": "2008-08",
            "price": "13.65",
            "revenue": 68093
        },
        "2008-09": {
            "month": "2008-09",
            "price": "12.11",
            "revenue": 68634
        },
        "2008-10": {
            "month": "2008-10",
            "price": "11.25",
            "revenue": 93724
        },
        "2008-11": {
            "month": "2008-11",
            "price": "12.54",
            "revenue": 70207
        },
        "2008-12": {
            "month": "2008-12",
            "price": "11.95",
            "revenue": 137052
        },
        "2009-01": {
            "month": "2009-01",
            "price": "11.48",
            "revenue": 56957
        },
        "2009-02": {
            "month": "2009-02",
            "price": "11.48",
            "revenue": 55209
        },
        "2009-03": {
            "month": "2009-03",
            "price": "12.61",
            "revenue": 79311
        },
        "2009-04": {
            "month": "2009-04",
            "price": "15.73",
            "revenue": 71342
        },
        "2009-05": {
            "month": "2009-05",
            "price": "15.73",
            "revenue": 60180
        },
        "2009-06": {
            "month": "2009-06",
            "price": "15.32",
            "revenue": 83703
        },
        "2009-07": {
            "month": "2009-07",
            "price": "15.79",
            "revenue": 66957
        },
        "2009-08": {
            "month": "2009-08",
            "price": "15.48",
            "revenue": 72572
        },
        "2009-09": {
            "month": "2009-09",
            "price": "16.11",
            "revenue": 98822
        },
        "2009-10": {
            "month": "2009-10",
            "price": "18.54",
            "revenue": 65289
        },
        "2009-11": {
            "month": "2009-11",
            "price": "19.77",
            "revenue": 66818
        },
        "2009-12": {
            "month": "2009-12",
            "price": "20.13",
            "revenue": 153329
        },
        "2010-01": {
            "month": "2010-01",
            "price": "19.66",
            "revenue": 60901
        },
        "2010-02": {
            "month": "2010-02",
            "price": "18.28",
            "revenue": 58833
        },
        "2010-03": {
            "month": "2010-03",
            "price": "19.60",
            "revenue": 89882
        },
        "2010-04": {
            "month": "2010-04",
            "price": "20.80",
            "revenue": 89702
        },
        "2010-05": {
            "month": "2010-05",
            "price": "21.10",
            "revenue": 73471
        },
        "2010-06": {
            "month": "2010-06",
            "price": "21.02",
            "revenue": 83021
        },
        "2010-07": {
            "month": "2010-07",
            "price": "20.07",
            "revenue": 91710
        },
        "2010-08": {
            "month": "2010-08",
            "price": "19.72",
            "revenue": 81526
        },
        "2010-09": {
            "month": "2010-09",
            "price": "18.98",
            "revenue": 96009
        },
        "2010-10": {
            "month": "2010-10",
            "price": "19.02",
            "revenue": 81427
        },
        "2010-11": {
            "month": "2010-11",
            "price": "19.15",
            "revenue": 79359
        },
        "2010-12": {
            "month": "2010-12",
            "price": "20.17",
            "revenue": 175633
        },
        "2011-01": {
            "month": "2011-01",
            "price": "19.96",
            "revenue": 62947
        },
        "2011-02": {
            "month": "2011-02",
            "price": "19.57",
            "revenue": 64248
        },
        "2011-03": {
            "month": "2011-03",
            "price": "19.20",
            "revenue": 77428
        },
        "2011-04": {
            "month": "2011-04",
            "price": "19.72",
            "revenue": 75484
        },
        "2011-05": {
            "month": "2011-05",
            "price": "19.52",
            "revenue": 77052
        },
        "2011-06": {
            "month": "2011-06",
            "price": "19.06",
            "revenue": 95659
        },
        "2011-07": {
            "month": "2011-07",
            "price": "18.16",
            "revenue": 75848
        },
        "2011-08": {
            "month": "2011-08",
            "price": "17.04",
            "revenue": 75979
        },
        "2011-09": {
            "month": "2011-09",
            "price": "17.05",
            "revenue": 79961
        },
        "2011-10": {
            "month": "2011-10",
            "price": "16.64",
            "revenue": 89174
        },
        "2011-11": {
            "month": "2011-11",
            "price": "17.05",
            "revenue": 142125
        },
        "2011-12": {
            "month": "2011-12",
            "price": "17.28",
            "revenue": 460798
        },
        "2012-01": {
            "month": "2012-01",
            "price": "17.41",
            "revenue": 79443
        },
        "2012-02": {
            "month": "2012-02",
            "price": "18.93",
            "revenue": 81999
        },
        "2012-03": {
            "month": "2012-03",
            "price": "19.50",
            "revenue": 166128
        },
        "2012-04": {
            "month": "2012-04",
            "price": "18.56",
            "revenue": 92992
        },
        "2012-05": {
            "month": "2012-05",
            "price": "18.31",
            "revenue": 294195
        },
        "2012-06": {
            "month": "2012-06",
            "price": "18.62",
            "revenue": 126994
        },
        "2012-07": {
            "month": "2012-07",
            "price": "18.82",
            "revenue": 84091
        },
        "2012-08": {
            "month": "2012-08",
            "price": "19.26",
            "revenue": 171839
        },
        "2012-09": {
            "month": "2012-09",
            "price": "20.32",
            "revenue": 143103
        },
        "2012-10": {
            "month": "2012-10",
            "price": "21.18",
            "revenue": 136497
        },
        "2012-11": {
            "month": "2012-11",
            "price": "22.13",
            "revenue": 100564
        },
        "2012-12": {
            "month": "2012-12",
            "price": "24.14",
            "revenue": 201032
        },
        "2013-01": {
            "month": "2013-01",
            "price": "23.79",
            "revenue": 218636
        },
        "2013-02": {
            "month": "2013-02",
            "price": "24.08",
            "revenue": 83349
        },
        "2013-03": {
            "month": "2013-03",
            "price": "23.68",
            "revenue": 84786
        },
        "2013-04": {
            "month": "2013-04",
            "price": "22.93",
            "revenue": 95281
        },
        "2013-05": {
            "month": "2013-05",
            "price": "23.16",
            "revenue": 90195
        },
        "2013-06": {
            "month": "2013-06",
            "price": "22.91",
            "revenue": 229252
        },
        "2013-07": {
            "month": "2013-07",
            "price": "24.60",
            "revenue": 91417
        },
        "2013-08": {
            "month": "2013-08",
            "price": "28.86",
            "revenue": 112719
        },
        "2013-09": {
            "month": "2013-09",
            "price": "26.16",
            "revenue": 105848
        },
        "2013-10": {
            "month": "2013-10",
            "price": "26.43",
            "revenue": 95125
        },
        "2013-11": {
            "month": "2013-11",
            "price": "27.74",
            "revenue": 108334
        },
        "2013-12": {
            "month": "2013-12",
            "price": "31.55",
            "revenue": 234571
        },
        "2014-01": {
            "month": "2014-01",
            "price": "30.54",
            "revenue": 96183
        },
        "2014-02": {
            "month": "2014-02",
            "price": "30.38",
            "revenue": 89507
        },
        "2014-03": {
            "month": "2014-03",
            "price": "29.09",
            "revenue": 100879
        },
        "2014-04": {
            "month": "2014-04",
            "price": "27.90",
            "revenue": 96885
        },
        "2014-05": {
            "month": "2014-05",
            "price": "26.16",
            "revenue": 94889
        },
        "2014-06": {
            "month": "2014-06",
            "price": "27.65",
            "revenue": 128578
        },
        "2014-07": {
            "month": "2014-07",
            "price": "27.26",
            "revenue": 92461
        },
        "2014-08": {
            "month": "2014-08",
            "price": "27.01",
            "revenue": 101027
        },
        "2014-09": {
            "month": "2014-09",
            "price": "27.95",
            "revenue": 97822
        },
        "2014-10": {
            "month": "2014-10",
            "price": "26.73",
            "revenue": 100778
        },
        "2014-11": {
            "month": "2014-11",
            "price": "26.34",
            "revenue": 97146
        },
        "2014-12": {
            "month": "2014-12",
            "price": "27.06",
            "revenue": 251134
        },
        "2015-01": {
            "month": "2015-01",
            "price": "27.75",
            "revenue": 118229
        },
        "2015-02": {
            "month": "2015-02",
            "price": "27.35",
            "revenue": 91401
        },
        "2015-03": {
            "month": "2015-03",
            "price": "27.41",
            "revenue": 88197
        },
        "2015-04": {
            "month": "2015-04",
            "price": "27.32",
            "revenue": 98064
        },
        "2015-05": {
            "month": "2015-05",
            "price": "27.30",
            "revenue": 97012
        },
        "2015-06": {
            "month": "2015-06",
            "price": "26.48",
            "revenue": 113206
        },
        "2015-07": {
            "month": "2015-07",
            "price": "25.66",
            "revenue": 99621
        },
        "2015-08": {
            "month": "2015-08",
            "price": "24.74",
            "revenue": 99563
        },
        "2015-09": {
            "month": "2015-09",
            "price": "24.26",
            "revenue": 97476
        },
        "2015-10": {
            "month": "2015-10",
            "price": "25.35",
            "revenue": 94730
        },
        "2015-11": {
            "month": "2015-11",
            "price": "25.83",
            "revenue": 105672
        },
        "2015-12": {
            "month": "2015-12",
            "price": "26.03",
            "revenue": 210383
        },
        "2016-01": {
            "month": "2016-01",
            "price": "25.32",
            "revenue": 114913
        },
        "2016-02": {
            "month": "2016-02",
            "price": "25.53",
            "revenue": 86037
        },
        "2016-03": {
            "month": "2016-03",
            "price": "26.18",
            "revenue": 93105
        },
        "2016-04": {
            "month": "2016-04",
            "price": "26.58",
            "revenue": 97902
        },
        "2016-05": {
            "month": "2016-05",
            "price": "26.14",
            "revenue": 97091
        },
        "2016-06": {
            "month": "2016-06",
            "price": "26.21",
            "revenue": 111281
        },
        "2016-07": {
            "month": "2016-07",
            "price": "26.35",
            "revenue": 96152
        },
        "2016-08": {
            "month": "2016-08",
            "price": "26.92",
            "revenue": 107345
        },
        "2016-09": {
            "month": "2016-09",
            "price": "25.95",
            "revenue": 100871
        },
        "2016-10": {
            "month": "2016-10",
            "price": "26.14",
            "revenue": 95739
        },
        "2016-11": {
            "month": "2016-11",
            "price": "25.72",
            "revenue": 103622
        },
        "2016-12": {
            "month": "2016-12",
            "price": "25.65",
            "revenue": 143955
        },
        "2017-01": {
            "month": "2017-01",
            "price": "26.26",
            "revenue": 108892
        },
        "2017-02": {
            "month": "2017-02",
            "price": "26.30",
            "revenue": 95827
        },
        "2017-03": {
            "month": "2017-03",
            "price": "27.84",
            "revenue": 95589
        },
        "2017-04": {
            "month": "2017-04",
            "price": "28.00",
            "revenue": 100502
        },
        "2017-05": {
            "month": "2017-05",
            "price": "27.75",
            "revenue": 104054
        },
        "2017-06": {
            "month": "2017-06",
            "price": "27.31",
            "revenue": 130907
        },
        "2017-07": {
            "month": "2017-07",
            "price": "27.99",
            "revenue": 108484
        },
        "2017-08": {
            "month": "2017-08",
            "price": "28.57",
            "revenue": 112130
        },
        "2017-09": {
            "month": "2017-09",
            "price": "29.05",
            "revenue": 129199
        },
        "2017-10": {
            "month": "2017-10",
            "price": "30.17",
            "revenue": 113363
        },
        "2017-11": {
            "month": "2017-11",
            "price": "30.15",
            "revenue": 111114
        },
        "2017-12": {
            "month": "2017-12",
            "price": "30.73",
            "revenue": 194373
        },
        "2018-01": {
            "month": "2018-01",
            "price": "33.75",
            "revenue": 113621
        },
        "2018-02": {
            "month": "2018-02",
            "price": "33.12",
            "revenue": 103771
        },
        "2018-03": {
            "month": "2018-03",
            "price": "32.84",
            "revenue": 113527
        },
        "2018-04": {
            "month": "2018-04",
            "price": "33.43",
            "revenue": 108239
        },
        "2018-05": {
            "month": "2018-05",
            "price": "32.85",
            "revenue": 112868
        },
        "2018-06": {
            "month": "2018-06",
            "price": "32.88",
            "revenue": 128656
        },
        "2018-07": {
            "month": "2018-07",
            "price": "32.92",
            "revenue": 135783
        },
        "2018-08": {
            "month": "2018-08",
            "price": "34.11",
            "revenue": 124948
        },
        "2018-09": {
            "month": "2018-09",
            "price": "34.04",
            "revenue": 166623
        },
        "2018-10": {
            "month": "2018-10",
            "price": "33.28",
            "revenue": 120530
        },
        "2018-11": {
            "month": "2018-11",
            "price": "32.62",
            "revenue": 127027
        },
        "2018-12": {
            "month": "2018-12",
            "price": "32.64",
            "revenue": 228008
        },
        "2019-01": {
            "month": "2019-01",
            "price": "32.73",
            "revenue": 119150
        },
        "2019-02": {
            "month": "2019-02",
            "price": "33.88",
            "revenue": 112877
        },
        "2019-03": {
            "month": "2019-03",
            "price": "35.79",
            "revenue": 135633
        },
        "2019-04": {
            "month": "2019-04",
            "price": "34.94",
            "revenue": 119440
        },
        "2019-05": {
            "month": "2019-05",
            "price": "34.31",
            "revenue": 122886
        },
        "2019-06": {
            "month": "2019-06",
            "price": "34.62",
            "revenue": 158277
        },
        "2019-07": {
            "month": "2019-07",
            "price": "35.02",
            "revenue": 135813
        },
        "2019-08": {
            "month": "2019-08",
            "price": "36.06",
            "revenue": 139528
        },
        "2019-09": {
            "month": "2019-09",
            "price": "36.55",
            "revenue": 132177
        },
        "2019-10": {
            "month": "2019-10",
            "price": "36.19",
            "revenue": 151395
        },
        "2019-11": {
            "month": "2019-11",
            "price": "36.39",
            "revenue": 143244
        },
        "2019-12": {
            "month": "2019-12",
            "price": "36.69",
            "revenue": 255048
        },
        "2020-01": {
            "month": "2020-01",
            "price": "36.87",
            "revenue": 151164
        },
        "2020-02": {
            "month": "2020-02",
            "price": "39.14",
            "revenue": 111062
        },
        "2020-03": {
            "month": "2020-03",
            "price": "38.38",
            "revenue": 135693
        },
        "2020-04": {
            "month": "2020-04",
            "price": "41.82",
            "revenue": 123626
        },
        "2020-05": {
            "month": "2020-05",
            "price": "42.06",
            "revenue": 130372
        },
        "2020-06": {
            "month": "2020-06",
            "price": "50.18",
            "revenue": 182751
        },
        "2020-07": {
            "month": "2020-07",
            "price": "49.14",
            "revenue": 173464
        },
        "2020-08": {
            "month": "2020-08",
            "price": "47.31",
            "revenue": 137552
        },
        "2020-09": {
            "month": "2020-09",
            "price": "47.85",
            "revenue": 231853
        },
        "2020-10": {
            "month": "2020-10",
            "price": "46.83",
            "revenue": 155217
        },
        "2020-11": {
            "month": "2020-11",
            "price": "46.74",
            "revenue": 175901
        },
        "2020-12": {
            "month": "2020-12",
            "price": "47.53",
            "revenue": 190784
        },
        "2021-01": {
            "month": "2021-01",
            "price": "47.52",
            "revenue": 212085
        },
        "2021-02": {
            "month": "2021-02",
            "price": "47.51",
            "revenue": 143547
        },
        "2021-03": {
            "month": "2021-03",
            "price": "48.18",
            "revenue": 182657
        },
        "2021-04": {
            "month": "2021-04",
            "price": "48.86",
            "revenue": 148008
        },
        "2021-05": {
            "month": "2021-05",
            "price": "49.09",
            "revenue": 177228
        },
        "2021-06": {
            "month": "2021-06",
            "price": "49.95",
            "revenue": 159778
        },
        "2021-07": {
            "month": "2021-07",
            "price": "50.70",
            "revenue": 146138
        },
        "2021-08": {
            "month": "2021-08",
            "price": "50.38",
            "revenue": 171008
        },
        "2021-09": {
            "month": "2021-09",
            "price": "50.46",
            "revenue": 188934
        },
        "2021-10": {
            "month": "2021-10",
            "price": "50.18",
            "revenue": 154015
        },
        "2021-11": {
            "month": "2021-11",
            "price": "50.01",
            "revenue": 260288
        },
        "2021-12": {
            "month": "2021-12",
            "price": "50.46",
            "revenue": 290412
        },
        "2022-01": {
            "month": "2022-01",
            "price": "52.17",
            "revenue": 229200
        },
        "2022-02": {
            "month": "2022-02",
            "price": "51.89",
            "revenue": 208753
        },
        "2022-03": {
            "month": "2022-03",
            "price": "52.54",
            "revenue": 181694
        },
        "2022-04": {
            "month": "2022-04",
            "price": "53.47",
            "revenue": 171752
        },
        "2022-05": {
            "month": "2022-05",
            "price": "55.16",
            "revenue": 183388
        },
        "2022-06": {
            "month": "2022-06",
            "price": "59.77",
            "revenue": 173689
        },
        "2022-07": {
            "month": "2022-07",
            "price": "60.30",
            "revenue": 160456
        },
        "2022-08": {
            "month": "2022-08",
            "price": "62.71",
            "revenue": 194869
        },
        "2022-09": {
            "month": "2022-09",
            "price": "69.35",
            "revenue": 161879
        },
        "2022-10": {
            "month": "2022-10",
            "price": "61.66",
            "revenue": 153652
        },
        "2022-11": {
            "month": "2022-11",
            "price": "57.45",
            "revenue": 176286
        },
        "2022-12": {
            "month": "2022-12",
            "price": "59.20",
            "revenue": 273154
        },
        "2023-01": {
            "month": "2023-01",
            "price": "59.81",
            "revenue": 190689
        },
        "2023-02": {
            "month": "2023-02",
            "price": "62.62",
            "revenue": 180817
        },
        "2023-03": {
            "month": "2023-03",
            "price": "64.66",
            "revenue": 161748
        },
        "2023-04": {
            "month": "2023-04",
            "price": "63.34",
            "revenue": 156790
        },
        "2023-05": {
            "month": "2023-05",
            "price": "63.50",
            "revenue": 153976
        }
    }
}
