{
    "summary": {
        "stock_name": "大豐電",
        "stock_id": "6184",
        "category": "其他",
        "main_business": "有線電視系統之經營<br>電視接收機、發射機之研究設計、製造、銷售與維護<br>電視機械設備及材料之買賣、進口業務及第一類電信事業",
        "website_url": "http://www.dafeng.tv",
        "ceo": "張銘志",
        "pe_ratio": 16,
        "report_year_from": 2001,
        "report_year_to": 2023,
        "age": 22,
        "eps_negative_percentage": 6,
        "eps_growth_avg": {
            "last_all": -1.25,
            "last_2y": 0.99,
            "last_4y": 9.12,
            "last_8y": -9.87,
            "last_12y": -8.41,
            "last_16y": -4.51,
            "last_20y": -1.25,
            "at_2006_last_3y": 6.99,
            "at_2007_last_3y": 1,
            "at_2008_last_3y": -7.47,
            "at_2009_last_3y": 7.2,
            "at_2010_last_3y": 0.6,
            "at_2011_last_3y": 4.07,
            "at_2012_last_3y": 9.86,
            "at_2013_last_3y": -5.51,
            "at_2014_last_3y": 0.1,
            "at_2015_last_3y": -12.22,
            "at_2016_last_3y": -37.28,
            "at_2017_last_3y": -41.52,
            "at_2018_last_3y": -44.02,
            "at_2019_last_3y": -19.13,
            "at_2020_last_3y": 14.21,
            "at_2021_last_3y": 11.54,
            "at_2022_last_3y": 11.4,
            "at_2023_last_3y": 11.4,
            "at_2006_last_all": 11.74,
            "at_2007_last_all": 10.34,
            "at_2008_last_all": 5.58,
            "at_2009_last_all": 9.5,
            "at_2010_last_all": 6.79,
            "at_2011_last_all": 7.83,
            "at_2012_last_all": 7.14,
            "at_2013_last_all": 4.5,
            "at_2014_last_all": 4.73,
            "at_2015_last_all": 2.1,
            "at_2016_last_all": -4.71,
            "at_2017_last_all": -4.71,
            "at_2018_last_all": -4.41,
            "at_2019_last_all": -1.65,
            "at_2020_last_all": -1.55,
            "at_2021_last_all": -1.29,
            "at_2022_last_all": -1.25,
            "at_2023_last_all": -1.25
        },
        "latest_eps": 3.2,
        "latest_price": 51,
        "latest_roe": 11.63,
        "latest_gross_margin": 50.14,
        "latest_equity": 4093588,
        "latest_revenue": 510248,
        "latest_gross_profit": 255814,
        "latest_net_income": 125384,
        "latest_debt_ratio": 47.67,
        "latest_current_ratio": 74.26,
        "latest_account_receivable_turnover_ratio": 5.25,
        "latest_inventory_turnover_ratio": 15.68,
        "latest_reinvestment_rate": -23.98,
        "latest_research_to_sale_ratio": null
    },
    "eps_dividends": {
        "2001": {
            "cash": 0,
            "stock": 0,
            "eps": 2.41
        },
        "2002": {
            "cash": 2,
            "stock": 0,
            "eps": 3.15
        },
        "2003": {
            "cash": 3,
            "stock": 0,
            "eps": 4.01
        },
        "2004": {
            "cash": 2,
            "stock": 2,
            "eps": 4.45
        },
        "2005": {
            "cash": 3,
            "stock": 0,
            "eps": 3.48
        },
        "2006": {
            "cash": 3,
            "stock": 0,
            "eps": 3.88
        },
        "2007": {
            "cash": 3,
            "stock": 0,
            "eps": 4.01
        },
        "2008": {
            "cash": 3,
            "stock": 0,
            "eps": 3.09
        },
        "2009": {
            "cash": 3,
            "stock": 0,
            "eps": 4.23
        },
        "2010": {
            "cash": 4,
            "stock": 0,
            "eps": 3.6
        },
        "2011": {
            "cash": 6,
            "stock": 2,
            "eps": 4.22
        },
        "2012": {
            "cash": 0,
            "stock": 0,
            "eps": 4.23
        },
        "2013": {
            "cash": 2,
            "stock": 1,
            "eps": 3.19
        },
        "2014": {
            "cash": 3,
            "stock": 0,
            "eps": 3.43
        },
        "2015": {
            "cash": 2,
            "stock": 0,
            "eps": 2.33
        },
        "2016": {
            "cash": 1,
            "stock": 1,
            "eps": -1.38
        },
        "2017": {
            "cash": 1,
            "stock": 0,
            "eps": 2.37
        },
        "2018": {
            "cash": 3,
            "stock": 0,
            "eps": 2.37
        },
        "2019": {
            "cash": 3,
            "stock": 0,
            "eps": 3.38
        },
        "2020": {
            "cash": 3,
            "stock": 0,
            "eps": 3.38
        },
        "2021": {
            "cash": 3,
            "stock": 0,
            "eps": 3.5
        },
        "2022": {
            "cash": 3,
            "stock": 0,
            "eps": 3.48
        },
        "2023": {
            "cash": 3,
            "stock": 0,
            "eps": 0.85
        }
    },
    "dividends": {
        "2002-04-01": {
            "cash": 2,
            "stock": 0
        },
        "2003-04-02": {
            "cash": 2.8,
            "stock": 0
        },
        "2004-04-26": {
            "cash": 1.5,
            "stock": 1.5
        },
        "2005-03-28": {
            "cash": 3,
            "stock": 0
        },
        "2006-03-28": {
            "cash": 3,
            "stock": 0
        },
        "2007-03-29": {
            "cash": 3,
            "stock": 0
        },
        "2008-03-24": {
            "cash": 3.3,
            "stock": 0
        },
        "2009-03-16": {
            "cash": 3,
            "stock": 0
        },
        "2010-03-29": {
            "cash": 3.5,
            "stock": 0
        },
        "2011-01-01": {
            "cash": 2.8,
            "stock": 1
        },
        "2011-03-17": {
            "cash": 2.5,
            "stock": 1.3
        },
        "2013-03-25": {
            "cash": 2,
            "stock": 1
        },
        "2014-10-06": {
            "cash": 2.5,
            "stock": 0
        },
        "2015-10-01": {
            "cash": 2,
            "stock": 0
        },
        "2016-10-03": {
            "cash": 0.5,
            "stock": 1.3
        },
        "2017-09-29": {
            "cash": 0.5,
            "stock": 0
        },
        "2018-09-14": {
            "cash": 2.5,
            "stock": 0
        },
        "2019-07-25": {
            "cash": 2.5,
            "stock": 0
        },
        "2020-07-30": {
            "cash": 3,
            "stock": 0
        },
        "2021-08-12": {
            "cash": 3,
            "stock": 0
        },
        "2022-07-29": {
            "cash": 3,
            "stock": 0
        },
        "2023-03-08": {
            "cash": 3,
            "stock": 0
        }
    },
    "prices": {
        "200101": "無",
        "200102": "無",
        "200103": "無",
        "200104": "無",
        "200105": "無",
        "200106": "無",
        "200107": "無",
        "200108": "無",
        "200109": "無",
        "200110": "無",
        "200111": "無",
        "200112": "無",
        "200201": "無",
        "200202": "無",
        "200203": "無",
        "200204": "無",
        "200205": "30.32",
        "200206": "29.08",
        "200207": "27.14",
        "200208": "27.31",
        "200209": "27.44",
        "200210": "27.36",
        "200211": "29.43",
        "200212": "33.50",
        "200301": "33.50",
        "200302": "33.04",
        "200303": "32.33",
        "200304": "31.92",
        "200305": "32.03",
        "200306": "32.77",
        "200307": "34.26",
        "200308": "37.03",
        "200309": "36.74",
        "200310": "35.88",
        "200311": "36.02",
        "200312": "35.03",
        "200401": "36.26",
        "200402": "37.11",
        "200403": "36.82",
        "200404": "36.13",
        "200405": "34.52",
        "200406": "34.00",
        "200407": "32.05",
        "200408": "31.69",
        "200409": "28.99",
        "200410": "25.66",
        "200411": "25.27",
        "200412": "25.82",
        "200501": "26.97",
        "200502": "30.02",
        "200503": "30.69",
        "200504": "31.46",
        "200505": "31.11",
        "200506": "31.47",
        "200507": "31.64",
        "200508": "28.89",
        "200509": "29.06",
        "200510": "28.59",
        "200511": "28.51",
        "200512": "29.42",
        "200601": "30.05",
        "200602": "30.06",
        "200603": "31.14",
        "200604": "31.96",
        "200605": "33.03",
        "200606": "32.94",
        "200607": "32.65",
        "200608": "31.19",
        "200609": "31.81",
        "200610": "33.46",
        "200611": "35.12",
        "200612": "36.74",
        "200701": "36.93",
        "200702": "36.97",
        "200703": "39.12",
        "200704": "40.70",
        "200705": "41.25",
        "200706": "43.48",
        "200707": "47.38",
        "200708": "45.23",
        "200709": "45.40",
        "200710": "46.32",
        "200711": "43.08",
        "200712": "40.87",
        "200801": "40.64",
        "200802": "40.67",
        "200803": "43.85",
        "200804": "45.68",
        "200805": "46.39",
        "200806": "47.00",
        "200807": "43.48",
        "200808": "38.08",
        "200809": "33.24",
        "200810": "30.93",
        "200811": "31.65",
        "200812": "32.32",
        "200901": "33.80",
        "200902": "35.02",
        "200903": "36.64",
        "200904": "39.79",
        "200905": "42.94",
        "200906": "45.08",
        "200907": "42.27",
        "200908": "42.29",
        "200909": "44.85",
        "200910": "45.02",
        "200911": "45.16",
        "200912": "45.73",
        "201001": "46.47",
        "201002": "46.78",
        "201003": "48.46",
        "201004": "53.18",
        "201005": "52.87",
        "201006": "52.97",
        "201007": "52.68",
        "201008": "51.71",
        "201009": "53.23",
        "201010": "53.98",
        "201011": "54.85",
        "201012": "55.76",
        "201101": "57.62",
        "201102": "58.28",
        "201103": "57.46",
        "201104": "58.51",
        "201105": "60.72",
        "201106": "63.12",
        "201107": "60.84",
        "201108": "56.59",
        "201109": "53.14",
        "201110": "51.34",
        "201111": "50.52",
        "201112": "50.47",
        "201201": "50.73",
        "201202": "53.12",
        "201203": "56.28",
        "201204": "56.63",
        "201205": "57.52",
        "201206": "58.63",
        "201207": "61.67",
        "201208": "61.90",
        "201209": "61.04",
        "201210": "55.87",
        "201211": "55.60",
        "201212": "57.20",
        "201301": "58.77",
        "201302": "58.88",
        "201303": "60.05",
        "201304": "61.24",
        "201305": "61.32",
        "201306": "59.69",
        "201307": "60.68",
        "201308": "61.07",
        "201309": "59.69",
        "201310": "57.17",
        "201311": "54.01",
        "201312": "53.10",
        "201401": "53.43",
        "201402": "53.94",
        "201403": "52.76",
        "201404": "52.08",
        "201405": "51.31",
        "201406": "50.50",
        "201407": "50.70",
        "201408": "51.90",
        "201409": "50.87",
        "201410": "49.67",
        "201411": "49.79",
        "201412": "50.13",
        "201501": "52.18",
        "201502": "52.31",
        "201503": "51.80",
        "201504": "51.15",
        "201505": "52.91",
        "201506": "52.60",
        "201507": "54.36",
        "201508": "52.12",
        "201509": "52.51",
        "201510": "53.20",
        "201511": "52.65",
        "201512": "51.85",
        "201601": "48.88",
        "201602": "48.32",
        "201603": "48.63",
        "201604": "41.49",
        "201605": "34.13",
        "201606": "36.70",
        "201607": "38.09",
        "201608": "36.48",
        "201609": "32.68",
        "201610": "33.18",
        "201611": "33.43",
        "201612": "32.50",
        "201701": "33.10",
        "201702": "34.09",
        "201703": "33.92",
        "201704": "35.27",
        "201705": "39.06",
        "201706": "38.55",
        "201707": "37.98",
        "201708": "35.83",
        "201709": "35.68",
        "201710": "35.18",
        "201711": "34.68",
        "201712": "33.96",
        "201801": "35.38",
        "201802": "35.39",
        "201803": "38.82",
        "201804": "39.62",
        "201805": "37.27",
        "201806": "37.20",
        "201807": "37.74",
        "201808": "37.36",
        "201809": "35.96",
        "201810": "34.63",
        "201811": "34.33",
        "201812": "34.02",
        "201901": "35.30",
        "201902": "35.39",
        "201903": "36.08",
        "201904": "36.89",
        "201905": "37.08",
        "201906": "37.47",
        "201907": "35.57",
        "201908": "36.90",
        "201909": "37.88",
        "201910": "38.17",
        "201911": "39.08",
        "201912": "40.03",
        "202001": "40.28",
        "202002": "41.66",
        "202003": "39.56",
        "202004": "40.71",
        "202005": "42.09",
        "202006": "43.46",
        "202007": "41.40",
        "202008": "40.64",
        "202009": "40.44",
        "202010": "40.99",
        "202011": "42.37",
        "202012": "42.74",
        "202101": "42.80",
        "202102": "42.51",
        "202103": "44.16",
        "202104": "45.07",
        "202105": "44.57",
        "202106": "45.22",
        "202107": "45.51",
        "202108": "43.38",
        "202109": "43.05",
        "202110": "43.11",
        "202111": "43.54",
        "202112": "43.93",
        "202201": "44.91",
        "202202": "46.61",
        "202203": "46.63",
        "202204": "46.83",
        "202205": "47.57",
        "202206": "48.85",
        "202207": "47.53",
        "202208": "48.51",
        "202209": "48.57",
        "202210": "47.96",
        "202211": "47.78",
        "202212": "47.98",
        "202301": "48.57",
        "202302": "48.97",
        "202303": "50.04",
        "202304": "50.39",
        "202305": "50.33"
    },
    "quarters": {
        "20011": {
            "year_quarter": 20011,
            "year": 2001,
            "quarter": 1,
            "eps": 0.52,
            "eps_growth_year": null,
            "eps_4q": null,
            "eps_4q_growth_year": null,
            "roe": 4.84,
            "gross_profit": 41816,
            "gross_margin": 40.4,
            "net_income": 19389,
            "revenue": 103509,
            "common_shares": 375000,
            "equity": 410484,
            "current_ratio": 147.94,
            "debt_ratio": 29.63,
            "inventory_turnover_ratio": null,
            "account_receivable_turnover_ratio": null,
            "reinvestment_rate": null,
            "research_to_sale_ratio": null,
            "price_fair": 0,
            "eps_avg_yearly": 0,
            "eps_latest_yearly": 0,
            "eps_growth_yearly": 0
        },
        "20012": {
            "year_quarter": 20012,
            "year": 2001,
            "quarter": 2,
            "eps": 0.4,
            "eps_growth_year": null,
            "eps_4q": null,
            "eps_4q_growth_year": null,
            "roe": 3.6,
            "gross_profit": 45541,
            "gross_margin": 42.68,
            "net_income": 15142,
            "revenue": 106714,
            "common_shares": 375000,
            "equity": 429648,
            "current_ratio": 180.77,
            "debt_ratio": 28.44,
            "inventory_turnover_ratio": null,
            "account_receivable_turnover_ratio": null,
            "reinvestment_rate": null,
            "research_to_sale_ratio": null,
            "price_fair": 0,
            "eps_avg_yearly": 0,
            "eps_latest_yearly": 0,
            "eps_growth_yearly": 0
        },
        "20013": {
            "year_quarter": 20013,
            "year": 2001,
            "quarter": 3,
            "eps": 0.55,
            "eps_growth_year": null,
            "eps_4q": null,
            "eps_4q_growth_year": null,
            "roe": 4.4,
            "gross_profit": 51370,
            "gross_margin": 47.72,
            "net_income": 21062,
            "revenue": 107660,
            "common_shares": 420000,
            "equity": 527687,
            "current_ratio": 206.42,
            "debt_ratio": 15.43,
            "inventory_turnover_ratio": null,
            "account_receivable_turnover_ratio": null,
            "reinvestment_rate": null,
            "research_to_sale_ratio": null,
            "price_fair": 0,
            "eps_avg_yearly": 0,
            "eps_latest_yearly": 0,
            "eps_growth_yearly": 0
        },
        "20014": {
            "year_quarter": 20014,
            "year": 2001,
            "quarter": 4,
            "eps": 0.94,
            "eps_growth_year": null,
            "eps_4q": 2.35,
            "eps_4q_growth_year": null,
            "roe": 6.79,
            "gross_profit": 58248,
            "gross_margin": 49.61,
            "net_income": 37062,
            "revenue": 117405,
            "common_shares": 420000,
            "equity": 564750,
            "current_ratio": 238.19,
            "debt_ratio": 15.98,
            "inventory_turnover_ratio": null,
            "account_receivable_turnover_ratio": null,
            "reinvestment_rate": null,
            "research_to_sale_ratio": null,
            "price_fair": 0,
            "eps_avg_yearly": 0,
            "eps_latest_yearly": 0,
            "eps_growth_yearly": 0
        },
        "20021": {
            "year_quarter": 20021,
            "year": 2002,
            "quarter": 1,
            "eps": 0.63,
            "eps_growth_year": 21.15,
            "eps_4q": 2.36,
            "eps_4q_growth_year": null,
            "roe": 4.61,
            "gross_profit": 57667,
            "gross_margin": 50.91,
            "net_income": 26650,
            "revenue": 113281,
            "common_shares": 420000,
            "equity": 591400,
            "current_ratio": 243.07,
            "debt_ratio": 17.92,
            "inventory_turnover_ratio": null,
            "account_receivable_turnover_ratio": null,
            "reinvestment_rate": null,
            "research_to_sale_ratio": null,
            "price_fair": 7.56,
            "eps_avg_yearly": 2.52,
            "eps_latest_yearly": 2.52,
            "eps_growth_yearly": -131.91
        },
        "20022": {
            "year_quarter": 20022,
            "year": 2002,
            "quarter": 2,
            "eps": 0.97,
            "eps_growth_year": 142.5,
            "eps_4q": 2.99,
            "eps_4q_growth_year": null,
            "roe": 7.16,
            "gross_profit": 63587,
            "gross_margin": 52.83,
            "net_income": 40687,
            "revenue": 120360,
            "common_shares": 420000,
            "equity": 544587,
            "current_ratio": 117.48,
            "debt_ratio": 20.03,
            "inventory_turnover_ratio": null,
            "account_receivable_turnover_ratio": null,
            "reinvestment_rate": null,
            "research_to_sale_ratio": null,
            "price_fair": 112,
            "eps_avg_yearly": 3.2,
            "eps_latest_yearly": 3.88,
            "eps_growth_yearly": 41.98
        },
        "20023": {
            "year_quarter": 20023,
            "year": 2002,
            "quarter": 3,
            "eps": 0.81,
            "eps_growth_year": 47.27,
            "eps_4q": 3.3,
            "eps_4q_growth_year": null,
            "roe": 6.05,
            "gross_profit": 64628,
            "gross_margin": 53.26,
            "net_income": 33968,
            "revenue": 121341,
            "common_shares": 420000,
            "equity": 578555,
            "current_ratio": 140.65,
            "debt_ratio": 22.72,
            "inventory_turnover_ratio": null,
            "account_receivable_turnover_ratio": null,
            "reinvestment_rate": null,
            "research_to_sale_ratio": null,
            "price_fair": 51.39,
            "eps_avg_yearly": 3.21,
            "eps_latest_yearly": 3.24,
            "eps_growth_yearly": 5.99
        },
        "20024": {
            "year_quarter": 20024,
            "year": 2002,
            "quarter": 4,
            "eps": 0.74,
            "eps_growth_year": -21.28,
            "eps_4q": 3.14,
            "eps_4q_growth_year": 33.76,
            "roe": 5.25,
            "gross_profit": 63637,
            "gross_margin": 52.19,
            "net_income": 31191,
            "revenue": 121932,
            "common_shares": 420000,
            "equity": 609746,
            "current_ratio": 212.95,
            "debt_ratio": 18.86,
            "inventory_turnover_ratio": null,
            "account_receivable_turnover_ratio": null,
            "reinvestment_rate": null,
            "research_to_sale_ratio": null,
            "price_fair": 9.45,
            "eps_avg_yearly": 3.15,
            "eps_latest_yearly": 2.96,
            "eps_growth_yearly": -4.15
        },
        "20031": {
            "year_quarter": 20031,
            "year": 2003,
            "quarter": 1,
            "eps": 0.93,
            "eps_growth_year": 47.62,
            "eps_4q": 3.45,
            "eps_4q_growth_year": 45.99,
            "roe": 6.21,
            "gross_profit": 69544,
            "gross_margin": 55.26,
            "net_income": 39090,
            "revenue": 125848,
            "common_shares": 420000,
            "equity": 648836,
            "current_ratio": 171.08,
            "debt_ratio": 28.82,
            "inventory_turnover_ratio": null,
            "account_receivable_turnover_ratio": null,
            "reinvestment_rate": null,
            "research_to_sale_ratio": null,
            "price_fair": 88.85,
            "eps_avg_yearly": 3.26,
            "eps_latest_yearly": 3.72,
            "eps_growth_yearly": 17.22
        },
        "20032": {
            "year_quarter": 20032,
            "year": 2003,
            "quarter": 2,
            "eps": 1.44,
            "eps_growth_year": 48.45,
            "eps_4q": 3.93,
            "eps_4q_growth_year": 31.35,
            "roe": 9.76,
            "gross_profit": 65248,
            "gross_margin": 51.88,
            "net_income": 60318,
            "revenue": 125767,
            "common_shares": 420000,
            "equity": 586654,
            "current_ratio": 133.92,
            "debt_ratio": 37.36,
            "inventory_turnover_ratio": 1592.61,
            "account_receivable_turnover_ratio": null,
            "reinvestment_rate": null,
            "research_to_sale_ratio": null,
            "price_fair": 128.8,
            "eps_avg_yearly": 3.68,
            "eps_latest_yearly": 5.76,
            "eps_growth_yearly": 50.91
        },
        "20033": {
            "year_quarter": 20033,
            "year": 2003,
            "quarter": 3,
            "eps": 0.89,
            "eps_growth_year": 9.88,
            "eps_4q": 3.99,
            "eps_4q_growth_year": 20.88,
            "roe": 6.2,
            "gross_profit": 66000,
            "gross_margin": 52.66,
            "net_income": 37515,
            "revenue": 125333,
            "common_shares": 420000,
            "equity": 624169,
            "current_ratio": 182.39,
            "debt_ratio": 22.93,
            "inventory_turnover_ratio": 818.39,
            "account_receivable_turnover_ratio": null,
            "reinvestment_rate": null,
            "research_to_sale_ratio": null,
            "price_fair": 116.53,
            "eps_avg_yearly": 3.66,
            "eps_latest_yearly": 3.56,
            "eps_growth_yearly": 21.81
        },
        "20034": {
            "year_quarter": 20034,
            "year": 2003,
            "quarter": 4,
            "eps": 0.75,
            "eps_growth_year": 1.35,
            "eps_4q": 3.99,
            "eps_4q_growth_year": 26.95,
            "roe": 4.95,
            "gross_profit": 64229,
            "gross_margin": 50.3,
            "net_income": 31688,
            "revenue": 127704,
            "common_shares": 420000,
            "equity": 655857,
            "current_ratio": 205.87,
            "debt_ratio": 21.32,
            "inventory_turnover_ratio": 919.93,
            "account_receivable_turnover_ratio": null,
            "reinvestment_rate": null,
            "research_to_sale_ratio": null,
            "price_fair": 75.97,
            "eps_avg_yearly": 3.58,
            "eps_latest_yearly": 3,
            "eps_growth_yearly": 11.22
        },
        "20041": {
            "year_quarter": 20041,
            "year": 2004,
            "quarter": 1,
            "eps": 1.16,
            "eps_growth_year": 24.73,
            "eps_4q": 4.25,
            "eps_4q_growth_year": 23.2,
            "roe": 7.15,
            "gross_profit": 71794,
            "gross_margin": 55.58,
            "net_income": 48652,
            "revenue": 129180,
            "common_shares": 420000,
            "equity": 704509,
            "current_ratio": 111.32,
            "debt_ratio": 31.64,
            "inventory_turnover_ratio": 169.78,
            "account_receivable_turnover_ratio": null,
            "reinvestment_rate": null,
            "research_to_sale_ratio": null,
            "price_fair": 129.42,
            "eps_avg_yearly": 3.7,
            "eps_latest_yearly": 4.64,
            "eps_growth_yearly": 34.27
        },
        "20042": {
            "year_quarter": 20042,
            "year": 2004,
            "quarter": 2,
            "eps": 1.02,
            "eps_growth_year": -29.17,
            "eps_4q": 3.84,
            "eps_4q_growth_year": -2.34,
            "roe": 6.17,
            "gross_profit": 69523,
            "gross_margin": 54.07,
            "net_income": 42676,
            "revenue": 128580,
            "common_shares": 420000,
            "equity": 678935,
            "current_ratio": 109.64,
            "debt_ratio": 33.41,
            "inventory_turnover_ratio": 18.15,
            "account_receivable_turnover_ratio": null,
            "reinvestment_rate": null,
            "research_to_sale_ratio": null,
            "price_fair": 130.76,
            "eps_avg_yearly": 3.74,
            "eps_latest_yearly": 4.08,
            "eps_growth_yearly": 26.02
        },
        "20043": {
            "year_quarter": 20043,
            "year": 2004,
            "quarter": 3,
            "eps": 1.2,
            "eps_growth_year": 34.83,
            "eps_4q": 4.12,
            "eps_4q_growth_year": 3.28,
            "roe": 7.18,
            "gross_profit": 73638,
            "gross_margin": 54.06,
            "net_income": 50573,
            "revenue": 136213,
            "common_shares": 420000,
            "equity": 729508,
            "current_ratio": 135.25,
            "debt_ratio": 18.6,
            "inventory_turnover_ratio": 10.2,
            "account_receivable_turnover_ratio": null,
            "reinvestment_rate": null,
            "research_to_sale_ratio": null,
            "price_fair": 134.15,
            "eps_avg_yearly": 3.83,
            "eps_latest_yearly": 4.8,
            "eps_growth_yearly": 30.07
        },
        "20044": {
            "year_quarter": 20044,
            "year": 2004,
            "quarter": 4,
            "eps": 1.07,
            "eps_growth_year": 42.67,
            "eps_4q": 3.83,
            "eps_4q_growth_year": -3.96,
            "roe": 5.99,
            "gross_profit": 82143,
            "gross_margin": 57.3,
            "net_income": 54961,
            "revenue": 143363,
            "common_shares": 620000,
            "equity": 1106419,
            "current_ratio": 456.33,
            "debt_ratio": 10.28,
            "inventory_turnover_ratio": 9.64,
            "account_receivable_turnover_ratio": null,
            "reinvestment_rate": -14.84,
            "research_to_sale_ratio": null,
            "price_fair": 131.39,
            "eps_avg_yearly": 3.87,
            "eps_latest_yearly": 4.28,
            "eps_growth_yearly": 23.95
        },
        "20051": {
            "year_quarter": 20051,
            "year": 2005,
            "quarter": 1,
            "eps": 0.87,
            "eps_growth_year": -25,
            "eps_4q": 3.26,
            "eps_4q_growth_year": -23.24,
            "roe": 4.76,
            "gross_profit": 82278,
            "gross_margin": 57.62,
            "net_income": 53934,
            "revenue": 142806,
            "common_shares": 620000,
            "equity": 1160353,
            "current_ratio": 390.43,
            "debt_ratio": 13.07,
            "inventory_turnover_ratio": 9.98,
            "account_receivable_turnover_ratio": null,
            "reinvestment_rate": -13.91,
            "research_to_sale_ratio": null,
            "price_fair": 101.21,
            "eps_avg_yearly": 3.84,
            "eps_latest_yearly": 3.48,
            "eps_growth_yearly": 16.36
        },
        "20052": {
            "year_quarter": 20052,
            "year": 2005,
            "quarter": 2,
            "eps": 0.79,
            "eps_growth_year": -22.55,
            "eps_4q": 3.35,
            "eps_4q_growth_year": -12.79,
            "roe": 4.53,
            "gross_profit": 79781,
            "gross_margin": 55.63,
            "net_income": 49289,
            "revenue": 143403,
            "common_shares": 620000,
            "equity": 1015892,
            "current_ratio": 217.78,
            "debt_ratio": 25.13,
            "inventory_turnover_ratio": 13.04,
            "account_receivable_turnover_ratio": null,
            "reinvestment_rate": -13.19,
            "research_to_sale_ratio": null,
            "price_fair": 85.54,
            "eps_avg_yearly": 3.79,
            "eps_latest_yearly": 3.16,
            "eps_growth_yearly": 12.56
        },
        "20053": {
            "year_quarter": 20053,
            "year": 2005,
            "quarter": 3,
            "eps": 0.99,
            "eps_growth_year": -17.5,
            "eps_4q": 3.54,
            "eps_4q_growth_year": -14.18,
            "roe": 5.88,
            "gross_profit": 78895,
            "gross_margin": 54.88,
            "net_income": 61532,
            "revenue": 143747,
            "common_shares": 620000,
            "equity": 1077424,
            "current_ratio": 329.7,
            "debt_ratio": 13.12,
            "inventory_turnover_ratio": 20.97,
            "account_receivable_turnover_ratio": null,
            "reinvestment_rate": -12.19,
            "research_to_sale_ratio": null,
            "price_fair": 108.28,
            "eps_avg_yearly": 3.8,
            "eps_latest_yearly": 3.96,
            "eps_growth_yearly": 18.48
        },
        "20054": {
            "year_quarter": 20054,
            "year": 2005,
            "quarter": 4,
            "eps": 0.83,
            "eps_growth_year": -22.43,
            "eps_4q": 3.48,
            "eps_4q_growth_year": -9.22,
            "roe": 4.68,
            "gross_profit": 76869,
            "gross_margin": 53.26,
            "net_income": 51615,
            "revenue": 144334,
            "common_shares": 620000,
            "equity": 1129039,
            "current_ratio": 443.55,
            "debt_ratio": 10.13,
            "inventory_turnover_ratio": 23.47,
            "account_receivable_turnover_ratio": null,
            "reinvestment_rate": -11.68,
            "research_to_sale_ratio": null,
            "price_fair": 87.83,
            "eps_avg_yearly": 3.77,
            "eps_latest_yearly": 3.32,
            "eps_growth_yearly": 13.28
        },
        "20061": {
            "year_quarter": 20061,
            "year": 2006,
            "quarter": 1,
            "eps": 1.06,
            "eps_growth_year": 21.84,
            "eps_4q": 3.69,
            "eps_4q_growth_year": 13.16,
            "roe": 5.64,
            "gross_profit": 81215,
            "gross_margin": 56.03,
            "net_income": 65472,
            "revenue": 144956,
            "common_shares": 620000,
            "equity": 1194511,
            "current_ratio": 362.39,
            "debt_ratio": 13.53,
            "inventory_turnover_ratio": 14.27,
            "account_receivable_turnover_ratio": null,
            "reinvestment_rate": -10.72,
            "research_to_sale_ratio": null,
            "price_fair": 135.8,
            "eps_avg_yearly": 3.88,
            "eps_latest_yearly": 4.24,
            "eps_growth_yearly": 28.45
        },
        "20062": {
            "year_quarter": 20062,
            "year": 2006,
            "quarter": 2,
            "eps": 0.88,
            "eps_growth_year": 11.39,
            "eps_4q": 3.76,
            "eps_4q_growth_year": 12.51,
            "roe": 4.84,
            "gross_profit": 78969,
            "gross_margin": 54.31,
            "net_income": 54492,
            "revenue": 145409,
            "common_shares": 620000,
            "equity": 1055253,
            "current_ratio": 206.68,
            "debt_ratio": 26.36,
            "inventory_turnover_ratio": 10.37,
            "account_receivable_turnover_ratio": null,
            "reinvestment_rate": -10.5,
            "research_to_sale_ratio": null,
            "price_fair": 79.91,
            "eps_avg_yearly": 3.86,
            "eps_latest_yearly": 3.52,
            "eps_growth_yearly": 10.72
        },
        "20063": {
            "year_quarter": 20063,
            "year": 2006,
            "quarter": 3,
            "eps": 1.1,
            "eps_growth_year": 11.11,
            "eps_4q": 3.87,
            "eps_4q_growth_year": 9.44,
            "roe": 6.26,
            "gross_profit": 78149,
            "gross_margin": 53.66,
            "net_income": 68170,
            "revenue": 145633,
            "common_shares": 620000,
            "equity": 1123423,
            "current_ratio": 356.14,
            "debt_ratio": 13.82,
            "inventory_turnover_ratio": 8.71,
            "account_receivable_turnover_ratio": null,
            "reinvestment_rate": -9.69,
            "research_to_sale_ratio": null,
            "price_fair": 122.18,
            "eps_avg_yearly": 3.93,
            "eps_latest_yearly": 4.4,
            "eps_growth_yearly": 21.09
        },
        "20064": {
            "year_quarter": 20064,
            "year": 2006,
            "quarter": 4,
            "eps": 0.84,
            "eps_growth_year": 1.2,
            "eps_4q": 3.89,
            "eps_4q_growth_year": 11.8,
            "roe": 4.47,
            "gross_profit": 76960,
            "gross_margin": 52.87,
            "net_income": 51815,
            "revenue": 145576,
            "common_shares": 620000,
            "equity": 1196658,
            "current_ratio": 448.6,
            "debt_ratio": 10.63,
            "inventory_turnover_ratio": 10.45,
            "account_receivable_turnover_ratio": null,
            "reinvestment_rate": -8.99,
            "research_to_sale_ratio": null,
            "price_fair": 108.13,
            "eps_avg_yearly": 3.96,
            "eps_latest_yearly": 3.36,
            "eps_growth_yearly": 17.34
        },
        "20071": {
            "year_quarter": 20071,
            "year": 2007,
            "quarter": 1,
            "eps": 1.14,
            "eps_growth_year": 7.55,
            "eps_4q": 3.96,
            "eps_4q_growth_year": 7.37,
            "roe": 5.71,
            "gross_profit": 83008,
            "gross_margin": 53.87,
            "net_income": 70488,
            "revenue": 154079,
            "common_shares": 620000,
            "equity": 1271752,
            "current_ratio": 395.07,
            "debt_ratio": 12.71,
            "inventory_turnover_ratio": 7.39,
            "account_receivable_turnover_ratio": null,
            "reinvestment_rate": -8.62,
            "research_to_sale_ratio": null,
            "price_fair": 119.62,
            "eps_avg_yearly": 4.01,
            "eps_latest_yearly": 4.56,
            "eps_growth_yearly": 19.85
        },
        "20072": {
            "year_quarter": 20072,
            "year": 2007,
            "quarter": 2,
            "eps": 1.12,
            "eps_growth_year": 27.27,
            "eps_4q": 4.19,
            "eps_4q_growth_year": 11.25,
            "roe": 5.73,
            "gross_profit": 82916,
            "gross_margin": 52.35,
            "net_income": 69530,
            "revenue": 158399,
            "common_shares": 620000,
            "equity": 1154323,
            "current_ratio": 222.73,
            "debt_ratio": 24.35,
            "inventory_turnover_ratio": 4.79,
            "account_receivable_turnover_ratio": null,
            "reinvestment_rate": -7.68,
            "research_to_sale_ratio": null,
            "price_fair": 61.67,
            "eps_avg_yearly": 3.93,
            "eps_latest_yearly": 4.48,
            "eps_growth_yearly": 5.7
        },
        "20073": {
            "year_quarter": 20073,
            "year": 2007,
            "quarter": 3,
            "eps": 1.2,
            "eps_growth_year": 9.09,
            "eps_4q": 4.29,
            "eps_4q_growth_year": 10.91,
            "roe": 6.25,
            "gross_profit": 88168,
            "gross_margin": 54.09,
            "net_income": 74485,
            "revenue": 162993,
            "common_shares": 620000,
            "equity": 1228809,
            "current_ratio": 411.32,
            "debt_ratio": 11.76,
            "inventory_turnover_ratio": 3.85,
            "account_receivable_turnover_ratio": null,
            "reinvestment_rate": -8.6,
            "research_to_sale_ratio": null,
            "price_fair": 108.28,
            "eps_avg_yearly": 4.01,
            "eps_latest_yearly": 4.8,
            "eps_growth_yearly": 17.04
        },
        "20074": {
            "year_quarter": 20074,
            "year": 2007,
            "quarter": 4,
            "eps": 0.55,
            "eps_growth_year": -34.52,
            "eps_4q": 4.03,
            "eps_4q_growth_year": 3.58,
            "roe": 2.71,
            "gross_profit": 84656,
            "gross_margin": 52.99,
            "net_income": 33911,
            "revenue": 159751,
            "common_shares": 620000,
            "equity": 1274816,
            "current_ratio": 507.19,
            "debt_ratio": 9.4,
            "inventory_turnover_ratio": 4.2,
            "account_receivable_turnover_ratio": null,
            "reinvestment_rate": -8.86,
            "research_to_sale_ratio": null,
            "price_fair": 68.92,
            "eps_avg_yearly": 3.96,
            "eps_latest_yearly": 2.2,
            "eps_growth_yearly": 7.43
        },
        "20081": {
            "year_quarter": 20081,
            "year": 2008,
            "quarter": 1,
            "eps": 0.84,
            "eps_growth_year": -26.32,
            "eps_4q": 3.71,
            "eps_4q_growth_year": -6.44,
            "roe": 4,
            "gross_profit": 82760,
            "gross_margin": 52.77,
            "net_income": 52134,
            "revenue": 156828,
            "common_shares": 620000,
            "equity": 1331978,
            "current_ratio": 414.59,
            "debt_ratio": 12.24,
            "inventory_turnover_ratio": 5.21,
            "account_receivable_turnover_ratio": null,
            "reinvestment_rate": -9.22,
            "research_to_sale_ratio": null,
            "price_fair": 65.65,
            "eps_avg_yearly": 3.88,
            "eps_latest_yearly": 3.36,
            "eps_growth_yearly": 6.94
        },
        "20082": {
            "year_quarter": 20082,
            "year": 2008,
            "quarter": 2,
            "eps": 0.33,
            "eps_growth_year": -70.54,
            "eps_4q": 2.95,
            "eps_4q_growth_year": -29.58,
            "roe": 1.63,
            "gross_profit": 82374,
            "gross_margin": 52.63,
            "net_income": 20224,
            "revenue": 156526,
            "common_shares": 620000,
            "equity": 1144347,
            "current_ratio": 210.07,
            "debt_ratio": 26.04,
            "inventory_turnover_ratio": 6.15,
            "account_receivable_turnover_ratio": null,
            "reinvestment_rate": -11.66,
            "research_to_sale_ratio": null,
            "price_fair": 11.11,
            "eps_avg_yearly": 3.7,
            "eps_latest_yearly": 1.32,
            "eps_growth_yearly": -5.22
        },
        "20083": {
            "year_quarter": 20083,
            "year": 2008,
            "quarter": 3,
            "eps": 0.76,
            "eps_growth_year": -36.67,
            "eps_4q": 2.47,
            "eps_4q_growth_year": -42.36,
            "roe": 4.07,
            "gross_profit": 88697,
            "gross_margin": 55.93,
            "net_income": 47144,
            "revenue": 158589,
            "common_shares": 620000,
            "equity": 1172817,
            "current_ratio": 386.62,
            "debt_ratio": 12.62,
            "inventory_turnover_ratio": 6.94,
            "account_receivable_turnover_ratio": null,
            "reinvestment_rate": -12.08,
            "research_to_sale_ratio": null,
            "price_fair": 118.35,
            "eps_avg_yearly": 3.59,
            "eps_latest_yearly": 3.04,
            "eps_growth_yearly": 22.94
        },
        "20084": {
            "year_quarter": 20084,
            "year": 2008,
            "quarter": 4,
            "eps": 1.16,
            "eps_growth_year": 110.91,
            "eps_4q": 3.09,
            "eps_4q_growth_year": -23.43,
            "roe": 5.96,
            "gross_profit": 95591,
            "gross_margin": 59.46,
            "net_income": 72010,
            "revenue": 160764,
            "common_shares": 620000,
            "equity": 1245117,
            "current_ratio": 391.12,
            "debt_ratio": 13.08,
            "inventory_turnover_ratio": 6.09,
            "account_receivable_turnover_ratio": null,
            "reinvestment_rate": -9.5,
            "research_to_sale_ratio": null,
            "price_fair": 126.53,
            "eps_avg_yearly": 3.62,
            "eps_latest_yearly": 4.64,
            "eps_growth_yearly": 38.81
        },
        "20091": {
            "year_quarter": 20091,
            "year": 2009,
            "quarter": 1,
            "eps": 1.08,
            "eps_growth_year": 28.57,
            "eps_4q": 3.33,
            "eps_4q_growth_year": -10.24,
            "roe": 5.22,
            "gross_profit": 92895,
            "gross_margin": 58.17,
            "net_income": 66979,
            "revenue": 159704,
            "common_shares": 620000,
            "equity": 1319254,
            "current_ratio": 391.13,
            "debt_ratio": 13.6,
            "inventory_turnover_ratio": 6.33,
            "account_receivable_turnover_ratio": null,
            "reinvestment_rate": -9.09,
            "research_to_sale_ratio": null,
            "price_fair": 128.36,
            "eps_avg_yearly": 3.67,
            "eps_latest_yearly": 4.32,
            "eps_growth_yearly": 41.76
        },
        "20092": {
            "year_quarter": 20092,
            "year": 2009,
            "quarter": 2,
            "eps": 1.11,
            "eps_growth_year": 236.36,
            "eps_4q": 4.1,
            "eps_4q_growth_year": 39.05,
            "roe": 5.45,
            "gross_profit": 94847,
            "gross_margin": 58.72,
            "net_income": 69074,
            "revenue": 161528,
            "common_shares": 620000,
            "equity": 1216210,
            "current_ratio": 190.62,
            "debt_ratio": 26.64,
            "inventory_turnover_ratio": 7.12,
            "account_receivable_turnover_ratio": 6,
            "reinvestment_rate": 3.87,
            "research_to_sale_ratio": null,
            "price_fair": 131.16,
            "eps_avg_yearly": 3.75,
            "eps_latest_yearly": 4.44,
            "eps_growth_yearly": 44.75
        },
        "20093": {
            "year_quarter": 20093,
            "year": 2009,
            "quarter": 3,
            "eps": 1.07,
            "eps_growth_year": 40.79,
            "eps_4q": 4.44,
            "eps_4q_growth_year": 79.46,
            "roe": 5.29,
            "gross_profit": 91773,
            "gross_margin": 57.29,
            "net_income": 66097,
            "revenue": 160186,
            "common_shares": 620000,
            "equity": 1280573,
            "current_ratio": 293.36,
            "debt_ratio": 15.55,
            "inventory_turnover_ratio": 7.58,
            "account_receivable_turnover_ratio": 2.68,
            "reinvestment_rate": 4.25,
            "research_to_sale_ratio": null,
            "price_fair": 131.86,
            "eps_avg_yearly": 3.77,
            "eps_latest_yearly": 4.28,
            "eps_growth_yearly": 37.52
        },
        "20094": {
            "year_quarter": 20094,
            "year": 2009,
            "quarter": 4,
            "eps": 0.97,
            "eps_growth_year": -16.38,
            "eps_4q": 4.23,
            "eps_4q_growth_year": 37.22,
            "roe": 4.58,
            "gross_profit": 96486,
            "gross_margin": 59.8,
            "net_income": 60087,
            "revenue": 161349,
            "common_shares": 620000,
            "equity": 1341853,
            "current_ratio": 361.62,
            "debt_ratio": 12.67,
            "inventory_turnover_ratio": 7.46,
            "account_receivable_turnover_ratio": 2.43,
            "reinvestment_rate": 4.58,
            "research_to_sale_ratio": null,
            "price_fair": 133.09,
            "eps_avg_yearly": 3.8,
            "eps_latest_yearly": 3.88,
            "eps_growth_yearly": 39.23
        },
        "20101": {
            "year_quarter": 20101,
            "year": 2010,
            "quarter": 1,
            "eps": null,
            "eps_growth_year": null,
            "eps_4q": null,
            "eps_4q_growth_year": null,
            "roe": null,
            "gross_profit": 97013,
            "gross_margin": null,
            "net_income": 75081,
            "revenue": 162128,
            "common_shares": 620000,
            "equity": 1422026,
            "current_ratio": 365.39,
            "debt_ratio": 13.13,
            "inventory_turnover_ratio": null,
            "account_receivable_turnover_ratio": null,
            "reinvestment_rate": null,
            "research_to_sale_ratio": null,
            "price_fair": 132.07,
            "eps_avg_yearly": 3.77,
            "eps_latest_yearly": 3.88,
            "eps_growth_yearly": 34.45
        },
        "20102": {
            "year_quarter": 20102,
            "year": 2010,
            "quarter": 2,
            "eps": 1.31,
            "eps_growth_year": 17.99,
            "eps_4q": 3.34,
            "eps_4q_growth_year": -18.44,
            "roe": 5.99,
            "gross_profit": 93619,
            "gross_margin": 57.89,
            "net_income": 81201,
            "revenue": 161721,
            "common_shares": 620000,
            "equity": 1290895,
            "current_ratio": 210.19,
            "debt_ratio": 24.28,
            "inventory_turnover_ratio": 8.96,
            "account_receivable_turnover_ratio": 5.69,
            "reinvestment_rate": 66.42,
            "research_to_sale_ratio": null,
            "price_fair": 132.7,
            "eps_avg_yearly": 3.79,
            "eps_latest_yearly": 3.88,
            "eps_growth_yearly": 41.77
        },
        "20103": {
            "year_quarter": 20103,
            "year": 2010,
            "quarter": 3,
            "eps": 1.15,
            "eps_growth_year": 7.66,
            "eps_4q": 3.43,
            "eps_4q_growth_year": -22.7,
            "roe": 5.38,
            "gross_profit": 96665,
            "gross_margin": 59.6,
            "net_income": 71425,
            "revenue": 162190,
            "common_shares": 620000,
            "equity": 1363266,
            "current_ratio": 359.8,
            "debt_ratio": 12.53,
            "inventory_turnover_ratio": 7.74,
            "account_receivable_turnover_ratio": 2.84,
            "reinvestment_rate": 68.68,
            "research_to_sale_ratio": null,
            "price_fair": 133.2,
            "eps_avg_yearly": 3.81,
            "eps_latest_yearly": 4.6,
            "eps_growth_yearly": 31.13
        },
        "20104": {
            "year_quarter": 20104,
            "year": 2010,
            "quarter": 4,
            "eps": 1.14,
            "eps_growth_year": 17.04,
            "eps_4q": 3.6,
            "eps_4q_growth_year": -15.03,
            "roe": 5.03,
            "gross_profit": 94150,
            "gross_margin": 57.68,
            "net_income": 70389,
            "revenue": 163224,
            "common_shares": 620000,
            "equity": 1437340,
            "current_ratio": 346.94,
            "debt_ratio": 13.35,
            "inventory_turnover_ratio": 8.67,
            "account_receivable_turnover_ratio": 2.7,
            "reinvestment_rate": 70.69,
            "research_to_sale_ratio": null,
            "price_fair": 136.2,
            "eps_avg_yearly": 3.89,
            "eps_latest_yearly": 4.56,
            "eps_growth_yearly": 37.64
        },
        "20111": {
            "year_quarter": 20111,
            "year": 2011,
            "quarter": 1,
            "eps": 1.25,
            "eps_growth_year": null,
            "eps_4q": 4.84,
            "eps_4q_growth_year": null,
            "roe": 5.24,
            "gross_profit": 91988,
            "gross_margin": 57.07,
            "net_income": 77362,
            "revenue": 161171,
            "common_shares": 620000,
            "equity": 1515244,
            "current_ratio": 354.21,
            "debt_ratio": 13.29,
            "inventory_turnover_ratio": 8.94,
            "account_receivable_turnover_ratio": 2.85,
            "reinvestment_rate": 73.91,
            "research_to_sale_ratio": null,
            "price_fair": 137.3,
            "eps_avg_yearly": 3.92,
            "eps_latest_yearly": 5,
            "eps_growth_yearly": 30.19
        },
        "20112": {
            "year_quarter": 20112,
            "year": 2011,
            "quarter": 2,
            "eps": 1.07,
            "eps_growth_year": -18.22,
            "eps_4q": 4.2,
            "eps_4q_growth_year": 25.55,
            "roe": 5.07,
            "gross_profit": 89680,
            "gross_margin": 55.95,
            "net_income": 75036,
            "revenue": 160285,
            "common_shares": 620000,
            "equity": 1443485,
            "current_ratio": 252.87,
            "debt_ratio": 18.58,
            "inventory_turnover_ratio": 9.22,
            "account_receivable_turnover_ratio": 3,
            "reinvestment_rate": 74.86,
            "research_to_sale_ratio": null,
            "price_fair": 136.8,
            "eps_avg_yearly": 3.91,
            "eps_latest_yearly": 4.28,
            "eps_growth_yearly": 26.58
        },
        "20113": {
            "year_quarter": 20113,
            "year": 2011,
            "quarter": 3,
            "eps": 0.81,
            "eps_growth_year": -29.4,
            "eps_4q": 3.99,
            "eps_4q_growth_year": 16.39,
            "roe": 3.89,
            "gross_profit": 92765,
            "gross_margin": 58.12,
            "net_income": 56984,
            "revenue": 159598,
            "common_shares": 700600,
            "equity": 1486133,
            "current_ratio": 407.85,
            "debt_ratio": 10.18,
            "inventory_turnover_ratio": 8.9,
            "account_receivable_turnover_ratio": 3.16,
            "reinvestment_rate": 78.73,
            "research_to_sale_ratio": null,
            "price_fair": 104.78,
            "eps_avg_yearly": 3.8,
            "eps_latest_yearly": 3.24,
            "eps_growth_yearly": 17.59
        },
        "20114": {
            "year_quarter": 20114,
            "year": 2011,
            "quarter": 4,
            "eps": 1.09,
            "eps_growth_year": -3.83,
            "eps_4q": 4.08,
            "eps_4q_growth_year": 13.44,
            "roe": 5,
            "gross_profit": 89689,
            "gross_margin": 56.31,
            "net_income": 76493,
            "revenue": 159268,
            "common_shares": 700600,
            "equity": 1571054,
            "current_ratio": 395.04,
            "debt_ratio": 10.68,
            "inventory_turnover_ratio": 9.52,
            "account_receivable_turnover_ratio": 3.15,
            "reinvestment_rate": 80.57,
            "research_to_sale_ratio": null,
            "price_fair": 138.3,
            "eps_avg_yearly": 3.95,
            "eps_latest_yearly": 4.36,
            "eps_growth_yearly": 42.95
        },
        "20121": {
            "year_quarter": 20121,
            "year": 2012,
            "quarter": 1,
            "eps": 1.19,
            "eps_growth_year": -4.8,
            "eps_4q": 4.17,
            "eps_4q_growth_year": -13.93,
            "roe": 5.17,
            "gross_profit": 93448,
            "gross_margin": 58.26,
            "net_income": 83640,
            "revenue": 160406,
            "common_shares": 700600,
            "equity": 1663536,
            "current_ratio": 386.45,
            "debt_ratio": 10.42,
            "inventory_turnover_ratio": 9.34,
            "account_receivable_turnover_ratio": 2.81,
            "reinvestment_rate": 87.59,
            "research_to_sale_ratio": null,
            "price_fair": 141.8,
            "eps_avg_yearly": 4.05,
            "eps_latest_yearly": 4.76,
            "eps_growth_yearly": 30.5
        },
        "20122": {
            "year_quarter": 20122,
            "year": 2012,
            "quarter": 2,
            "eps": 1,
            "eps_growth_year": -6.52,
            "eps_4q": 3.82,
            "eps_4q_growth_year": -9.07,
            "roe": 4.71,
            "gross_profit": 89837,
            "gross_margin": 56.13,
            "net_income": 77161,
            "revenue": 160038,
            "common_shares": 700600,
            "equity": 1613625,
            "current_ratio": 200.63,
            "debt_ratio": 22.07,
            "inventory_turnover_ratio": 9,
            "account_receivable_turnover_ratio": 2.8,
            "reinvestment_rate": 88.88,
            "research_to_sale_ratio": null,
            "price_fair": 148.5,
            "eps_avg_yearly": 4.24,
            "eps_latest_yearly": 4,
            "eps_growth_yearly": 43.29
        },
        "20123": {
            "year_quarter": 20123,
            "year": 2012,
            "quarter": 3,
            "eps": 1.07,
            "eps_growth_year": 31.63,
            "eps_4q": 4.15,
            "eps_4q_growth_year": 3.92,
            "roe": 4.97,
            "gross_profit": 117699,
            "gross_margin": 57.81,
            "net_income": 82508,
            "revenue": 203598,
            "common_shares": 770660,
            "equity": 1705314,
            "current_ratio": 316.25,
            "debt_ratio": 13.06,
            "inventory_turnover_ratio": 9.29,
            "account_receivable_turnover_ratio": 3.53,
            "reinvestment_rate": 90.38,
            "research_to_sale_ratio": null,
            "price_fair": 78.22,
            "eps_avg_yearly": 4.33,
            "eps_latest_yearly": 4.28,
            "eps_growth_yearly": 8.06
        },
        "20124": {
            "year_quarter": 20124,
            "year": 2012,
            "quarter": 4,
            "eps": 0.97,
            "eps_growth_year": -11.52,
            "eps_4q": 4.12,
            "eps_4q_growth_year": 1.05,
            "roe": 3.92,
            "gross_profit": 116094,
            "gross_margin": 56.42,
            "net_income": 78146,
            "revenue": 205770,
            "common_shares": 770660,
            "equity": 2278271,
            "current_ratio": 507.84,
            "debt_ratio": 11.16,
            "inventory_turnover_ratio": 9.22,
            "account_receivable_turnover_ratio": 3.48,
            "reinvestment_rate": 94.23,
            "research_to_sale_ratio": null,
            "price_fair": 12.83,
            "eps_avg_yearly": 4.28,
            "eps_latest_yearly": 3.88,
            "eps_growth_yearly": -9.65
        },
        "20131": {
            "year_quarter": 20131,
            "year": 2013,
            "quarter": 1,
            "eps": 0.89,
            "eps_growth_year": -25.21,
            "eps_4q": 3.93,
            "eps_4q_growth_year": -5.86,
            "roe": 2.65,
            "gross_profit": 118383,
            "gross_margin": 57.67,
            "net_income": 71997,
            "revenue": 205274,
            "common_shares": 770660,
            "equity": 3159037,
            "current_ratio": 294.66,
            "debt_ratio": 23.51,
            "inventory_turnover_ratio": 9.96,
            "account_receivable_turnover_ratio": 3.45,
            "reinvestment_rate": 98.62,
            "research_to_sale_ratio": null,
            "price_fair": 12.67,
            "eps_avg_yearly": 4.22,
            "eps_latest_yearly": 3.56,
            "eps_growth_yearly": -10.03
        },
        "20132": {
            "year_quarter": 20132,
            "year": 2013,
            "quarter": 2,
            "eps": 0.89,
            "eps_growth_year": -11.11,
            "eps_4q": 3.47,
            "eps_4q_growth_year": -9.19,
            "roe": 2.26,
            "gross_profit": 119996,
            "gross_margin": 57.9,
            "net_income": 70665,
            "revenue": 207258,
            "common_shares": 770660,
            "equity": 3092983,
            "current_ratio": 420.17,
            "debt_ratio": 40.15,
            "inventory_turnover_ratio": 8.1,
            "account_receivable_turnover_ratio": 3.49,
            "reinvestment_rate": 87.87,
            "research_to_sale_ratio": null,
            "price_fair": 12.48,
            "eps_avg_yearly": 4.16,
            "eps_latest_yearly": 3.56,
            "eps_growth_yearly": -10.83
        },
        "20133": {
            "year_quarter": 20133,
            "year": 2013,
            "quarter": 3,
            "eps": 0.66,
            "eps_growth_year": -38.35,
            "eps_4q": 3.16,
            "eps_4q_growth_year": -23.95,
            "roe": 1.87,
            "gross_profit": 112247,
            "gross_margin": 54.77,
            "net_income": 58496,
            "revenue": 204935,
            "common_shares": 847726,
            "equity": 3157452,
            "current_ratio": 423.74,
            "debt_ratio": 39.41,
            "inventory_turnover_ratio": 6.71,
            "account_receivable_turnover_ratio": 3.53,
            "reinvestment_rate": 101.13,
            "research_to_sale_ratio": null,
            "price_fair": 12.13,
            "eps_avg_yearly": 4.04,
            "eps_latest_yearly": 2.64,
            "eps_growth_yearly": -17.18
        },
        "20134": {
            "year_quarter": 20134,
            "year": 2013,
            "quarter": 4,
            "eps": 0.75,
            "eps_growth_year": -21.89,
            "eps_4q": 3.03,
            "eps_4q_growth_year": -26.46,
            "roe": 2.45,
            "gross_profit": 108602,
            "gross_margin": 53.17,
            "net_income": 78306,
            "revenue": 204262,
            "common_shares": 847726,
            "equity": 3228596,
            "current_ratio": 440.56,
            "debt_ratio": 38.45,
            "inventory_turnover_ratio": 5.56,
            "account_receivable_turnover_ratio": 3.41,
            "reinvestment_rate": 110.2,
            "research_to_sale_ratio": null,
            "price_fair": 11.94,
            "eps_avg_yearly": 3.98,
            "eps_latest_yearly": 3,
            "eps_growth_yearly": -10.62
        },
        "20141": {
            "year_quarter": 20141,
            "year": 2014,
            "quarter": 1,
            "eps": 0.71,
            "eps_growth_year": -20.22,
            "eps_4q": 2.93,
            "eps_4q_growth_year": -25.36,
            "roe": 1.84,
            "gross_profit": 120846,
            "gross_margin": 56.71,
            "net_income": 60023,
            "revenue": 213080,
            "common_shares": 847726,
            "equity": 3287319,
            "current_ratio": 449.32,
            "debt_ratio": 37.77,
            "inventory_turnover_ratio": 4.34,
            "account_receivable_turnover_ratio": 3.3,
            "reinvestment_rate": 120.14,
            "research_to_sale_ratio": null,
            "price_fair": 11.71,
            "eps_avg_yearly": 3.9,
            "eps_latest_yearly": 2.84,
            "eps_growth_yearly": -11.33
        },
        "20142": {
            "year_quarter": 20142,
            "year": 2014,
            "quarter": 2,
            "eps": 0.94,
            "eps_growth_year": 5.62,
            "eps_4q": 3.06,
            "eps_4q_growth_year": -11.69,
            "roe": 2.28,
            "gross_profit": 123434,
            "gross_margin": 56.31,
            "net_income": 73277,
            "revenue": 219220,
            "common_shares": 847726,
            "equity": 3143769,
            "current_ratio": 402.88,
            "debt_ratio": 39.78,
            "inventory_turnover_ratio": 4.48,
            "account_receivable_turnover_ratio": 3.62,
            "reinvestment_rate": 69.09,
            "research_to_sale_ratio": null,
            "price_fair": 11.69,
            "eps_avg_yearly": 3.9,
            "eps_latest_yearly": 3.76,
            "eps_growth_yearly": -2.52
        },
        "20143": {
            "year_quarter": 20143,
            "year": 2014,
            "quarter": 3,
            "eps": 0.96,
            "eps_growth_year": 45.45,
            "eps_4q": 3.36,
            "eps_4q_growth_year": 6.45,
            "roe": 2.97,
            "gross_profit": 118645,
            "gross_margin": 54.14,
            "net_income": 94891,
            "revenue": 219130,
            "common_shares": 847726,
            "equity": 3239713,
            "current_ratio": 398.04,
            "debt_ratio": 39.11,
            "inventory_turnover_ratio": 3.72,
            "account_receivable_turnover_ratio": 4.05,
            "reinvestment_rate": 81.12,
            "research_to_sale_ratio": null,
            "price_fair": 42.56,
            "eps_avg_yearly": 3.85,
            "eps_latest_yearly": 3.84,
            "eps_growth_yearly": 1.06
        },
        "20144": {
            "year_quarter": 20144,
            "year": 2014,
            "quarter": 4,
            "eps": 0.82,
            "eps_growth_year": 8.29,
            "eps_4q": 2.5,
            "eps_4q_growth_year": -17.39,
            "roe": 2.98,
            "gross_profit": 146436,
            "gross_margin": 51.65,
            "net_income": 121665,
            "revenue": 283493,
            "common_shares": 1396215,
            "equity": 4914174,
            "current_ratio": 271.56,
            "debt_ratio": 42.87,
            "inventory_turnover_ratio": 3.61,
            "account_receivable_turnover_ratio": 3.37,
            "reinvestment_rate": 114.25,
            "research_to_sale_ratio": null,
            "price_fair": 11.3,
            "eps_avg_yearly": 3.77,
            "eps_latest_yearly": 3.28,
            "eps_growth_yearly": -2.37
        },
        "20151": {
            "year_quarter": 20151,
            "year": 2015,
            "quarter": 1,
            "eps": 0.78,
            "eps_growth_year": 9.86,
            "eps_4q": 2.83,
            "eps_4q_growth_year": -3.58,
            "roe": 2,
            "gross_profit": 234202,
            "gross_margin": 57.21,
            "net_income": 99333,
            "revenue": 409350,
            "common_shares": 1396215,
            "equity": 5017934,
            "current_ratio": 190.85,
            "debt_ratio": 41.73,
            "inventory_turnover_ratio": 3.44,
            "account_receivable_turnover_ratio": 3.46,
            "reinvestment_rate": 206.79,
            "research_to_sale_ratio": null,
            "price_fair": 10.95,
            "eps_avg_yearly": 3.65,
            "eps_latest_yearly": 3.12,
            "eps_growth_yearly": -6
        },
        "20152": {
            "year_quarter": 20152,
            "year": 2015,
            "quarter": 2,
            "eps": 1.22,
            "eps_growth_year": 29.79,
            "eps_4q": 3.44,
            "eps_4q_growth_year": 12.33,
            "roe": 3.13,
            "gross_profit": 219807,
            "gross_margin": 53.29,
            "net_income": 154976,
            "revenue": 412479,
            "common_shares": 1396215,
            "equity": 4884884,
            "current_ratio": 71,
            "debt_ratio": 42.83,
            "inventory_turnover_ratio": 2.83,
            "account_receivable_turnover_ratio": 3.06,
            "reinvestment_rate": 241.07,
            "research_to_sale_ratio": null,
            "price_fair": 80.03,
            "eps_avg_yearly": 3.69,
            "eps_latest_yearly": 4.88,
            "eps_growth_yearly": 11.7
        },
        "20153": {
            "year_quarter": 20153,
            "year": 2015,
            "quarter": 3,
            "eps": 0.47,
            "eps_growth_year": -51.04,
            "eps_4q": 3.28,
            "eps_4q_growth_year": -2.37,
            "roe": 1.13,
            "gross_profit": 177559,
            "gross_margin": 42.68,
            "net_income": 55846,
            "revenue": 416019,
            "common_shares": 1400271,
            "equity": 4995249,
            "current_ratio": 80.78,
            "debt_ratio": 41.09,
            "inventory_turnover_ratio": 3.28,
            "account_receivable_turnover_ratio": 3.23,
            "reinvestment_rate": 218.61,
            "research_to_sale_ratio": null,
            "price_fair": 44.71,
            "eps_avg_yearly": 3.6,
            "eps_latest_yearly": 1.88,
            "eps_growth_yearly": 2.41
        },
        "20154": {
            "year_quarter": 20154,
            "year": 2015,
            "quarter": 4,
            "eps": -0.14,
            "eps_growth_year": -116.78,
            "eps_4q": 2.33,
            "eps_4q_growth_year": -7.05,
            "roe": -0.81,
            "gross_profit": 111712,
            "gross_margin": 25.76,
            "net_income": -40017,
            "revenue": 433728,
            "common_shares": 1400271,
            "equity": 4924579,
            "current_ratio": 101.09,
            "debt_ratio": 41.5,
            "inventory_turnover_ratio": 3.09,
            "account_receivable_turnover_ratio": 3.82,
            "reinvestment_rate": 183.4,
            "research_to_sale_ratio": null,
            "price_fair": 10.66,
            "eps_avg_yearly": 3.55,
            "eps_latest_yearly": 1.88,
            "eps_growth_yearly": -6.65
        },
        "20161": {
            "year_quarter": 20161,
            "year": 2016,
            "quarter": 1,
            "eps": -0.66,
            "eps_growth_year": -184.62,
            "eps_4q": 0.9,
            "eps_4q_growth_year": -68.26,
            "roe": -2.34,
            "gross_profit": 100702,
            "gross_margin": 23.79,
            "net_income": -114008,
            "revenue": 423315,
            "common_shares": 1400271,
            "equity": 4825881,
            "current_ratio": 141.65,
            "debt_ratio": 52.23,
            "inventory_turnover_ratio": 2.44,
            "account_receivable_turnover_ratio": 3.35,
            "reinvestment_rate": 292.17,
            "research_to_sale_ratio": null,
            "price_fair": 10.4,
            "eps_avg_yearly": 3.47,
            "eps_latest_yearly": 1.88,
            "eps_growth_yearly": -9.74
        },
        "20162": {
            "year_quarter": 20162,
            "year": 2016,
            "quarter": 2,
            "eps": -0.38,
            "eps_growth_year": -131.15,
            "eps_4q": -0.62,
            "eps_4q_growth_year": -117.93,
            "roe": -1.54,
            "gross_profit": 60273,
            "gross_margin": 15.06,
            "net_income": -73342,
            "revenue": 400173,
            "common_shares": 1400271,
            "equity": 4680783,
            "current_ratio": 157.25,
            "debt_ratio": 47.12,
            "inventory_turnover_ratio": 2.89,
            "account_receivable_turnover_ratio": 3.25,
            "reinvestment_rate": 340.93,
            "research_to_sale_ratio": null,
            "price_fair": 10.27,
            "eps_avg_yearly": 3.42,
            "eps_latest_yearly": 1.88,
            "eps_growth_yearly": -5.58
        },
        "20163": {
            "year_quarter": 20163,
            "year": 2016,
            "quarter": 3,
            "eps": -0.22,
            "eps_growth_year": -146.81,
            "eps_4q": -1.25,
            "eps_4q_growth_year": -138.18,
            "roe": -0.94,
            "gross_profit": 68647,
            "gross_margin": 17.07,
            "net_income": -43858,
            "revenue": 402136,
            "common_shares": 1582306,
            "equity": 4623572,
            "current_ratio": 181.74,
            "debt_ratio": 47.14,
            "inventory_turnover_ratio": 2.78,
            "account_receivable_turnover_ratio": 3.39,
            "reinvestment_rate": 377.36,
            "research_to_sale_ratio": null,
            "price_fair": 10.06,
            "eps_avg_yearly": 3.35,
            "eps_latest_yearly": 1.88,
            "eps_growth_yearly": -8.38
        },
        "20164": {
            "year_quarter": 20164,
            "year": 2016,
            "quarter": 4,
            "eps": -0.12,
            "eps_growth_year": null,
            "eps_4q": -1.25,
            "eps_4q_growth_year": -153.76,
            "roe": -0.79,
            "gross_profit": 80396,
            "gross_margin": 19.15,
            "net_income": -36350,
            "revenue": 419758,
            "common_shares": 1582306,
            "equity": 4607093,
            "current_ratio": 188.3,
            "debt_ratio": 49.25,
            "inventory_turnover_ratio": 3.7,
            "account_receivable_turnover_ratio": 3.16,
            "reinvestment_rate": 324.02,
            "research_to_sale_ratio": null,
            "price_fair": 9.92,
            "eps_avg_yearly": 3.31,
            "eps_latest_yearly": 1.88,
            "eps_growth_yearly": -5.74
        },
        "20171": {
            "year_quarter": 20171,
            "year": 2017,
            "quarter": 1,
            "eps": 0.3,
            "eps_growth_year": null,
            "eps_4q": -0.37,
            "eps_4q_growth_year": -140.92,
            "roe": 0.87,
            "gross_profit": 152237,
            "gross_margin": 35.23,
            "net_income": 40042,
            "revenue": 432104,
            "common_shares": 1582306,
            "equity": 4647135,
            "current_ratio": 171.11,
            "debt_ratio": 51.42,
            "inventory_turnover_ratio": 5.63,
            "account_receivable_turnover_ratio": 3.31,
            "reinvestment_rate": 319.88,
            "research_to_sale_ratio": null,
            "price_fair": 9.84,
            "eps_avg_yearly": 3.28,
            "eps_latest_yearly": 1.88,
            "eps_growth_yearly": -3.02
        },
        "20172": {
            "year_quarter": 20172,
            "year": 2017,
            "quarter": 2,
            "eps": 0.56,
            "eps_growth_year": null,
            "eps_4q": 0.52,
            "eps_4q_growth_year": null,
            "roe": 1.76,
            "gross_profit": 181954,
            "gross_margin": 39.04,
            "net_income": 82092,
            "revenue": 466092,
            "common_shares": 1582306,
            "equity": 4655072,
            "current_ratio": 167.42,
            "debt_ratio": 52.2,
            "inventory_turnover_ratio": 6.81,
            "account_receivable_turnover_ratio": 3.2,
            "reinvestment_rate": 307.93,
            "research_to_sale_ratio": null,
            "price_fair": 110.18,
            "eps_avg_yearly": 3.15,
            "eps_latest_yearly": 2.24,
            "eps_growth_yearly": 31.65
        },
        "20173": {
            "year_quarter": 20173,
            "year": 2017,
            "quarter": 3,
            "eps": 0.58,
            "eps_growth_year": null,
            "eps_4q": 1.31,
            "eps_4q_growth_year": null,
            "roe": 1.84,
            "gross_profit": 206601,
            "gross_margin": 42.13,
            "net_income": 86280,
            "revenue": 490356,
            "common_shares": 1582306,
            "equity": 4741352,
            "current_ratio": 216.06,
            "debt_ratio": 47.4,
            "inventory_turnover_ratio": 8.07,
            "account_receivable_turnover_ratio": 2.87,
            "reinvestment_rate": 271.29,
            "research_to_sale_ratio": null,
            "price_fair": 109.06,
            "eps_avg_yearly": 3.12,
            "eps_latest_yearly": 2.32,
            "eps_growth_yearly": 43.41
        },
        "20174": {
            "year_quarter": 20174,
            "year": 2017,
            "quarter": 4,
            "eps": 0.93,
            "eps_growth_year": null,
            "eps_4q": 2.37,
            "eps_4q_growth_year": null,
            "roe": 3.14,
            "gross_profit": 280435,
            "gross_margin": 57.87,
            "net_income": 151494,
            "revenue": 484612,
            "common_shares": 1582306,
            "equity": 4901914,
            "current_ratio": 238.22,
            "debt_ratio": 46.04,
            "inventory_turnover_ratio": 5.47,
            "account_receivable_turnover_ratio": 2.74,
            "reinvestment_rate": 224.88,
            "research_to_sale_ratio": null,
            "price_fair": 111.58,
            "eps_avg_yearly": 3.19,
            "eps_latest_yearly": 3.72,
            "eps_growth_yearly": 62.1
        },
        "20181": {
            "year_quarter": 20181,
            "year": 2018,
            "quarter": 1,
            "eps": 0.53,
            "eps_growth_year": 76.67,
            "eps_4q": 2.59,
            "eps_4q_growth_year": null,
            "roe": 1.64,
            "gross_profit": 197817,
            "gross_margin": 41.11,
            "net_income": 81035,
            "revenue": 481194,
            "common_shares": 1582306,
            "equity": 4982949,
            "current_ratio": 95.27,
            "debt_ratio": 47.05,
            "inventory_turnover_ratio": 7.19,
            "account_receivable_turnover_ratio": 2.62,
            "reinvestment_rate": 135.25,
            "research_to_sale_ratio": null,
            "price_fair": 109.06,
            "eps_avg_yearly": 3.12,
            "eps_latest_yearly": 2.12,
            "eps_growth_yearly": 47.03
        },
        "20182": {
            "year_quarter": 20182,
            "year": 2018,
            "quarter": 2,
            "eps": 0.63,
            "eps_growth_year": 12.5,
            "eps_4q": 2.67,
            "eps_4q_growth_year": 410.68,
            "roe": 2.13,
            "gross_profit": 201356,
            "gross_margin": 41.14,
            "net_income": 94759,
            "revenue": 489394,
            "common_shares": 1582306,
            "equity": 3918280,
            "current_ratio": 72.27,
            "debt_ratio": 56.65,
            "inventory_turnover_ratio": 7.82,
            "account_receivable_turnover_ratio": 2.56,
            "reinvestment_rate": 125.33,
            "research_to_sale_ratio": null,
            "price_fair": 104.72,
            "eps_avg_yearly": 2.99,
            "eps_latest_yearly": 2.52,
            "eps_growth_yearly": 41.62
        },
        "20183": {
            "year_quarter": 20183,
            "year": 2018,
            "quarter": 3,
            "eps": 0.57,
            "eps_growth_year": -1.72,
            "eps_4q": 2.66,
            "eps_4q_growth_year": 102.72,
            "roe": 2.14,
            "gross_profit": 205638,
            "gross_margin": 41.4,
            "net_income": 84728,
            "revenue": 496677,
            "common_shares": 1582306,
            "equity": 4003008,
            "current_ratio": 73.34,
            "debt_ratio": 54.51,
            "inventory_turnover_ratio": 7.72,
            "account_receivable_turnover_ratio": 2.6,
            "reinvestment_rate": 98.11,
            "research_to_sale_ratio": null,
            "price_fair": 99.26,
            "eps_avg_yearly": 2.84,
            "eps_latest_yearly": 2.28,
            "eps_growth_yearly": 36.96
        },
        "20184": {
            "year_quarter": 20184,
            "year": 2018,
            "quarter": 4,
            "eps": 0.64,
            "eps_growth_year": -31.29,
            "eps_4q": 2.37,
            "eps_4q_growth_year": 0.34,
            "roe": 2.34,
            "gross_profit": 226008,
            "gross_margin": 44.58,
            "net_income": 94833,
            "revenue": 506951,
            "common_shares": 1582306,
            "equity": 4095788,
            "current_ratio": 108.63,
            "debt_ratio": 61.26,
            "inventory_turnover_ratio": 6.48,
            "account_receivable_turnover_ratio": 2.56,
            "reinvestment_rate": 39.87,
            "research_to_sale_ratio": null,
            "price_fair": 96.74,
            "eps_avg_yearly": 2.76,
            "eps_latest_yearly": 2.56,
            "eps_growth_yearly": 47.7
        },
        "20191": {
            "year_quarter": 20191,
            "year": 2019,
            "quarter": 1,
            "eps": 0.73,
            "eps_growth_year": 37.74,
            "eps_4q": 2.57,
            "eps_4q_growth_year": -0.94,
            "roe": 2.6,
            "gross_profit": 214444,
            "gross_margin": 42.41,
            "net_income": 107832,
            "revenue": 505604,
            "common_shares": 1582306,
            "equity": 4203620,
            "current_ratio": 121.57,
            "debt_ratio": 52.22,
            "inventory_turnover_ratio": 6.9,
            "account_receivable_turnover_ratio": 2.36,
            "reinvestment_rate": -110.28,
            "research_to_sale_ratio": null,
            "price_fair": 96.04,
            "eps_avg_yearly": 2.74,
            "eps_latest_yearly": 2.92,
            "eps_growth_yearly": 55.28
        },
        "20192": {
            "year_quarter": 20192,
            "year": 2019,
            "quarter": 2,
            "eps": 0.81,
            "eps_growth_year": 28.57,
            "eps_4q": 2.75,
            "eps_4q_growth_year": 3.14,
            "roe": 2.98,
            "gross_profit": 212522,
            "gross_margin": 42.22,
            "net_income": 121039,
            "revenue": 503360,
            "common_shares": 1582306,
            "equity": 3930593,
            "current_ratio": 115.7,
            "debt_ratio": 52.65,
            "inventory_turnover_ratio": 8.72,
            "account_receivable_turnover_ratio": 2.27,
            "reinvestment_rate": -203.34,
            "research_to_sale_ratio": null,
            "price_fair": 90.3,
            "eps_avg_yearly": 2.58,
            "eps_latest_yearly": 3.24,
            "eps_growth_yearly": 37.1
        },
        "20193": {
            "year_quarter": 20193,
            "year": 2019,
            "quarter": 3,
            "eps": 1.08,
            "eps_growth_year": 89.47,
            "eps_4q": 3.26,
            "eps_4q_growth_year": 22.43,
            "roe": 3.99,
            "gross_profit": 298726,
            "gross_margin": 59.76,
            "net_income": 160170,
            "revenue": 499845,
            "common_shares": 1582306,
            "equity": 4090381,
            "current_ratio": 141.01,
            "debt_ratio": 48.05,
            "inventory_turnover_ratio": 7.34,
            "account_receivable_turnover_ratio": 2.09,
            "reinvestment_rate": -157.46,
            "research_to_sale_ratio": null,
            "price_fair": 98.84,
            "eps_avg_yearly": 2.82,
            "eps_latest_yearly": 4.32,
            "eps_growth_yearly": 75.02
        },
        "20194": {
            "year_quarter": 20194,
            "year": 2019,
            "quarter": 4,
            "eps": 0.76,
            "eps_growth_year": 19.44,
            "eps_4q": 3.39,
            "eps_4q_growth_year": 42.69,
            "roe": 2.73,
            "gross_profit": 243460,
            "gross_margin": 48.86,
            "net_income": 113271,
            "revenue": 498276,
            "common_shares": 1582306,
            "equity": 4207267,
            "current_ratio": 147.59,
            "debt_ratio": 47.43,
            "inventory_turnover_ratio": 8.39,
            "account_receivable_turnover_ratio": 2.1,
            "reinvestment_rate": -84.39,
            "research_to_sale_ratio": null,
            "price_fair": 99.53,
            "eps_avg_yearly": 2.84,
            "eps_latest_yearly": 3.04,
            "eps_growth_yearly": 57.43
        },
        "20201": {
            "year_quarter": 20201,
            "year": 2020,
            "quarter": 1,
            "eps": 0.74,
            "eps_growth_year": 1.37,
            "eps_4q": 3.4,
            "eps_4q_growth_year": 32.44,
            "roe": 2.58,
            "gross_profit": 224685,
            "gross_margin": 45.16,
            "net_income": 110160,
            "revenue": 497506,
            "common_shares": 1582306,
            "equity": 4316297,
            "current_ratio": 205.2,
            "debt_ratio": 43.89,
            "inventory_turnover_ratio": 8.63,
            "account_receivable_turnover_ratio": 2.22,
            "reinvestment_rate": -150.2,
            "research_to_sale_ratio": null,
            "price_fair": 99.87,
            "eps_avg_yearly": 2.85,
            "eps_latest_yearly": 2.96,
            "eps_growth_yearly": 51.76
        },
        "20202": {
            "year_quarter": 20202,
            "year": 2020,
            "quarter": 2,
            "eps": 0.68,
            "eps_growth_year": -16.05,
            "eps_4q": 3.26,
            "eps_4q_growth_year": 18.46,
            "roe": 2.42,
            "gross_profit": 219109,
            "gross_margin": 44.22,
            "net_income": 100217,
            "revenue": 495536,
            "common_shares": 1582306,
            "equity": 3971637,
            "current_ratio": 160.19,
            "debt_ratio": 49.42,
            "inventory_turnover_ratio": 10.12,
            "account_receivable_turnover_ratio": 2.09,
            "reinvestment_rate": -146.76,
            "research_to_sale_ratio": null,
            "price_fair": 99.51,
            "eps_avg_yearly": 2.84,
            "eps_latest_yearly": 2.72,
            "eps_growth_yearly": 45.29
        },
        "20203": {
            "year_quarter": 20203,
            "year": 2020,
            "quarter": 3,
            "eps": 1.28,
            "eps_growth_year": 18.52,
            "eps_4q": 3.46,
            "eps_4q_growth_year": 6.19,
            "roe": 4.68,
            "gross_profit": 338993,
            "gross_margin": 68.65,
            "net_income": 190159,
            "revenue": 493770,
            "common_shares": 1582306,
            "equity": 4161796,
            "current_ratio": 217.99,
            "debt_ratio": 43.49,
            "inventory_turnover_ratio": 6.12,
            "account_receivable_turnover_ratio": 2.94,
            "reinvestment_rate": -126.6,
            "research_to_sale_ratio": null,
            "price_fair": 105.2,
            "eps_avg_yearly": 3.01,
            "eps_latest_yearly": 5.12,
            "eps_growth_yearly": 67.26
        },
        "20204": {
            "year_quarter": 20204,
            "year": 2020,
            "quarter": 4,
            "eps": 0.68,
            "eps_growth_year": -11.09,
            "eps_4q": 3.38,
            "eps_4q_growth_year": -0.21,
            "roe": 2.39,
            "gross_profit": 225974,
            "gross_margin": 43.59,
            "net_income": 100712,
            "revenue": 518384,
            "common_shares": 1582306,
            "equity": 4262719,
            "current_ratio": 226.26,
            "debt_ratio": 43.15,
            "inventory_turnover_ratio": 13.95,
            "account_receivable_turnover_ratio": 5.86,
            "reinvestment_rate": -79.96,
            "research_to_sale_ratio": null,
            "price_fair": 104.53,
            "eps_avg_yearly": 2.99,
            "eps_latest_yearly": 2.72,
            "eps_growth_yearly": 50.28
        },
        "20211": {
            "year_quarter": 20211,
            "year": 2021,
            "quarter": 1,
            "eps": 0.74,
            "eps_growth_year": 0,
            "eps_4q": 3.38,
            "eps_4q_growth_year": -0.67,
            "roe": 2.55,
            "gross_profit": 231964,
            "gross_margin": 46.96,
            "net_income": 110147,
            "revenue": 494009,
            "common_shares": 1582306,
            "equity": 4372866,
            "current_ratio": 229.97,
            "debt_ratio": 43.22,
            "inventory_turnover_ratio": 12.93,
            "account_receivable_turnover_ratio": 5.66,
            "reinvestment_rate": -76.24,
            "research_to_sale_ratio": null,
            "price_fair": 104.48,
            "eps_avg_yearly": 2.99,
            "eps_latest_yearly": 2.96,
            "eps_growth_yearly": 49.34
        },
        "20212": {
            "year_quarter": 20212,
            "year": 2021,
            "quarter": 2,
            "eps": 0.61,
            "eps_growth_year": -10.29,
            "eps_4q": 3.32,
            "eps_4q_growth_year": 1.67,
            "roe": 2.06,
            "gross_profit": 220631,
            "gross_margin": 44.94,
            "net_income": 90889,
            "revenue": 490997,
            "common_shares": 1582306,
            "equity": 4463755,
            "current_ratio": 282.17,
            "debt_ratio": 40.48,
            "inventory_turnover_ratio": 11.9,
            "account_receivable_turnover_ratio": 5.25,
            "reinvestment_rate": -74.57,
            "research_to_sale_ratio": null,
            "price_fair": 99.77,
            "eps_avg_yearly": 3,
            "eps_latest_yearly": 2.44,
            "eps_growth_yearly": 23.28
        },
        "20213": {
            "year_quarter": 20213,
            "year": 2021,
            "quarter": 3,
            "eps": 1.08,
            "eps_growth_year": -15.62,
            "eps_4q": 3.12,
            "eps_4q_growth_year": -10.06,
            "roe": 3.71,
            "gross_profit": 222749,
            "gross_margin": 44.58,
            "net_income": 160370,
            "revenue": 499705,
            "common_shares": 1582306,
            "equity": 4179190,
            "current_ratio": 184.98,
            "debt_ratio": 44.07,
            "inventory_turnover_ratio": 14.72,
            "account_receivable_turnover_ratio": 5.47,
            "reinvestment_rate": -70.95,
            "research_to_sale_ratio": null,
            "price_fair": 109.29,
            "eps_avg_yearly": 3.12,
            "eps_latest_yearly": 4.32,
            "eps_growth_yearly": 41.65
        },
        "20214": {
            "year_quarter": 20214,
            "year": 2021,
            "quarter": 4,
            "eps": 1.07,
            "eps_growth_year": 57.89,
            "eps_4q": 3.51,
            "eps_4q_growth_year": 3.82,
            "roe": 3.73,
            "gross_profit": 300293,
            "gross_margin": 57.6,
            "net_income": 159015,
            "revenue": 521337,
            "common_shares": 1582306,
            "equity": 4339492,
            "current_ratio": 204.19,
            "debt_ratio": 42.73,
            "inventory_turnover_ratio": 17.13,
            "account_receivable_turnover_ratio": 6.28,
            "reinvestment_rate": -67.36,
            "research_to_sale_ratio": null,
            "price_fair": 110.51,
            "eps_avg_yearly": 3.16,
            "eps_latest_yearly": 4.28,
            "eps_growth_yearly": 26.33
        },
        "20221": {
            "year_quarter": 20221,
            "year": 2022,
            "quarter": 1,
            "eps": 1.13,
            "eps_growth_year": 52.7,
            "eps_4q": 3.89,
            "eps_4q_growth_year": 15.19,
            "roe": 3.98,
            "gross_profit": 287950,
            "gross_margin": 58.18,
            "net_income": 167082,
            "revenue": 494952,
            "common_shares": 1582306,
            "equity": 4061639,
            "current_ratio": 163.07,
            "debt_ratio": 47.15,
            "inventory_turnover_ratio": 16.85,
            "account_receivable_turnover_ratio": 5.53,
            "reinvestment_rate": -35.3,
            "research_to_sale_ratio": null,
            "price_fair": 115.76,
            "eps_avg_yearly": 3.31,
            "eps_latest_yearly": 4.52,
            "eps_growth_yearly": 38.49
        },
        "20222": {
            "year_quarter": 20222,
            "year": 2022,
            "quarter": 2,
            "eps": 0.9,
            "eps_growth_year": 47.54,
            "eps_4q": 4.18,
            "eps_4q_growth_year": 26.17,
            "roe": 3.25,
            "gross_profit": 247787,
            "gross_margin": 49.62,
            "net_income": 134180,
            "revenue": 499399,
            "common_shares": 1582306,
            "equity": 4195819,
            "current_ratio": 166.54,
            "debt_ratio": 47.37,
            "inventory_turnover_ratio": 10.2,
            "account_receivable_turnover_ratio": 5.37,
            "reinvestment_rate": -32.31,
            "research_to_sale_ratio": null,
            "price_fair": 118.13,
            "eps_avg_yearly": 3.38,
            "eps_latest_yearly": 3.6,
            "eps_growth_yearly": 28.68
        },
        "20223": {
            "year_quarter": 20223,
            "year": 2022,
            "quarter": 3,
            "eps": 0.63,
            "eps_growth_year": -41.67,
            "eps_4q": 3.73,
            "eps_4q_growth_year": 19.64,
            "roe": 2.18,
            "gross_profit": 246160,
            "gross_margin": 48.98,
            "net_income": 92612,
            "revenue": 502525,
            "common_shares": 1582306,
            "equity": 4288431,
            "current_ratio": 197.83,
            "debt_ratio": 43.68,
            "inventory_turnover_ratio": 8.69,
            "account_receivable_turnover_ratio": 4.88,
            "reinvestment_rate": -29.16,
            "research_to_sale_ratio": null,
            "price_fair": 113.78,
            "eps_avg_yearly": 3.39,
            "eps_latest_yearly": 2.52,
            "eps_growth_yearly": 23.56
        },
        "20224": {
            "year_quarter": 20224,
            "year": 2022,
            "quarter": 4,
            "eps": 0.82,
            "eps_growth_year": -23.35,
            "eps_4q": 3.48,
            "eps_4q_growth_year": -0.9,
            "roe": 2.8,
            "gross_profit": 251594,
            "gross_margin": 48.74,
            "net_income": 121881,
            "revenue": 516196,
            "common_shares": 1582306,
            "equity": 4413138,
            "current_ratio": 81.55,
            "debt_ratio": 43.37,
            "inventory_turnover_ratio": 15.25,
            "account_receivable_turnover_ratio": 4.77,
            "reinvestment_rate": -26.86,
            "research_to_sale_ratio": null,
            "price_fair": 120.23,
            "eps_avg_yearly": 3.44,
            "eps_latest_yearly": 3.28,
            "eps_growth_yearly": 28.03
        },
        "20231": {
            "year_quarter": 20231,
            "year": 2023,
            "quarter": 1,
            "eps": 0.85,
            "eps_growth_year": -24.78,
            "eps_4q": 3.2,
            "eps_4q_growth_year": -17.89,
            "roe": 2.95,
            "gross_profit": 255814,
            "gross_margin": 50.14,
            "net_income": 125384,
            "revenue": 510248,
            "common_shares": 1582306,
            "equity": 4093588,
            "current_ratio": 74.26,
            "debt_ratio": 47.67,
            "inventory_turnover_ratio": 15.68,
            "account_receivable_turnover_ratio": 5.25,
            "reinvestment_rate": -23.98,
            "research_to_sale_ratio": null,
            "price_fair": 121.28,
            "eps_avg_yearly": 3.47,
            "eps_latest_yearly": 3.4,
            "eps_growth_yearly": 25.43
        }
    },
    "months": {
        "2002-05": {
            "month": "2002-05",
            "price": "30.32",
            "revenue": 40297
        },
        "2002-06": {
            "month": "2002-06",
            "price": "29.08",
            "revenue": 39941
        },
        "2002-07": {
            "month": "2002-07",
            "price": "27.14",
            "revenue": 39558
        },
        "2002-08": {
            "month": "2002-08",
            "price": "27.31",
            "revenue": 41291
        },
        "2002-09": {
            "month": "2002-09",
            "price": "27.44",
            "revenue": 40493
        },
        "2002-10": {
            "month": "2002-10",
            "price": "27.36",
            "revenue": 39860
        },
        "2002-11": {
            "month": "2002-11",
            "price": "29.43",
            "revenue": 41351
        },
        "2002-12": {
            "month": "2002-12",
            "price": "33.50",
            "revenue": 40721
        },
        "2003-01": {
            "month": "2003-01",
            "price": "33.50",
            "revenue": 41165
        },
        "2003-02": {
            "month": "2003-02",
            "price": "33.04",
            "revenue": 42576
        },
        "2003-03": {
            "month": "2003-03",
            "price": "32.33",
            "revenue": 42107
        },
        "2003-04": {
            "month": "2003-04",
            "price": "31.92",
            "revenue": 39935
        },
        "2003-05": {
            "month": "2003-05",
            "price": "32.03",
            "revenue": 43811
        },
        "2003-06": {
            "month": "2003-06",
            "price": "32.77",
            "revenue": 42020
        },
        "2003-07": {
            "month": "2003-07",
            "price": "34.26",
            "revenue": 41151
        },
        "2003-08": {
            "month": "2003-08",
            "price": "37.03",
            "revenue": 42367
        },
        "2003-09": {
            "month": "2003-09",
            "price": "36.74",
            "revenue": 41816
        },
        "2003-10": {
            "month": "2003-10",
            "price": "35.88",
            "revenue": 41834
        },
        "2003-11": {
            "month": "2003-11",
            "price": "36.02",
            "revenue": 42736
        },
        "2003-12": {
            "month": "2003-12",
            "price": "35.03",
            "revenue": 43134
        },
        "2004-01": {
            "month": "2004-01",
            "price": "36.26",
            "revenue": 41056
        },
        "2004-02": {
            "month": "2004-02",
            "price": "37.11",
            "revenue": 42223
        },
        "2004-03": {
            "month": "2004-03",
            "price": "36.82",
            "revenue": 45901
        },
        "2004-04": {
            "month": "2004-04",
            "price": "36.13",
            "revenue": 42413
        },
        "2004-05": {
            "month": "2004-05",
            "price": "34.52",
            "revenue": 43130
        },
        "2004-06": {
            "month": "2004-06",
            "price": "34.00",
            "revenue": 43036
        },
        "2004-07": {
            "month": "2004-07",
            "price": "32.05",
            "revenue": 43799
        },
        "2004-08": {
            "month": "2004-08",
            "price": "31.69",
            "revenue": 45534
        },
        "2004-09": {
            "month": "2004-09",
            "price": "28.99",
            "revenue": 46879
        },
        "2004-10": {
            "month": "2004-10",
            "price": "25.66",
            "revenue": 45331
        },
        "2004-11": {
            "month": "2004-11",
            "price": "25.27",
            "revenue": 46823
        },
        "2004-12": {
            "month": "2004-12",
            "price": "25.82",
            "revenue": 50841
        },
        "2005-01": {
            "month": "2005-01",
            "price": "26.97",
            "revenue": 47533
        },
        "2005-02": {
            "month": "2005-02",
            "price": "30.02",
            "revenue": 47733
        },
        "2005-03": {
            "month": "2005-03",
            "price": "30.69",
            "revenue": 46254
        },
        "2005-04": {
            "month": "2005-04",
            "price": "31.46",
            "revenue": 46599
        },
        "2005-05": {
            "month": "2005-05",
            "price": "31.11",
            "revenue": 48746
        },
        "2005-06": {
            "month": "2005-06",
            "price": "31.47",
            "revenue": 48059
        },
        "2005-07": {
            "month": "2005-07",
            "price": "31.64",
            "revenue": 47452
        },
        "2005-08": {
            "month": "2005-08",
            "price": "28.89",
            "revenue": 48272
        },
        "2005-09": {
            "month": "2005-09",
            "price": "29.06",
            "revenue": 48023
        },
        "2005-10": {
            "month": "2005-10",
            "price": "28.59",
            "revenue": 47036
        },
        "2005-11": {
            "month": "2005-11",
            "price": "28.51",
            "revenue": 48830
        },
        "2005-12": {
            "month": "2005-12",
            "price": "29.42",
            "revenue": 48469
        },
        "2006-01": {
            "month": "2006-01",
            "price": "30.05",
            "revenue": 47248
        },
        "2006-02": {
            "month": "2006-02",
            "price": "30.06",
            "revenue": 49132
        },
        "2006-03": {
            "month": "2006-03",
            "price": "31.14",
            "revenue": 48576
        },
        "2006-04": {
            "month": "2006-04",
            "price": "31.96",
            "revenue": 47126
        },
        "2006-05": {
            "month": "2006-05",
            "price": "33.03",
            "revenue": 49413
        },
        "2006-06": {
            "month": "2006-06",
            "price": "32.94",
            "revenue": 48869
        },
        "2006-07": {
            "month": "2006-07",
            "price": "32.65",
            "revenue": 47388
        },
        "2006-08": {
            "month": "2006-08",
            "price": "31.19",
            "revenue": 49505
        },
        "2006-09": {
            "month": "2006-09",
            "price": "31.81",
            "revenue": 48740
        },
        "2006-10": {
            "month": "2006-10",
            "price": "33.46",
            "revenue": 47436
        },
        "2006-11": {
            "month": "2006-11",
            "price": "35.12",
            "revenue": 49279
        },
        "2006-12": {
            "month": "2006-12",
            "price": "36.74",
            "revenue": 48862
        },
        "2007-01": {
            "month": "2007-01",
            "price": "36.93",
            "revenue": 48331
        },
        "2007-02": {
            "month": "2007-02",
            "price": "36.97",
            "revenue": 52413
        },
        "2007-03": {
            "month": "2007-03",
            "price": "39.12",
            "revenue": 53334
        },
        "2007-04": {
            "month": "2007-04",
            "price": "40.70",
            "revenue": 52015
        },
        "2007-05": {
            "month": "2007-05",
            "price": "41.25",
            "revenue": 52969
        },
        "2007-06": {
            "month": "2007-06",
            "price": "43.48",
            "revenue": 53414
        },
        "2007-07": {
            "month": "2007-07",
            "price": "47.38",
            "revenue": 53120
        },
        "2007-08": {
            "month": "2007-08",
            "price": "45.23",
            "revenue": 55172
        },
        "2007-09": {
            "month": "2007-09",
            "price": "45.40",
            "revenue": 54701
        },
        "2007-10": {
            "month": "2007-10",
            "price": "46.32",
            "revenue": 51324
        },
        "2007-11": {
            "month": "2007-11",
            "price": "43.08",
            "revenue": 54212
        },
        "2007-12": {
            "month": "2007-12",
            "price": "40.87",
            "revenue": 54216
        },
        "2008-01": {
            "month": "2008-01",
            "price": "40.64",
            "revenue": 52078
        },
        "2008-02": {
            "month": "2008-02",
            "price": "40.67",
            "revenue": 52163
        },
        "2008-03": {
            "month": "2008-03",
            "price": "43.85",
            "revenue": 52586
        },
        "2008-04": {
            "month": "2008-04",
            "price": "45.68",
            "revenue": 51687
        },
        "2008-05": {
            "month": "2008-05",
            "price": "46.39",
            "revenue": 52361
        },
        "2008-06": {
            "month": "2008-06",
            "price": "47.00",
            "revenue": 52479
        },
        "2008-07": {
            "month": "2008-07",
            "price": "43.48",
            "revenue": 52703
        },
        "2008-08": {
            "month": "2008-08",
            "price": "38.08",
            "revenue": 52828
        },
        "2008-09": {
            "month": "2008-09",
            "price": "33.24",
            "revenue": 53057
        },
        "2008-10": {
            "month": "2008-10",
            "price": "30.93",
            "revenue": 52918
        },
        "2008-11": {
            "month": "2008-11",
            "price": "31.65",
            "revenue": 53677
        },
        "2008-12": {
            "month": "2008-12",
            "price": "32.32",
            "revenue": 54169
        },
        "2009-01": {
            "month": "2009-01",
            "price": "33.80",
            "revenue": 52346
        },
        "2009-02": {
            "month": "2009-02",
            "price": "35.02",
            "revenue": 53826
        },
        "2009-03": {
            "month": "2009-03",
            "price": "36.64",
            "revenue": 53532
        },
        "2009-04": {
            "month": "2009-04",
            "price": "39.79",
            "revenue": 53914
        },
        "2009-05": {
            "month": "2009-05",
            "price": "42.94",
            "revenue": 53581
        },
        "2009-06": {
            "month": "2009-06",
            "price": "45.08",
            "revenue": 54033
        },
        "2009-07": {
            "month": "2009-07",
            "price": "42.27",
            "revenue": 53860
        },
        "2009-08": {
            "month": "2009-08",
            "price": "42.29",
            "revenue": 53871
        },
        "2009-09": {
            "month": "2009-09",
            "price": "44.85",
            "revenue": 52454
        },
        "2009-10": {
            "month": "2009-10",
            "price": "45.02",
            "revenue": 53635
        },
        "2009-11": {
            "month": "2009-11",
            "price": "45.16",
            "revenue": 53579
        },
        "2009-12": {
            "month": "2009-12",
            "price": "45.73",
            "revenue": 54135
        },
        "2010-01": {
            "month": "2010-01",
            "price": "46.47",
            "revenue": 53814
        },
        "2010-02": {
            "month": "2010-02",
            "price": "46.78",
            "revenue": 53856
        },
        "2010-03": {
            "month": "2010-03",
            "price": "48.46",
            "revenue": 54457
        },
        "2010-04": {
            "month": "2010-04",
            "price": "53.18",
            "revenue": 53466
        },
        "2010-05": {
            "month": "2010-05",
            "price": "52.87",
            "revenue": 54041
        },
        "2010-06": {
            "month": "2010-06",
            "price": "52.97",
            "revenue": 54215
        },
        "2010-07": {
            "month": "2010-07",
            "price": "52.68",
            "revenue": 53646
        },
        "2010-08": {
            "month": "2010-08",
            "price": "51.71",
            "revenue": 53993
        },
        "2010-09": {
            "month": "2010-09",
            "price": "53.23",
            "revenue": 54551
        },
        "2010-10": {
            "month": "2010-10",
            "price": "53.98",
            "revenue": 53883
        },
        "2010-11": {
            "month": "2010-11",
            "price": "54.85",
            "revenue": 54630
        },
        "2010-12": {
            "month": "2010-12",
            "price": "55.76",
            "revenue": 54711
        },
        "2011-01": {
            "month": "2011-01",
            "price": "57.62",
            "revenue": 53412
        },
        "2011-02": {
            "month": "2011-02",
            "price": "58.28",
            "revenue": 53651
        },
        "2011-03": {
            "month": "2011-03",
            "price": "57.46",
            "revenue": 54108
        },
        "2011-04": {
            "month": "2011-04",
            "price": "58.51",
            "revenue": 53541
        },
        "2011-05": {
            "month": "2011-05",
            "price": "60.72",
            "revenue": 53873
        },
        "2011-06": {
            "month": "2011-06",
            "price": "63.12",
            "revenue": 52871
        },
        "2011-07": {
            "month": "2011-07",
            "price": "60.84",
            "revenue": 53002
        },
        "2011-08": {
            "month": "2011-08",
            "price": "56.59",
            "revenue": 53133
        },
        "2011-09": {
            "month": "2011-09",
            "price": "53.14",
            "revenue": 53463
        },
        "2011-10": {
            "month": "2011-10",
            "price": "51.34",
            "revenue": 52716
        },
        "2011-11": {
            "month": "2011-11",
            "price": "50.52",
            "revenue": 53135
        },
        "2011-12": {
            "month": "2011-12",
            "price": "50.47",
            "revenue": 53417
        },
        "2012-01": {
            "month": "2012-01",
            "price": "50.73",
            "revenue": 53146
        },
        "2012-02": {
            "month": "2012-02",
            "price": "53.12",
            "revenue": 53284
        },
        "2012-03": {
            "month": "2012-03",
            "price": "56.28",
            "revenue": 53976
        },
        "2012-04": {
            "month": "2012-04",
            "price": "56.63",
            "revenue": 53030
        },
        "2012-05": {
            "month": "2012-05",
            "price": "57.52",
            "revenue": 53455
        },
        "2012-06": {
            "month": "2012-06",
            "price": "58.63",
            "revenue": 53552
        },
        "2012-07": {
            "month": "2012-07",
            "price": "61.67",
            "revenue": 53125
        },
        "2012-08": {
            "month": "2012-08",
            "price": "61.90",
            "revenue": 53594
        },
        "2012-09": {
            "month": "2012-09",
            "price": "61.04",
            "revenue": 53716
        },
        "2012-10": {
            "month": "2012-10",
            "price": "55.87",
            "revenue": 53063
        },
        "2012-11": {
            "month": "2012-11",
            "price": "55.60",
            "revenue": 53364
        },
        "2012-12": {
            "month": "2012-12",
            "price": "57.20",
            "revenue": 53639
        },
        "2013-01": {
            "month": "2013-01",
            "price": "58.77",
            "revenue": 69422
        },
        "2013-02": {
            "month": "2013-02",
            "price": "58.88",
            "revenue": 67965
        },
        "2013-03": {
            "month": "2013-03",
            "price": "60.05",
            "revenue": 69164
        },
        "2013-04": {
            "month": "2013-04",
            "price": "61.24",
            "revenue": 68574
        },
        "2013-05": {
            "month": "2013-05",
            "price": "61.32",
            "revenue": 69594
        },
        "2013-06": {
            "month": "2013-06",
            "price": "59.69",
            "revenue": 69205
        },
        "2013-07": {
            "month": "2013-07",
            "price": "60.68",
            "revenue": 69393
        },
        "2013-08": {
            "month": "2013-08",
            "price": "61.07",
            "revenue": 67731
        },
        "2013-09": {
            "month": "2013-09",
            "price": "59.69",
            "revenue": 67943
        },
        "2013-10": {
            "month": "2013-10",
            "price": "57.17",
            "revenue": 66816
        },
        "2013-11": {
            "month": "2013-11",
            "price": "54.01",
            "revenue": 68657
        },
        "2013-12": {
            "month": "2013-12",
            "price": "53.10",
            "revenue": 68976
        },
        "2014-01": {
            "month": "2014-01",
            "price": "53.43",
            "revenue": 70522
        },
        "2014-02": {
            "month": "2014-02",
            "price": "53.94",
            "revenue": 70316
        },
        "2014-03": {
            "month": "2014-03",
            "price": "52.76",
            "revenue": 72355
        },
        "2014-04": {
            "month": "2014-04",
            "price": "52.08",
            "revenue": 72528
        },
        "2014-05": {
            "month": "2014-05",
            "price": "51.31",
            "revenue": 72780
        },
        "2014-06": {
            "month": "2014-06",
            "price": "50.50",
            "revenue": 74143
        },
        "2014-07": {
            "month": "2014-07",
            "price": "50.70",
            "revenue": 72602
        },
        "2014-08": {
            "month": "2014-08",
            "price": "51.90",
            "revenue": 73093
        },
        "2014-09": {
            "month": "2014-09",
            "price": "50.87",
            "revenue": 73479
        },
        "2014-10": {
            "month": "2014-10",
            "price": "49.67",
            "revenue": 72013
        },
        "2014-11": {
            "month": "2014-11",
            "price": "49.79",
            "revenue": 74376
        },
        "2014-12": {
            "month": "2014-12",
            "price": "50.13",
            "revenue": 137121
        },
        "2015-01": {
            "month": "2015-01",
            "price": "52.18",
            "revenue": 134760
        },
        "2015-02": {
            "month": "2015-02",
            "price": "52.31",
            "revenue": 136428
        },
        "2015-03": {
            "month": "2015-03",
            "price": "51.80",
            "revenue": 138296
        },
        "2015-04": {
            "month": "2015-04",
            "price": "51.15",
            "revenue": 136119
        },
        "2015-05": {
            "month": "2015-05",
            "price": "52.91",
            "revenue": 137732
        },
        "2015-06": {
            "month": "2015-06",
            "price": "52.60",
            "revenue": 138811
        },
        "2015-07": {
            "month": "2015-07",
            "price": "54.36",
            "revenue": 136816
        },
        "2015-08": {
            "month": "2015-08",
            "price": "52.12",
            "revenue": 137416
        },
        "2015-09": {
            "month": "2015-09",
            "price": "52.51",
            "revenue": 142217
        },
        "2015-10": {
            "month": "2015-10",
            "price": "53.20",
            "revenue": 142108
        },
        "2015-11": {
            "month": "2015-11",
            "price": "52.65",
            "revenue": 145430
        },
        "2015-12": {
            "month": "2015-12",
            "price": "51.85",
            "revenue": 146282
        },
        "2016-01": {
            "month": "2016-01",
            "price": "48.88",
            "revenue": 136491
        },
        "2016-02": {
            "month": "2016-02",
            "price": "48.32",
            "revenue": 142012
        },
        "2016-03": {
            "month": "2016-03",
            "price": "48.63",
            "revenue": 145313
        },
        "2016-04": {
            "month": "2016-04",
            "price": "41.49",
            "revenue": 128104
        },
        "2016-05": {
            "month": "2016-05",
            "price": "34.13",
            "revenue": 132046
        },
        "2016-06": {
            "month": "2016-06",
            "price": "36.70",
            "revenue": 139748
        },
        "2016-07": {
            "month": "2016-07",
            "price": "38.09",
            "revenue": 130238
        },
        "2016-08": {
            "month": "2016-08",
            "price": "36.48",
            "revenue": 134177
        },
        "2016-09": {
            "month": "2016-09",
            "price": "32.68",
            "revenue": 136158
        },
        "2016-10": {
            "month": "2016-10",
            "price": "33.18",
            "revenue": 137752
        },
        "2016-11": {
            "month": "2016-11",
            "price": "33.43",
            "revenue": 139786
        },
        "2016-12": {
            "month": "2016-12",
            "price": "32.50",
            "revenue": 142234
        },
        "2017-01": {
            "month": "2017-01",
            "price": "33.10",
            "revenue": 141689
        },
        "2017-02": {
            "month": "2017-02",
            "price": "34.09",
            "revenue": 144438
        },
        "2017-03": {
            "month": "2017-03",
            "price": "33.92",
            "revenue": 145977
        },
        "2017-04": {
            "month": "2017-04",
            "price": "35.27",
            "revenue": 148963
        },
        "2017-05": {
            "month": "2017-05",
            "price": "39.06",
            "revenue": 156354
        },
        "2017-06": {
            "month": "2017-06",
            "price": "38.55",
            "revenue": 160790
        },
        "2017-07": {
            "month": "2017-07",
            "price": "37.98",
            "revenue": 162769
        },
        "2017-08": {
            "month": "2017-08",
            "price": "35.83",
            "revenue": 163787
        },
        "2017-09": {
            "month": "2017-09",
            "price": "35.68",
            "revenue": 163702
        },
        "2017-10": {
            "month": "2017-10",
            "price": "35.18",
            "revenue": 161171
        },
        "2017-11": {
            "month": "2017-11",
            "price": "34.68",
            "revenue": 161525
        },
        "2017-12": {
            "month": "2017-12",
            "price": "33.96",
            "revenue": 161916
        },
        "2018-01": {
            "month": "2018-01",
            "price": "35.38",
            "revenue": 158879
        },
        "2018-02": {
            "month": "2018-02",
            "price": "35.39",
            "revenue": 160073
        },
        "2018-03": {
            "month": "2018-03",
            "price": "38.82",
            "revenue": 162243
        },
        "2018-04": {
            "month": "2018-04",
            "price": "39.62",
            "revenue": 161602
        },
        "2018-05": {
            "month": "2018-05",
            "price": "37.27",
            "revenue": 163517
        },
        "2018-06": {
            "month": "2018-06",
            "price": "37.20",
            "revenue": 164275
        },
        "2018-07": {
            "month": "2018-07",
            "price": "37.74",
            "revenue": 163951
        },
        "2018-08": {
            "month": "2018-08",
            "price": "37.36",
            "revenue": 165878
        },
        "2018-09": {
            "month": "2018-09",
            "price": "35.96",
            "revenue": 166848
        },
        "2018-10": {
            "month": "2018-10",
            "price": "34.63",
            "revenue": 165735
        },
        "2018-11": {
            "month": "2018-11",
            "price": "34.33",
            "revenue": 169659
        },
        "2018-12": {
            "month": "2018-12",
            "price": "34.02",
            "revenue": 171557
        },
        "2019-01": {
            "month": "2019-01",
            "price": "35.30",
            "revenue": 167561
        },
        "2019-02": {
            "month": "2019-02",
            "price": "35.39",
            "revenue": 168405
        },
        "2019-03": {
            "month": "2019-03",
            "price": "36.08",
            "revenue": 169638
        },
        "2019-04": {
            "month": "2019-04",
            "price": "36.89",
            "revenue": 167638
        },
        "2019-05": {
            "month": "2019-05",
            "price": "37.08",
            "revenue": 167547
        },
        "2019-06": {
            "month": "2019-06",
            "price": "37.47",
            "revenue": 168175
        },
        "2019-07": {
            "month": "2019-07",
            "price": "35.57",
            "revenue": 165761
        },
        "2019-08": {
            "month": "2019-08",
            "price": "36.90",
            "revenue": 167507
        },
        "2019-09": {
            "month": "2019-09",
            "price": "37.88",
            "revenue": 166577
        },
        "2019-10": {
            "month": "2019-10",
            "price": "38.17",
            "revenue": 165444
        },
        "2019-11": {
            "month": "2019-11",
            "price": "39.08",
            "revenue": 165505
        },
        "2019-12": {
            "month": "2019-12",
            "price": "40.03",
            "revenue": 167328
        },
        "2020-01": {
            "month": "2020-01",
            "price": "40.28",
            "revenue": 165726
        },
        "2020-02": {
            "month": "2020-02",
            "price": "41.66",
            "revenue": 165759
        },
        "2020-03": {
            "month": "2020-03",
            "price": "39.56",
            "revenue": 166021
        },
        "2020-04": {
            "month": "2020-04",
            "price": "40.71",
            "revenue": 163876
        },
        "2020-05": {
            "month": "2020-05",
            "price": "42.09",
            "revenue": 166119
        },
        "2020-06": {
            "month": "2020-06",
            "price": "43.46",
            "revenue": 165541
        },
        "2020-07": {
            "month": "2020-07",
            "price": "41.40",
            "revenue": 163982
        },
        "2020-08": {
            "month": "2020-08",
            "price": "40.64",
            "revenue": 164126
        },
        "2020-09": {
            "month": "2020-09",
            "price": "40.44",
            "revenue": 165662
        },
        "2020-10": {
            "month": "2020-10",
            "price": "40.99",
            "revenue": 171755
        },
        "2020-11": {
            "month": "2020-11",
            "price": "42.37",
            "revenue": 173140
        },
        "2020-12": {
            "month": "2020-12",
            "price": "42.74",
            "revenue": 173489
        },
        "2021-01": {
            "month": "2021-01",
            "price": "42.80",
            "revenue": 164915
        },
        "2021-02": {
            "month": "2021-02",
            "price": "42.51",
            "revenue": 164911
        },
        "2021-03": {
            "month": "2021-03",
            "price": "44.16",
            "revenue": 164183
        },
        "2021-04": {
            "month": "2021-04",
            "price": "45.07",
            "revenue": 163196
        },
        "2021-05": {
            "month": "2021-05",
            "price": "44.57",
            "revenue": 163797
        },
        "2021-06": {
            "month": "2021-06",
            "price": "45.22",
            "revenue": 164004
        },
        "2021-07": {
            "month": "2021-07",
            "price": "45.51",
            "revenue": 163633
        },
        "2021-08": {
            "month": "2021-08",
            "price": "43.38",
            "revenue": 165448
        },
        "2021-09": {
            "month": "2021-09",
            "price": "43.05",
            "revenue": 170624
        },
        "2021-10": {
            "month": "2021-10",
            "price": "43.11",
            "revenue": 173130
        },
        "2021-11": {
            "month": "2021-11",
            "price": "43.54",
            "revenue": 174075
        },
        "2021-12": {
            "month": "2021-12",
            "price": "43.93",
            "revenue": 174133
        },
        "2022-01": {
            "month": "2022-01",
            "price": "44.91",
            "revenue": 164034
        },
        "2022-02": {
            "month": "2022-02",
            "price": "46.61",
            "revenue": 164963
        },
        "2022-03": {
            "month": "2022-03",
            "price": "46.63",
            "revenue": 165955
        },
        "2022-04": {
            "month": "2022-04",
            "price": "46.83",
            "revenue": 165614
        },
        "2022-05": {
            "month": "2022-05",
            "price": "47.57",
            "revenue": 166571
        },
        "2022-06": {
            "month": "2022-06",
            "price": "48.85",
            "revenue": 167214
        },
        "2022-07": {
            "month": "2022-07",
            "price": "47.53",
            "revenue": 165923
        },
        "2022-08": {
            "month": "2022-08",
            "price": "48.51",
            "revenue": 166828
        },
        "2022-09": {
            "month": "2022-09",
            "price": "48.57",
            "revenue": 169774
        },
        "2022-10": {
            "month": "2022-10",
            "price": "47.96",
            "revenue": 166580
        },
        "2022-11": {
            "month": "2022-11",
            "price": "47.78",
            "revenue": 172276
        },
        "2022-12": {
            "month": "2022-12",
            "price": "47.98",
            "revenue": 177339
        },
        "2023-01": {
            "month": "2023-01",
            "price": "48.57",
            "revenue": 167663
        },
        "2023-02": {
            "month": "2023-02",
            "price": "48.97",
            "revenue": 169712
        },
        "2023-03": {
            "month": "2023-03",
            "price": "50.04",
            "revenue": 172872
        },
        "2023-04": {
            "month": "2023-04",
            "price": "50.39",
            "revenue": 168720
        }
    }
}
