{
    "summary": {
        "stock_name": "幃翔",
        "stock_id": "6185",
        "category": "電子零組件",
        "main_business": "連接器",
        "website_url": "http://www.plastron.com.tw",
        "ceo": "郭昭正",
        "pe_ratio": 25,
        "report_year_from": 2001,
        "report_year_to": 2023,
        "age": 23,
        "eps_negative_percentage": 9,
        "eps_growth_avg": {
            "last_all": 0.91,
            "last_2y": 100,
            "last_4y": -16.47,
            "last_8y": -22.43,
            "last_12y": -7.4,
            "last_16y": 3.42,
            "last_20y": -2.83,
            "at_2006_last_3y": -26.27,
            "at_2007_last_3y": -14.49,
            "at_2008_last_3y": -22.94,
            "at_2009_last_3y": 3.81,
            "at_2010_last_3y": 33.16,
            "at_2011_last_3y": 6.11,
            "at_2012_last_3y": 47.74,
            "at_2013_last_3y": 36.03,
            "at_2014_last_3y": 18.91,
            "at_2015_last_3y": 33.17,
            "at_2016_last_3y": 5.22,
            "at_2017_last_3y": -17.28,
            "at_2018_last_3y": -26.91,
            "at_2019_last_3y": -35.76,
            "at_2020_last_3y": -57.81,
            "at_2021_last_3y": -64.81,
            "at_2022_last_3y": -74.7,
            "at_2023_last_3y": 0,
            "at_2024_last_3y": 0,
            "at_2006_last_all": -6.6,
            "at_2007_last_all": 0.7,
            "at_2008_last_all": -8.9,
            "at_2009_last_all": 4.71,
            "at_2010_last_all": 11.07,
            "at_2011_last_all": 2.87,
            "at_2012_last_all": 11.7,
            "at_2013_last_all": 15.15,
            "at_2014_last_all": 13.49,
            "at_2015_last_all": 11.52,
            "at_2016_last_all": 9.97,
            "at_2017_last_all": 7.04,
            "at_2018_last_all": 3.98,
            "at_2019_last_all": 1.02,
            "at_2020_last_all": -4.3,
            "at_2021_last_all": -4.3,
            "at_2022_last_all": -4.3,
            "at_2023_last_all": 0.91,
            "at_2024_last_all": 0.91
        },
        "latest_eps": 0.66,
        "latest_price": 16.75,
        "latest_roe": 4.5,
        "latest_gross_margin": 21.67,
        "latest_equity": 2203931,
        "latest_revenue": 125018,
        "latest_gross_profit": 27094,
        "latest_net_income": 15155,
        "latest_debt_ratio": 14.9,
        "latest_current_ratio": 1375.51,
        "latest_account_receivable_turnover_ratio": 0.71,
        "latest_inventory_turnover_ratio": 1.07,
        "latest_reinvestment_rate": null,
        "latest_research_to_sale_ratio": 6.81
    },
    "eps_dividends": {
        "2000": {
            "cash": 0,
            "stock": 14,
            "eps": 0
        },
        "2001": {
            "cash": 0,
            "stock": 6.3,
            "eps": 3.98
        },
        "2002": {
            "cash": 0,
            "stock": 0,
            "eps": 6.85
        },
        "2003": {
            "cash": 0,
            "stock": 3.5,
            "eps": 6.17
        },
        "2004": {
            "cash": 1,
            "stock": 2.5,
            "eps": 4.15
        },
        "2005": {
            "cash": 1.5,
            "stock": 1.5,
            "eps": 3.86
        },
        "2006": {
            "cash": 1.3,
            "stock": 1.2,
            "eps": 1.72
        },
        "2007": {
            "cash": 0.6,
            "stock": 0.4,
            "eps": 2.36
        },
        "2008": {
            "cash": 1.31,
            "stock": 0.2,
            "eps": 0.79
        },
        "2009": {
            "cash": 0.7,
            "stock": 0,
            "eps": 2.13
        },
        "2010": {
            "cash": 1.22,
            "stock": 0.31,
            "eps": 3.45
        },
        "2011": {
            "cash": 2,
            "stock": 0.7,
            "eps": 1
        },
        "2012": {
            "cash": 1,
            "stock": 0,
            "eps": 2.2
        },
        "2013": {
            "cash": 1.6,
            "stock": 0.4,
            "eps": 3.37
        },
        "2014": {
            "cash": 2.2,
            "stock": 0.6,
            "eps": 3.15
        },
        "2015": {
            "cash": 2,
            "stock": 0.5,
            "eps": 2.71
        },
        "2016": {
            "cash": 1.6,
            "stock": 0.4,
            "eps": 2.39
        },
        "2017": {
            "cash": 1.3,
            "stock": 0.4,
            "eps": 1.51
        },
        "2018": {
            "cash": 0.7,
            "stock": 0.3,
            "eps": 0.83
        },
        "2019": {
            "cash": 0.5,
            "stock": 0.2,
            "eps": 0.42
        },
        "2020": {
            "cash": 0.5,
            "stock": 0,
            "eps": -0.6
        },
        "2021": {
            "cash": 0.2,
            "stock": 0,
            "eps": -0.67
        },
        "2022": {
            "cash": 0.2,
            "stock": 0,
            "eps": 0.3
        },
        "2023": {
            "cash": 0.3,
            "stock": 0,
            "eps": 0.65
        },
        "2024": {
            "cash": 0.52,
            "stock": 0,
            "eps": 0
        }
    },
    "dividends": {
        "2000-05-19": {
            "cash": 0,
            "stock": 14
        },
        "2001-06-28": {
            "cash": 0,
            "stock": 6.3
        },
        "2003-05-20": {
            "cash": 0,
            "stock": 3.5
        },
        "2004-02-24": {
            "cash": 1,
            "stock": 2.5
        },
        "2005-03-15": {
            "cash": 1.5,
            "stock": 1.5
        },
        "2006-03-14": {
            "cash": 1.3,
            "stock": 1.2
        },
        "2007-03-27": {
            "cash": 0.6,
            "stock": 0.4
        },
        "2008-03-18": {
            "cash": 1.31,
            "stock": 0.2
        },
        "2009-03-20": {
            "cash": 0.7,
            "stock": 0
        },
        "2010-03-17": {
            "cash": 1.22,
            "stock": 0.31
        },
        "2011-03-23": {
            "cash": 2,
            "stock": 0.7
        },
        "2012-06-15": {
            "cash": 1,
            "stock": 0
        },
        "2013-06-14": {
            "cash": 1.6,
            "stock": 0.4
        },
        "2014-08-22": {
            "cash": 2.2,
            "stock": 0.6
        },
        "2015-08-03": {
            "cash": 2,
            "stock": 0.5
        },
        "2016-07-05": {
            "cash": 1.6,
            "stock": 0.4
        },
        "2017-09-08": {
            "cash": 1.3,
            "stock": 0.4
        },
        "2018-08-23": {
            "cash": 0.7,
            "stock": 0.3
        },
        "2019-07-16": {
            "cash": 0.5,
            "stock": 0.2
        },
        "2020-07-27": {
            "cash": 0.5,
            "stock": 0
        },
        "2021-07-07": {
            "cash": 0.2,
            "stock": 0
        },
        "2022-07-05": {
            "cash": 0.2,
            "stock": 0
        },
        "2023-07-07": {
            "cash": 0.3,
            "stock": 0
        },
        "2024-02-26": {
            "cash": 0.52,
            "stock": 0
        }
    },
    "prices": {
        "200101": "無",
        "200102": "無",
        "200103": "無",
        "200104": "無",
        "200105": "無",
        "200106": "無",
        "200107": "無",
        "200108": "無",
        "200109": "無",
        "200110": "無",
        "200111": "無",
        "200112": "無",
        "200201": "無",
        "200202": "無",
        "200203": "無",
        "200204": "無",
        "200205": "無",
        "200206": "無",
        "200207": "無",
        "200208": "82.81",
        "200209": "81.18",
        "200210": "114.84",
        "200211": "126.64",
        "200212": "107.70",
        "200301": "77.50",
        "200302": "68.84",
        "200303": "69.86",
        "200304": "67.48",
        "200305": "70.24",
        "200306": "80.05",
        "200307": "68.70",
        "200308": "72.50",
        "200309": "65.50",
        "200310": "65.61",
        "200311": "64.40",
        "200312": "66.85",
        "200401": "67.37",
        "200402": "68.82",
        "200403": "60.87",
        "200404": "55.68",
        "200405": "43.72",
        "200406": "40.20",
        "200407": "31.81",
        "200408": "27.43",
        "200409": "30.22",
        "200410": "28.93",
        "200411": "27.56",
        "200412": "27.29",
        "200501": "26.42",
        "200502": "29.04",
        "200503": "34.76",
        "200504": "34.27",
        "200505": "30.25",
        "200506": "33.22",
        "200507": "36.78",
        "200508": "28.47",
        "200509": "29.58",
        "200510": "29.43",
        "200511": "28.26",
        "200512": "31.29",
        "200601": "31.02",
        "200602": "28.68",
        "200603": "27.85",
        "200604": "28.27",
        "200605": "27.14",
        "200606": "24.28",
        "200607": "22.75",
        "200608": "19.01",
        "200609": "17.15",
        "200610": "17.85",
        "200611": "18.15",
        "200612": "19.79",
        "200701": "21.50",
        "200702": "20.04",
        "200703": "19.85",
        "200704": "23.83",
        "200705": "25.14",
        "200706": "25.44",
        "200707": "30.99",
        "200708": "26.68",
        "200709": "26.94",
        "200710": "25.22",
        "200711": "23.53",
        "200712": "20.11",
        "200801": "18.32",
        "200802": "18.02",
        "200803": "19.00",
        "200804": "20.18",
        "200805": "18.61",
        "200806": "17.79",
        "200807": "15.56",
        "200808": "15.02",
        "200809": "13.76",
        "200810": "11.99",
        "200811": "10.46",
        "200812": "9.46",
        "200901": "9.32",
        "200902": "9.21",
        "200903": "10.77",
        "200904": "12.67",
        "200905": "12.64",
        "200906": "12.65",
        "200907": "13.72",
        "200908": "15.29",
        "200909": "17.34",
        "200910": "19.95",
        "200911": "24.07",
        "200912": "29.62",
        "201001": "32.02",
        "201002": "29.05",
        "201003": "30.77",
        "201004": "32.79",
        "201005": "31.02",
        "201006": "30.10",
        "201007": "30.51",
        "201008": "29.23",
        "201009": "29.65",
        "201010": "31.16",
        "201011": "29.55",
        "201012": "30.67",
        "201101": "29.52",
        "201102": "28.31",
        "201103": "27.24",
        "201104": "28.01",
        "201105": "26.07",
        "201106": "25.88",
        "201107": "23.55",
        "201108": "17.83",
        "201109": "16.58",
        "201110": "15.95",
        "201111": "13.60",
        "201112": "12.23",
        "201201": "12.50",
        "201202": "14.65",
        "201203": "15.39",
        "201204": "15.36",
        "201205": "13.77",
        "201206": "13.21",
        "201207": "12.93",
        "201208": "13.36",
        "201209": "15.14",
        "201210": "15.67",
        "201211": "17.55",
        "201212": "19.47",
        "201301": "22.01",
        "201302": "23.68",
        "201303": "23.94",
        "201304": "23.98",
        "201305": "23.76",
        "201306": "23.09",
        "201307": "22.02",
        "201308": "22.13",
        "201309": "23.40",
        "201310": "23.94",
        "201311": "27.65",
        "201312": "31.26",
        "201401": "34.49",
        "201402": "34.28",
        "201403": "38.86",
        "201404": "42.98",
        "201405": "42.26",
        "201406": "45.47",
        "201407": "49.71",
        "201408": "43.04",
        "201409": "38.47",
        "201410": "32.60",
        "201411": "31.46",
        "201412": "33.00",
        "201501": "32.74",
        "201502": "37.06",
        "201503": "39.78",
        "201504": "37.23",
        "201505": "30.51",
        "201506": "26.74",
        "201507": "21.87",
        "201508": "19.18",
        "201509": "20.92",
        "201510": "22.53",
        "201511": "23.92",
        "201512": "24.06",
        "201601": "21.95",
        "201602": "22.20",
        "201603": "23.44",
        "201604": "22.05",
        "201605": "21.10",
        "201606": "20.12",
        "201607": "19.12",
        "201608": "19.34",
        "201609": "20.27",
        "201610": "20.02",
        "201611": "20.14",
        "201612": "21.25",
        "201701": "21.49",
        "201702": "22.30",
        "201703": "23.45",
        "201704": "22.57",
        "201705": "21.95",
        "201706": "22.11",
        "201707": "22.30",
        "201708": "20.58",
        "201709": "20.11",
        "201710": "20.31",
        "201711": "20.20",
        "201712": "19.88",
        "201801": "20.43",
        "201802": "19.97",
        "201803": "20.18",
        "201804": "19.06",
        "201805": "17.58",
        "201806": "17.53",
        "201807": "16.76",
        "201808": "16.03",
        "201809": "15.81",
        "201810": "14.12",
        "201811": "13.61",
        "201812": "14.00",
        "201901": "14.20",
        "201902": "14.93",
        "201903": "15.13",
        "201904": "15.15",
        "201905": "14.16",
        "201906": "13.86",
        "201907": "13.25",
        "201908": "13.06",
        "201909": "14.56",
        "201910": "16.84",
        "201911": "20.32",
        "201912": "25.05",
        "202001": "22.07",
        "202002": "18.19",
        "202003": "13.05",
        "202004": "13.41",
        "202005": "16.38",
        "202006": "16.55",
        "202007": "15.45",
        "202008": "14.67",
        "202009": "14.45",
        "202010": "13.96",
        "202011": "13.55",
        "202012": "13.50",
        "202101": "13.05",
        "202102": "12.93",
        "202103": "13.73",
        "202104": "14.30",
        "202105": "13.11",
        "202106": "12.95",
        "202107": "13.14",
        "202108": "12.97",
        "202109": "13.15",
        "202110": "13.06",
        "202111": "13.36",
        "202112": "14.50",
        "202201": "14.23",
        "202202": "13.60",
        "202203": "13.67",
        "202204": "13.34",
        "202205": "12.46",
        "202206": "12.61",
        "202207": "12.42",
        "202208": "13.27",
        "202209": "13.40",
        "202210": "12.16",
        "202211": "12.23",
        "202212": "12.42",
        "202301": "12.44",
        "202302": "13.15",
        "202303": "14.30",
        "202304": "18.07",
        "202305": "21.17",
        "202306": "22.98",
        "202307": "19.56",
        "202308": "17.49",
        "202309": "17.11",
        "202310": "15.47",
        "202311": "16.48",
        "202312": "17.26",
        "202401": "17.72",
        "202402": "17.77",
        "202403": "16.97",
        "202404": "無"
    },
    "quarters": {
        "20011": {
            "year_quarter": 20011,
            "year": 2001,
            "quarter": 1,
            "eps": 1.77,
            "eps_growth_year": null,
            "eps_4q": null,
            "eps_4q_growth_year": null,
            "roe": 9.59,
            "roe_4q": 9.59,
            "gross_profit": 53291,
            "gross_margin": 44.77,
            "gross_margin_4q_avg": 44.77,
            "net_income": 30041,
            "net_income_4q": null,
            "revenue": 119031,
            "revenue_4q": null,
            "common_shares": 170000,
            "book_valuer_per_share": 19.31,
            "book_valuer_per_share_4q_avg": 19.31,
            "equity": 328291,
            "current_ratio": 264.92,
            "debt_ratio": 29.38,
            "inventory_turnover_ratio": 1.66,
            "account_receivable_turnover_ratio": null,
            "reinvestment_rate": null,
            "research_to_sale_ratio": null,
            "price_fair": 0,
            "eps_avg_yearly": 0,
            "eps_latest_yearly": 0,
            "eps_growth_yearly": 0
        },
        "20012": {
            "year_quarter": 20012,
            "year": 2001,
            "quarter": 2,
            "eps": 0.79,
            "eps_growth_year": null,
            "eps_4q": null,
            "eps_4q_growth_year": null,
            "roe": 6.49,
            "roe_4q": 16.08,
            "gross_profit": 42025,
            "gross_margin": 43.83,
            "gross_margin_4q_avg": 44.3,
            "net_income": 21995,
            "net_income_4q": null,
            "revenue": 95881,
            "revenue_4q": null,
            "common_shares": 170000,
            "book_valuer_per_share": 20.55,
            "book_valuer_per_share_4q_avg": 19.93,
            "equity": 349376,
            "current_ratio": 359.26,
            "debt_ratio": 21.01,
            "inventory_turnover_ratio": 1.54,
            "account_receivable_turnover_ratio": null,
            "reinvestment_rate": null,
            "research_to_sale_ratio": null,
            "price_fair": 0,
            "eps_avg_yearly": 0,
            "eps_latest_yearly": 0,
            "eps_growth_yearly": 0
        },
        "20013": {
            "year_quarter": 20013,
            "year": 2001,
            "quarter": 3,
            "eps": 0.79,
            "eps_growth_year": null,
            "eps_4q": null,
            "eps_4q_growth_year": null,
            "roe": 6.06,
            "roe_4q": 22.14,
            "gross_profit": 38393,
            "gross_margin": 48.08,
            "gross_margin_4q_avg": 45.56,
            "net_income": 21848,
            "net_income_4q": null,
            "revenue": 79856,
            "revenue_4q": null,
            "common_shares": 277100,
            "book_valuer_per_share": 13.4,
            "book_valuer_per_share_4q_avg": 17.75,
            "equity": 371224,
            "current_ratio": 450.23,
            "debt_ratio": 17,
            "inventory_turnover_ratio": 1.2,
            "account_receivable_turnover_ratio": null,
            "reinvestment_rate": null,
            "research_to_sale_ratio": null,
            "price_fair": 0,
            "eps_avg_yearly": 0,
            "eps_latest_yearly": 0,
            "eps_growth_yearly": 0
        },
        "20014": {
            "year_quarter": 20014,
            "year": 2001,
            "quarter": 4,
            "eps": 0.63,
            "eps_growth_year": null,
            "eps_4q": 3.3,
            "eps_4q_growth_year": null,
            "roe": 4.59,
            "roe_4q": 26.73,
            "gross_profit": 43706,
            "gross_margin": 48.92,
            "gross_margin_4q_avg": 46.4,
            "net_income": 17430,
            "net_income_4q": null,
            "revenue": 89345,
            "revenue_4q": null,
            "common_shares": 277100,
            "book_valuer_per_share": 14.03,
            "book_valuer_per_share_4q_avg": 16.82,
            "equity": 388654,
            "current_ratio": 488.93,
            "debt_ratio": 15.69,
            "inventory_turnover_ratio": 1.19,
            "account_receivable_turnover_ratio": null,
            "reinvestment_rate": null,
            "research_to_sale_ratio": null,
            "price_fair": 0,
            "eps_avg_yearly": 0,
            "eps_latest_yearly": 0,
            "eps_growth_yearly": 0
        },
        "20021": {
            "year_quarter": 20021,
            "year": 2002,
            "quarter": 1,
            "eps": 0.87,
            "eps_growth_year": -50.85,
            "eps_4q": 3.09,
            "eps_4q_growth_year": null,
            "roe": 5.99,
            "roe_4q": 23.130000000000003,
            "gross_profit": 51757,
            "gross_margin": 45.33,
            "gross_margin_4q_avg": 46.54,
            "net_income": 23997,
            "net_income_4q": null,
            "revenue": 114174,
            "revenue_4q": null,
            "common_shares": 277100,
            "book_valuer_per_share": 14.89,
            "book_valuer_per_share_4q_avg": 15.72,
            "equity": 412651,
            "current_ratio": 375.14,
            "debt_ratio": 20.6,
            "inventory_turnover_ratio": 1.51,
            "account_receivable_turnover_ratio": null,
            "reinvestment_rate": null,
            "research_to_sale_ratio": null,
            "price_fair": 121.8,
            "eps_avg_yearly": 3.48,
            "eps_latest_yearly": 3.48,
            "eps_growth_yearly": 152.38
        },
        "20022": {
            "year_quarter": 20022,
            "year": 2002,
            "quarter": 2,
            "eps": 1.59,
            "eps_growth_year": 101.27,
            "eps_4q": 3.88,
            "eps_4q_growth_year": null,
            "roe": 10.18,
            "roe_4q": 26.82,
            "gross_profit": 71529,
            "gross_margin": 45.9,
            "gross_margin_4q_avg": 47.06,
            "net_income": 43983,
            "net_income_4q": null,
            "revenue": 155825,
            "revenue_4q": null,
            "common_shares": 277100,
            "book_valuer_per_share": 16.29,
            "book_valuer_per_share_4q_avg": 14.65,
            "equity": 451264,
            "current_ratio": 320.07,
            "debt_ratio": 23.44,
            "inventory_turnover_ratio": 1.83,
            "account_receivable_turnover_ratio": null,
            "reinvestment_rate": null,
            "research_to_sale_ratio": null,
            "price_fair": 172.2,
            "eps_avg_yearly": 4.92,
            "eps_latest_yearly": 6.36,
            "eps_growth_yearly": 241.71
        },
        "20023": {
            "year_quarter": 20023,
            "year": 2002,
            "quarter": 3,
            "eps": 1.61,
            "eps_growth_year": 103.8,
            "eps_4q": 4,
            "eps_4q_growth_year": null,
            "roe": 11.98,
            "roe_4q": 32.739999999999995,
            "gross_profit": 98983,
            "gross_margin": 50.59,
            "gross_margin_4q_avg": 47.69,
            "net_income": 57629,
            "net_income_4q": null,
            "revenue": 195655,
            "revenue_4q": null,
            "common_shares": 358280,
            "book_valuer_per_share": 14.27,
            "book_valuer_per_share_4q_avg": 14.87,
            "equity": 511219,
            "current_ratio": 352.99,
            "debt_ratio": 21.47,
            "inventory_turnover_ratio": 1.77,
            "account_receivable_turnover_ratio": null,
            "reinvestment_rate": null,
            "research_to_sale_ratio": null,
            "price_fair": 189.93,
            "eps_avg_yearly": 5.43,
            "eps_latest_yearly": 6.44,
            "eps_growth_yearly": 162.82
        },
        "20024": {
            "year_quarter": 20024,
            "year": 2002,
            "quarter": 4,
            "eps": 2.78,
            "eps_growth_year": 341.27,
            "eps_4q": 6.28,
            "eps_4q_growth_year": 90.37,
            "roe": 17.8,
            "roe_4q": 45.95,
            "gross_profit": 160471,
            "gross_margin": 62.62,
            "gross_margin_4q_avg": 51.11,
            "net_income": 99680,
            "net_income_4q": null,
            "revenue": 256266,
            "revenue_4q": null,
            "common_shares": 358280,
            "book_valuer_per_share": 16.98,
            "book_valuer_per_share_4q_avg": 15.61,
            "equity": 608486,
            "current_ratio": 382.8,
            "debt_ratio": 20.68,
            "inventory_turnover_ratio": 1.71,
            "account_receivable_turnover_ratio": null,
            "reinvestment_rate": null,
            "research_to_sale_ratio": null,
            "price_fair": 239.75,
            "eps_avg_yearly": 6.85,
            "eps_latest_yearly": 11.12,
            "eps_growth_yearly": 194.78
        },
        "20031": {
            "year_quarter": 20031,
            "year": 2003,
            "quarter": 1,
            "eps": 1.45,
            "eps_growth_year": 66.67,
            "eps_4q": 7.06,
            "eps_4q_growth_year": 128.42,
            "roe": 8.22,
            "roe_4q": 48.18,
            "gross_profit": 100236,
            "gross_margin": 48.74,
            "gross_margin_4q_avg": 51.96,
            "net_income": 52013,
            "net_income_4q": null,
            "revenue": 205635,
            "revenue_4q": null,
            "common_shares": 358280,
            "book_valuer_per_share": 18.35,
            "book_valuer_per_share_4q_avg": 16.47,
            "equity": 657316,
            "current_ratio": 334.1,
            "debt_ratio": 23.63,
            "inventory_turnover_ratio": 1.78,
            "account_receivable_turnover_ratio": null,
            "reinvestment_rate": null,
            "research_to_sale_ratio": null,
            "price_fair": 232.4,
            "eps_avg_yearly": 6.64,
            "eps_latest_yearly": 5.8,
            "eps_growth_yearly": 117.55
        },
        "20032": {
            "year_quarter": 20032,
            "year": 2003,
            "quarter": 2,
            "eps": 1.63,
            "eps_growth_year": 2.52,
            "eps_4q": 7.48,
            "eps_4q_growth_year": 92.89,
            "roe": 8.48,
            "roe_4q": 46.480000000000004,
            "gross_profit": 109683,
            "gross_margin": 49.85,
            "gross_margin_4q_avg": 52.95,
            "net_income": 58332,
            "net_income_4q": null,
            "revenue": 220027,
            "revenue_4q": null,
            "common_shares": 358280,
            "book_valuer_per_share": 20.06,
            "book_valuer_per_share_4q_avg": 17.42,
            "equity": 718782,
            "current_ratio": 366.74,
            "debt_ratio": 20.97,
            "inventory_turnover_ratio": 1.78,
            "account_receivable_turnover_ratio": null,
            "reinvestment_rate": null,
            "research_to_sale_ratio": null,
            "price_fair": 231.7,
            "eps_avg_yearly": 6.62,
            "eps_latest_yearly": 6.52,
            "eps_growth_yearly": 106.24
        },
        "20033": {
            "year_quarter": 20033,
            "year": 2003,
            "quarter": 3,
            "eps": 1.53,
            "eps_growth_year": -4.97,
            "eps_4q": 5.8,
            "eps_4q_growth_year": 45.11,
            "roe": 9.92,
            "roe_4q": 44.42,
            "gross_profit": 124981,
            "gross_margin": 49.93,
            "gross_margin_4q_avg": 52.79,
            "net_income": 75275,
            "net_income_4q": null,
            "revenue": 250304,
            "revenue_4q": null,
            "common_shares": 493316,
            "book_valuer_per_share": 16.2,
            "book_valuer_per_share_4q_avg": 17.9,
            "equity": 798940,
            "current_ratio": 348.63,
            "debt_ratio": 20.91,
            "inventory_turnover_ratio": 2,
            "account_receivable_turnover_ratio": null,
            "reinvestment_rate": null,
            "research_to_sale_ratio": null,
            "price_fair": 229.2,
            "eps_avg_yearly": 6.55,
            "eps_latest_yearly": 6.12,
            "eps_growth_yearly": 87.55
        },
        "20034": {
            "year_quarter": 20034,
            "year": 2003,
            "quarter": 4,
            "eps": 1.56,
            "eps_growth_year": -43.88,
            "eps_4q": 5.31,
            "eps_4q_growth_year": -15.44,
            "roe": 9.23,
            "roe_4q": 35.85,
            "gross_profit": 129394,
            "gross_margin": 48.61,
            "gross_margin_4q_avg": 49.28,
            "net_income": 77158,
            "net_income_4q": null,
            "revenue": 266170,
            "revenue_4q": null,
            "common_shares": 493316,
            "book_valuer_per_share": 17.68,
            "book_valuer_per_share_4q_avg": 18.07,
            "equity": 872228,
            "current_ratio": 350.86,
            "debt_ratio": 22.83,
            "inventory_turnover_ratio": 1.95,
            "account_receivable_turnover_ratio": null,
            "reinvestment_rate": null,
            "research_to_sale_ratio": null,
            "price_fair": 227.85,
            "eps_avg_yearly": 6.51,
            "eps_latest_yearly": 6.24,
            "eps_growth_yearly": 77.59
        },
        "20041": {
            "year_quarter": 20041,
            "year": 2004,
            "quarter": 1,
            "eps": 1.06,
            "eps_growth_year": -26.9,
            "eps_4q": 5.32,
            "eps_4q_growth_year": -24.66,
            "roe": 5.86,
            "roe_4q": 33.489999999999995,
            "gross_profit": 92170,
            "gross_margin": 40.93,
            "gross_margin_4q_avg": 47.33,
            "net_income": 52446,
            "net_income_4q": null,
            "revenue": 225187,
            "revenue_4q": null,
            "common_shares": 493316,
            "book_valuer_per_share": 18.61,
            "book_valuer_per_share_4q_avg": 18.14,
            "equity": 918002,
            "current_ratio": 367.08,
            "debt_ratio": 35.34,
            "inventory_turnover_ratio": 1.61,
            "account_receivable_turnover_ratio": null,
            "reinvestment_rate": null,
            "research_to_sale_ratio": null,
            "price_fair": 219.02,
            "eps_avg_yearly": 6.26,
            "eps_latest_yearly": 4.24,
            "eps_growth_yearly": 54.72
        },
        "20042": {
            "year_quarter": 20042,
            "year": 2004,
            "quarter": 2,
            "eps": 1.13,
            "eps_growth_year": -30.67,
            "eps_4q": 5.29,
            "eps_4q_growth_year": -29.25,
            "roe": 6.06,
            "roe_4q": 31.07,
            "gross_profit": 107350,
            "gross_margin": 42.58,
            "gross_margin_4q_avg": 45.51,
            "net_income": 55636,
            "net_income_4q": null,
            "revenue": 252126,
            "revenue_4q": null,
            "common_shares": 493316,
            "book_valuer_per_share": 18.64,
            "book_valuer_per_share_4q_avg": 17.78,
            "equity": 919551,
            "current_ratio": 346.02,
            "debt_ratio": 36.39,
            "inventory_turnover_ratio": 1.44,
            "account_receivable_turnover_ratio": null,
            "reinvestment_rate": null,
            "research_to_sale_ratio": null,
            "price_fair": 212.94,
            "eps_avg_yearly": 6.08,
            "eps_latest_yearly": 4.52,
            "eps_growth_yearly": 51.89
        },
        "20043": {
            "year_quarter": 20043,
            "year": 2004,
            "quarter": 3,
            "eps": 1.12,
            "eps_growth_year": -26.8,
            "eps_4q": 4.03,
            "eps_4q_growth_year": -30.46,
            "roe": 7.42,
            "roe_4q": 28.57,
            "gross_profit": 110579,
            "gross_margin": 38.66,
            "gross_margin_4q_avg": 42.7,
            "net_income": 71229,
            "net_income_4q": null,
            "revenue": 286004,
            "revenue_4q": null,
            "common_shares": 634168,
            "book_valuer_per_share": 15.76,
            "book_valuer_per_share_4q_avg": 17.67,
            "equity": 999302,
            "current_ratio": 524.43,
            "debt_ratio": 28.93,
            "inventory_turnover_ratio": 1.6,
            "account_receivable_turnover_ratio": null,
            "reinvestment_rate": null,
            "research_to_sale_ratio": null,
            "price_fair": 207.84,
            "eps_avg_yearly": 5.94,
            "eps_latest_yearly": 4.48,
            "eps_growth_yearly": 46.85
        },
        "20044": {
            "year_quarter": 20044,
            "year": 2004,
            "quarter": 4,
            "eps": 0.84,
            "eps_growth_year": -46.15,
            "eps_4q": 3.68,
            "eps_4q_growth_year": -30.73,
            "roe": 5.19,
            "roe_4q": 24.529999999999998,
            "gross_profit": 92699,
            "gross_margin": 36.01,
            "gross_margin_4q_avg": 39.55,
            "net_income": 53030,
            "net_income_4q": null,
            "revenue": 257392,
            "revenue_4q": null,
            "common_shares": 634168,
            "book_valuer_per_share": 16.49,
            "book_valuer_per_share_4q_avg": 17.38,
            "equity": 1045866,
            "current_ratio": 416.93,
            "debt_ratio": 31.3,
            "inventory_turnover_ratio": 1.23,
            "account_receivable_turnover_ratio": null,
            "reinvestment_rate": 26.48,
            "research_to_sale_ratio": null,
            "price_fair": 200.32,
            "eps_avg_yearly": 5.72,
            "eps_latest_yearly": 3.36,
            "eps_growth_yearly": 34.62
        },
        "20051": {
            "year_quarter": 20051,
            "year": 2005,
            "quarter": 1,
            "eps": 0.88,
            "eps_growth_year": -16.98,
            "eps_4q": 3.71,
            "eps_4q_growth_year": -30.29,
            "roe": 5.26,
            "roe_4q": 23.929999999999996,
            "gross_profit": 101384,
            "gross_margin": 41.72,
            "gross_margin_4q_avg": 39.74,
            "net_income": 55972,
            "net_income_4q": null,
            "revenue": 243010,
            "revenue_4q": null,
            "common_shares": 634168,
            "book_valuer_per_share": 17.07,
            "book_valuer_per_share_4q_avg": 16.99,
            "equity": 1082627,
            "current_ratio": 387.81,
            "debt_ratio": 31.35,
            "inventory_turnover_ratio": 1.19,
            "account_receivable_turnover_ratio": null,
            "reinvestment_rate": 1.03,
            "research_to_sale_ratio": null,
            "price_fair": 194.38,
            "eps_avg_yearly": 5.55,
            "eps_latest_yearly": 3.52,
            "eps_growth_yearly": 33.42
        },
        "20052": {
            "year_quarter": 20052,
            "year": 2005,
            "quarter": 2,
            "eps": 1,
            "eps_growth_year": -11.5,
            "eps_4q": 3.85,
            "eps_4q_growth_year": -27.25,
            "roe": 5.93,
            "roe_4q": 23.799999999999997,
            "gross_profit": 86707,
            "gross_margin": 37.94,
            "gross_margin_4q_avg": 38.58,
            "net_income": 63249,
            "net_income_4q": null,
            "revenue": 228517,
            "revenue_4q": null,
            "common_shares": 634168,
            "book_valuer_per_share": 16.58,
            "book_valuer_per_share_4q_avg": 16.48,
            "equity": 1051314,
            "current_ratio": 291.09,
            "debt_ratio": 36.55,
            "inventory_turnover_ratio": 1.84,
            "account_receivable_turnover_ratio": null,
            "reinvestment_rate": 0.59,
            "research_to_sale_ratio": null,
            "price_fair": 190.5,
            "eps_avg_yearly": 5.44,
            "eps_latest_yearly": 4,
            "eps_growth_yearly": 34.93
        },
        "20053": {
            "year_quarter": 20053,
            "year": 2005,
            "quarter": 3,
            "eps": 1.08,
            "eps_growth_year": -3.57,
            "eps_4q": 3.39,
            "eps_4q_growth_year": -15.97,
            "roe": 7.28,
            "roe_4q": 23.66,
            "gross_profit": 103824,
            "gross_margin": 40,
            "gross_margin_4q_avg": 38.92,
            "net_income": 80577,
            "net_income_4q": null,
            "revenue": 259544,
            "revenue_4q": null,
            "common_shares": 745376,
            "book_valuer_per_share": 15.58,
            "book_valuer_per_share_4q_avg": 16.43,
            "equity": 1161380,
            "current_ratio": 352.28,
            "debt_ratio": 31.32,
            "inventory_turnover_ratio": 1.9,
            "account_receivable_turnover_ratio": null,
            "reinvestment_rate": 0.39,
            "research_to_sale_ratio": null,
            "price_fair": 187.88,
            "eps_avg_yearly": 5.37,
            "eps_latest_yearly": 4.32,
            "eps_growth_yearly": 34.73
        },
        "20054": {
            "year_quarter": 20054,
            "year": 2005,
            "quarter": 4,
            "eps": 0.9,
            "eps_growth_year": 7.14,
            "eps_4q": 3.57,
            "eps_4q_growth_year": -3.09,
            "roe": 5.65,
            "roe_4q": 24.119999999999997,
            "gross_profit": 93064,
            "gross_margin": 40.26,
            "gross_margin_4q_avg": 39.98,
            "net_income": 67433,
            "net_income_4q": null,
            "revenue": 231175,
            "revenue_4q": null,
            "common_shares": 745376,
            "book_valuer_per_share": 16.44,
            "book_valuer_per_share_4q_avg": 16.42,
            "equity": 1225594,
            "current_ratio": 418.88,
            "debt_ratio": 30.8,
            "inventory_turnover_ratio": 1.25,
            "account_receivable_turnover_ratio": null,
            "reinvestment_rate": 28.03,
            "research_to_sale_ratio": null,
            "price_fair": 184.01,
            "eps_avg_yearly": 5.26,
            "eps_latest_yearly": 3.6,
            "eps_growth_yearly": 28.39
        },
        "20061": {
            "year_quarter": 20061,
            "year": 2006,
            "quarter": 1,
            "eps": 0.59,
            "eps_growth_year": -32.95,
            "eps_4q": 3.46,
            "eps_4q_growth_year": -6.57,
            "roe": 3.48,
            "roe_4q": 22.34,
            "gross_profit": 69530,
            "gross_margin": 37.26,
            "gross_margin_4q_avg": 38.87,
            "net_income": 43357,
            "net_income_4q": null,
            "revenue": 186627,
            "revenue_4q": null,
            "common_shares": 745376,
            "book_valuer_per_share": 17.01,
            "book_valuer_per_share_4q_avg": 16.4,
            "equity": 1267645,
            "current_ratio": 240.66,
            "debt_ratio": 28.86,
            "inventory_turnover_ratio": 1.16,
            "account_receivable_turnover_ratio": null,
            "reinvestment_rate": 0.49,
            "research_to_sale_ratio": null,
            "price_fair": 105.1,
            "eps_avg_yearly": 5.19,
            "eps_latest_yearly": 2.36,
            "eps_growth_yearly": 10.26
        },
        "20062": {
            "year_quarter": 20062,
            "year": 2006,
            "quarter": 2,
            "eps": 0.38,
            "eps_growth_year": -62,
            "eps_4q": 2.92,
            "eps_4q_growth_year": -24.26,
            "roe": 2.33,
            "roe_4q": 18.740000000000002,
            "gross_profit": 68181,
            "gross_margin": 38.01,
            "gross_margin_4q_avg": 38.88,
            "net_income": 28678,
            "net_income_4q": null,
            "revenue": 179355,
            "revenue_4q": null,
            "common_shares": 745376,
            "book_valuer_per_share": 16.03,
            "book_valuer_per_share_4q_avg": 16.27,
            "equity": 1195061,
            "current_ratio": 218.31,
            "debt_ratio": 31.14,
            "inventory_turnover_ratio": 1.72,
            "account_receivable_turnover_ratio": null,
            "reinvestment_rate": -2.4,
            "research_to_sale_ratio": null,
            "price_fair": 14.66,
            "eps_avg_yearly": 4.89,
            "eps_latest_yearly": 1.52,
            "eps_growth_yearly": -19.33
        },
        "20063": {
            "year_quarter": 20063,
            "year": 2006,
            "quarter": 3,
            "eps": 0.38,
            "eps_growth_year": -64.81,
            "eps_4q": 2.01,
            "eps_4q_growth_year": -40.78,
            "roe": 2.67,
            "roe_4q": 14.13,
            "gross_profit": 70931,
            "gross_margin": 39.84,
            "gross_margin_4q_avg": 38.84,
            "net_income": 32577,
            "net_income_4q": null,
            "revenue": 178061,
            "revenue_4q": null,
            "common_shares": 851592,
            "book_valuer_per_share": 14.65,
            "book_valuer_per_share_4q_avg": 16.03,
            "equity": 1247772,
            "current_ratio": 265.9,
            "debt_ratio": 25.89,
            "inventory_turnover_ratio": 1.98,
            "account_receivable_turnover_ratio": null,
            "reinvestment_rate": -5.67,
            "research_to_sale_ratio": null,
            "price_fair": 13.73,
            "eps_avg_yearly": 4.58,
            "eps_latest_yearly": 1.52,
            "eps_growth_yearly": -19.64
        },
        "20064": {
            "year_quarter": 20064,
            "year": 2006,
            "quarter": 4,
            "eps": 0.37,
            "eps_growth_year": -58.89,
            "eps_4q": 1.58,
            "eps_4q_growth_year": -55.59,
            "roe": 2.52,
            "roe_4q": 11,
            "gross_profit": 63195,
            "gross_margin": 36.22,
            "gross_margin_4q_avg": 37.83,
            "net_income": 31883,
            "net_income_4q": null,
            "revenue": 174494,
            "revenue_4q": null,
            "common_shares": 851592,
            "book_valuer_per_share": 15,
            "book_valuer_per_share_4q_avg": 15.67,
            "equity": 1277791,
            "current_ratio": 276.17,
            "debt_ratio": 26.81,
            "inventory_turnover_ratio": 1.39,
            "account_receivable_turnover_ratio": null,
            "reinvestment_rate": 29.47,
            "research_to_sale_ratio": null,
            "price_fair": 11.93,
            "eps_avg_yearly": 3.98,
            "eps_latest_yearly": 1.48,
            "eps_growth_yearly": -38.47
        },
        "20071": {
            "year_quarter": 20071,
            "year": 2007,
            "quarter": 1,
            "eps": 0.69,
            "eps_growth_year": 16.95,
            "eps_4q": 1.78,
            "eps_4q_growth_year": -48.61,
            "roe": 4.48,
            "roe_4q": 12,
            "gross_profit": 64132,
            "gross_margin": 30.73,
            "gross_margin_4q_avg": 36.2,
            "net_income": 58920,
            "net_income_4q": null,
            "revenue": 208702,
            "revenue_4q": null,
            "common_shares": 851592,
            "book_valuer_per_share": 15.88,
            "book_valuer_per_share_4q_avg": 15.39,
            "equity": 1352012,
            "current_ratio": 324.38,
            "debt_ratio": 22.34,
            "inventory_turnover_ratio": 2.36,
            "account_receivable_turnover_ratio": null,
            "reinvestment_rate": -5.72,
            "research_to_sale_ratio": null,
            "price_fair": 11.36,
            "eps_avg_yearly": 3.79,
            "eps_latest_yearly": 2.76,
            "eps_growth_yearly": -4.89
        },
        "20072": {
            "year_quarter": 20072,
            "year": 2007,
            "quarter": 2,
            "eps": 0.61,
            "eps_growth_year": 60.53,
            "eps_4q": 2.05,
            "eps_4q_growth_year": -29.67,
            "roe": 3.87,
            "roe_4q": 13.540000000000001,
            "gross_profit": 64087,
            "gross_margin": 36.59,
            "gross_margin_4q_avg": 35.85,
            "net_income": 52247,
            "net_income_4q": null,
            "revenue": 175150,
            "revenue_4q": null,
            "common_shares": 851592,
            "book_valuer_per_share": 15.87,
            "book_valuer_per_share_4q_avg": 15.35,
            "equity": 1351383,
            "current_ratio": 251.35,
            "debt_ratio": 27.95,
            "inventory_turnover_ratio": 11.24,
            "account_receivable_turnover_ratio": null,
            "reinvestment_rate": -5.47,
            "research_to_sale_ratio": null,
            "price_fair": 10.59,
            "eps_avg_yearly": 3.53,
            "eps_latest_yearly": 2.44,
            "eps_growth_yearly": -10.89
        },
        "20073": {
            "year_quarter": 20073,
            "year": 2007,
            "quarter": 3,
            "eps": 0.71,
            "eps_growth_year": 86.84,
            "eps_4q": 2.32,
            "eps_4q_growth_year": 15.62,
            "roe": 4.55,
            "roe_4q": 15.42,
            "gross_profit": 64963,
            "gross_margin": 36.4,
            "gross_margin_4q_avg": 34.99,
            "net_income": 63070,
            "net_income_4q": null,
            "revenue": 178477,
            "revenue_4q": null,
            "common_shares": 889062,
            "book_valuer_per_share": 15.96,
            "book_valuer_per_share_4q_avg": 15.68,
            "equity": 1418650,
            "current_ratio": 291.79,
            "debt_ratio": 24.57,
            "inventory_turnover_ratio": 15.87,
            "account_receivable_turnover_ratio": null,
            "reinvestment_rate": -5.14,
            "research_to_sale_ratio": null,
            "price_fair": 9.98,
            "eps_avg_yearly": 3.33,
            "eps_latest_yearly": 2.84,
            "eps_growth_yearly": -5.26
        },
        "20074": {
            "year_quarter": 20074,
            "year": 2007,
            "quarter": 4,
            "eps": 0.35,
            "eps_growth_year": -5.41,
            "eps_4q": 2.29,
            "eps_4q_growth_year": 44.63,
            "roe": 2.18,
            "roe_4q": 15.080000000000002,
            "gross_profit": 56665,
            "gross_margin": 36.02,
            "gross_margin_4q_avg": 34.94,
            "net_income": 31420,
            "net_income_4q": null,
            "revenue": 157318,
            "revenue_4q": null,
            "common_shares": 889062,
            "book_valuer_per_share": 16.46,
            "book_valuer_per_share_4q_avg": 16.04,
            "equity": 1463605,
            "current_ratio": 323.96,
            "debt_ratio": 23.13,
            "inventory_turnover_ratio": 2.03,
            "account_receivable_turnover_ratio": null,
            "reinvestment_rate": 34.83,
            "research_to_sale_ratio": null,
            "price_fair": 9.07,
            "eps_avg_yearly": 3.02,
            "eps_latest_yearly": 1.4,
            "eps_growth_yearly": -18.42
        },
        "20081": {
            "year_quarter": 20081,
            "year": 2008,
            "quarter": 1,
            "eps": 0.13,
            "eps_growth_year": -81.16,
            "eps_4q": 1.73,
            "eps_4q_growth_year": -2.94,
            "roe": 0.82,
            "roe_4q": 11.42,
            "gross_profit": 86896,
            "gross_margin": 36.79,
            "gross_margin_4q_avg": 36.45,
            "net_income": 11935,
            "net_income_4q": null,
            "revenue": 236168,
            "revenue_4q": null,
            "common_shares": 889062,
            "book_valuer_per_share": 16.36,
            "book_valuer_per_share_4q_avg": 16.16,
            "equity": 1454546,
            "current_ratio": 515.02,
            "debt_ratio": 14.57,
            "inventory_turnover_ratio": 1.59,
            "account_receivable_turnover_ratio": null,
            "reinvestment_rate": 45.8,
            "research_to_sale_ratio": null,
            "price_fair": 8.37,
            "eps_avg_yearly": 2.79,
            "eps_latest_yearly": 0.52,
            "eps_growth_yearly": -26.12
        },
        "20082": {
            "year_quarter": 20082,
            "year": 2008,
            "quarter": 2,
            "eps": 0.26,
            "eps_growth_year": -57.38,
            "eps_4q": 1.45,
            "eps_4q_growth_year": -29.13,
            "roe": 1.64,
            "roe_4q": 9.190000000000001,
            "gross_profit": 75617,
            "gross_margin": 28.33,
            "gross_margin_4q_avg": 34.39,
            "net_income": 23191,
            "net_income_4q": null,
            "revenue": 266931,
            "revenue_4q": null,
            "common_shares": 889062,
            "book_valuer_per_share": 15.44,
            "book_valuer_per_share_4q_avg": 16.06,
            "equity": 1372623,
            "current_ratio": 302.68,
            "debt_ratio": 23.36,
            "inventory_turnover_ratio": 1.74,
            "account_receivable_turnover_ratio": null,
            "reinvestment_rate": 54.22,
            "research_to_sale_ratio": null,
            "price_fair": 7.72,
            "eps_avg_yearly": 2.57,
            "eps_latest_yearly": 1.04,
            "eps_growth_yearly": -2.77
        },
        "20083": {
            "year_quarter": 20083,
            "year": 2008,
            "quarter": 3,
            "eps": 0.49,
            "eps_growth_year": -30.99,
            "eps_4q": 1.22,
            "eps_4q_growth_year": -47.5,
            "roe": 3.21,
            "roe_4q": 7.85,
            "gross_profit": 117709,
            "gross_margin": 30,
            "gross_margin_4q_avg": 32.79,
            "net_income": 44785,
            "net_income_4q": null,
            "revenue": 392358,
            "revenue_4q": null,
            "common_shares": 910844,
            "book_valuer_per_share": 15.59,
            "book_valuer_per_share_4q_avg": 15.96,
            "equity": 1420026,
            "current_ratio": 351.17,
            "debt_ratio": 19.57,
            "inventory_turnover_ratio": 2.44,
            "account_receivable_turnover_ratio": null,
            "reinvestment_rate": 60.53,
            "research_to_sale_ratio": null,
            "price_fair": 71.39,
            "eps_avg_yearly": 2.42,
            "eps_latest_yearly": 1.96,
            "eps_growth_yearly": 19.56
        },
        "20084": {
            "year_quarter": 20084,
            "year": 2008,
            "quarter": 4,
            "eps": -0.09,
            "eps_growth_year": -125.71,
            "eps_4q": 0.8,
            "eps_4q_growth_year": -65.08,
            "roe": -0.59,
            "roe_4q": 5.08,
            "gross_profit": 93920,
            "gross_margin": 35.56,
            "gross_margin_4q_avg": 32.67,
            "net_income": -8312,
            "net_income_4q": null,
            "revenue": 264080,
            "revenue_4q": null,
            "common_shares": 910844,
            "book_valuer_per_share": 15.56,
            "book_valuer_per_share_4q_avg": 15.74,
            "equity": 1417222,
            "current_ratio": 540.98,
            "debt_ratio": 12.99,
            "inventory_turnover_ratio": 1.82,
            "account_receivable_turnover_ratio": 1.29,
            "reinvestment_rate": 36.72,
            "research_to_sale_ratio": null,
            "price_fair": 82.32,
            "eps_avg_yearly": 2.35,
            "eps_latest_yearly": 1.96,
            "eps_growth_yearly": 27.53
        },
        "20091": {
            "year_quarter": 20091,
            "year": 2009,
            "quarter": 1,
            "eps": 0.18,
            "eps_growth_year": 38.46,
            "eps_4q": 0.87,
            "eps_4q_growth_year": -49.42,
            "roe": 1.08,
            "roe_4q": 5.34,
            "gross_profit": 72868,
            "gross_margin": 31.46,
            "gross_margin_4q_avg": 31.34,
            "net_income": 15470,
            "net_income_4q": null,
            "revenue": 231596,
            "revenue_4q": null,
            "common_shares": 902844,
            "book_valuer_per_share": 16.17,
            "book_valuer_per_share_4q_avg": 15.69,
            "equity": 1459464,
            "current_ratio": 554.47,
            "debt_ratio": 12.84,
            "inventory_turnover_ratio": 1.85,
            "account_receivable_turnover_ratio": 0.65,
            "reinvestment_rate": 70.84,
            "research_to_sale_ratio": null,
            "price_fair": 79.4,
            "eps_avg_yearly": 2.27,
            "eps_latest_yearly": 1.96,
            "eps_growth_yearly": 28.14
        },
        "20092": {
            "year_quarter": 20092,
            "year": 2009,
            "quarter": 2,
            "eps": 0.39,
            "eps_growth_year": 50,
            "eps_4q": 0.98,
            "eps_4q_growth_year": -32.5,
            "roe": 2.39,
            "roe_4q": 6.09,
            "gross_profit": 107161,
            "gross_margin": 35.14,
            "gross_margin_4q_avg": 33.04,
            "net_income": 34283,
            "net_income_4q": null,
            "revenue": 304989,
            "revenue_4q": null,
            "common_shares": 902844,
            "book_valuer_per_share": 15.57,
            "book_valuer_per_share_4q_avg": 15.72,
            "equity": 1406058,
            "current_ratio": 424.41,
            "debt_ratio": 17.04,
            "inventory_turnover_ratio": 2.52,
            "account_receivable_turnover_ratio": 0.88,
            "reinvestment_rate": 67.72,
            "research_to_sale_ratio": null,
            "price_fair": 73.3,
            "eps_avg_yearly": 2.09,
            "eps_latest_yearly": 1.56,
            "eps_growth_yearly": 57.58
        },
        "20093": {
            "year_quarter": 20093,
            "year": 2009,
            "quarter": 3,
            "eps": 0.79,
            "eps_growth_year": 61.22,
            "eps_4q": 1.26,
            "eps_4q_growth_year": 3.63,
            "roe": 4.84,
            "roe_4q": 7.720000000000001,
            "gross_profit": 185516,
            "gross_margin": 44.1,
            "gross_margin_4q_avg": 36.57,
            "net_income": 69310,
            "net_income_4q": null,
            "revenue": 420655,
            "revenue_4q": null,
            "common_shares": 902844,
            "book_valuer_per_share": 16.15,
            "book_valuer_per_share_4q_avg": 15.86,
            "equity": 1457837,
            "current_ratio": 498.01,
            "debt_ratio": 15.91,
            "inventory_turnover_ratio": 2.99,
            "account_receivable_turnover_ratio": 0.94,
            "reinvestment_rate": 62.78,
            "research_to_sale_ratio": null,
            "price_fair": 70.4,
            "eps_avg_yearly": 2.01,
            "eps_latest_yearly": 3.16,
            "eps_growth_yearly": 84.59
        },
        "20094": {
            "year_quarter": 20094,
            "year": 2009,
            "quarter": 4,
            "eps": 0.77,
            "eps_growth_year": null,
            "eps_4q": 2.13,
            "eps_4q_growth_year": 166.7,
            "roe": 4.51,
            "roe_4q": 12.82,
            "gross_profit": 188634,
            "gross_margin": 43.07,
            "gross_margin_4q_avg": 38.44,
            "net_income": 67169,
            "net_income_4q": null,
            "revenue": 437997,
            "revenue_4q": null,
            "common_shares": 902844,
            "book_valuer_per_share": 17.41,
            "book_valuer_per_share_4q_avg": 16.33,
            "equity": 1519471,
            "current_ratio": 440.02,
            "debt_ratio": 18.86,
            "inventory_turnover_ratio": 2.51,
            "account_receivable_turnover_ratio": 1.59,
            "reinvestment_rate": 162.55,
            "research_to_sale_ratio": null,
            "price_fair": 69.1,
            "eps_avg_yearly": 1.97,
            "eps_latest_yearly": 3.08,
            "eps_growth_yearly": 88.63
        },
        "20101": {
            "year_quarter": 20101,
            "year": 2010,
            "quarter": 1,
            "eps": 0.78,
            "eps_growth_year": 333.33,
            "eps_4q": 2.74,
            "eps_4q_growth_year": 212.92,
            "roe": 4.36,
            "roe_4q": 16.1,
            "gross_profit": 183029,
            "gross_margin": 42.2,
            "gross_margin_4q_avg": 41.13,
            "net_income": 68014,
            "net_income_4q": null,
            "revenue": 433676,
            "revenue_4q": null,
            "common_shares": 902844,
            "book_valuer_per_share": 18.34,
            "book_valuer_per_share_4q_avg": 16.87,
            "equity": 1600896,
            "current_ratio": 480.01,
            "debt_ratio": 18.44,
            "inventory_turnover_ratio": 2.08,
            "account_receivable_turnover_ratio": 0.76,
            "reinvestment_rate": 205.82,
            "research_to_sale_ratio": 6.95,
            "price_fair": 71,
            "eps_avg_yearly": 2.03,
            "eps_latest_yearly": 3.12,
            "eps_growth_yearly": 98.85
        },
        "20102": {
            "year_quarter": 20102,
            "year": 2010,
            "quarter": 2,
            "eps": 1.24,
            "eps_growth_year": 217.51,
            "eps_4q": 3.51,
            "eps_4q_growth_year": 258.01,
            "roe": 6.91,
            "roe_4q": 20.619999999999997,
            "gross_profit": 226294,
            "gross_margin": 44.66,
            "gross_margin_4q_avg": 43.51,
            "net_income": 111382,
            "net_income_4q": null,
            "revenue": 506656,
            "revenue_4q": null,
            "common_shares": 902844,
            "book_valuer_per_share": 18.58,
            "book_valuer_per_share_4q_avg": 17.62,
            "equity": 1621572,
            "current_ratio": 343.64,
            "debt_ratio": 24.86,
            "inventory_turnover_ratio": 1.99,
            "account_receivable_turnover_ratio": 0.81,
            "reinvestment_rate": 197.12,
            "research_to_sale_ratio": 7.2,
            "price_fair": 79.6,
            "eps_avg_yearly": 2.27,
            "eps_latest_yearly": 4.96,
            "eps_growth_yearly": 125.86
        },
        "20103": {
            "year_quarter": 20103,
            "year": 2010,
            "quarter": 3,
            "eps": 0.91,
            "eps_growth_year": 14.61,
            "eps_4q": 3.65,
            "eps_4q_growth_year": 188.87,
            "roe": 4.92,
            "roe_4q": 20.700000000000003,
            "gross_profit": 208692,
            "gross_margin": 41.1,
            "gross_margin_4q_avg": 42.76,
            "net_income": 81438,
            "net_income_4q": null,
            "revenue": 507762,
            "revenue_4q": null,
            "common_shares": 929479,
            "book_valuer_per_share": 18.75,
            "book_valuer_per_share_4q_avg": 18.27,
            "equity": 1686616,
            "current_ratio": 446.93,
            "debt_ratio": 20.35,
            "inventory_turnover_ratio": 1.89,
            "account_receivable_turnover_ratio": 0.77,
            "reinvestment_rate": 190.43,
            "research_to_sale_ratio": 7.71,
            "price_fair": 84.9,
            "eps_avg_yearly": 2.43,
            "eps_latest_yearly": 3.64,
            "eps_growth_yearly": 118.26
        },
        "20104": {
            "year_quarter": 20104,
            "year": 2010,
            "quarter": 4,
            "eps": 0.52,
            "eps_growth_year": -32.06,
            "eps_4q": 3.38,
            "eps_4q_growth_year": 58.2,
            "roe": 2.83,
            "roe_4q": 19.02,
            "gross_profit": 162107,
            "gross_margin": 35.79,
            "gross_margin_4q_avg": 40.94,
            "net_income": 47839,
            "net_income_4q": null,
            "revenue": 452994,
            "revenue_4q": null,
            "common_shares": 929479,
            "book_valuer_per_share": 18.55,
            "book_valuer_per_share_4q_avg": 18.56,
            "equity": 1695930,
            "current_ratio": 492.69,
            "debt_ratio": 19.23,
            "inventory_turnover_ratio": 1.85,
            "account_receivable_turnover_ratio": 0.73,
            "reinvestment_rate": 133.55,
            "research_to_sale_ratio": 9.08,
            "price_fair": 86.4,
            "eps_avg_yearly": 2.47,
            "eps_latest_yearly": 2.08,
            "eps_growth_yearly": 106.77
        },
        "20111": {
            "year_quarter": 20111,
            "year": 2011,
            "quarter": 1,
            "eps": 0.25,
            "eps_growth_year": -67.95,
            "eps_4q": 2.89,
            "eps_4q_growth_year": 5.52,
            "roe": 1.35,
            "roe_4q": 16.009999999999998,
            "gross_profit": 121262,
            "gross_margin": 30.43,
            "gross_margin_4q_avg": 38,
            "net_income": 23319,
            "net_income_4q": null,
            "revenue": 398541,
            "revenue_4q": null,
            "common_shares": 929479,
            "book_valuer_per_share": 19.24,
            "book_valuer_per_share_4q_avg": 18.78,
            "equity": 1759385,
            "current_ratio": 438.62,
            "debt_ratio": 21.34,
            "inventory_turnover_ratio": 1.7,
            "account_receivable_turnover_ratio": 0.7,
            "reinvestment_rate": 190.76,
            "research_to_sale_ratio": 9.33,
            "price_fair": 82,
            "eps_avg_yearly": 2.34,
            "eps_latest_yearly": 1,
            "eps_growth_yearly": 67.22
        },
        "20112": {
            "year_quarter": 20112,
            "year": 2011,
            "quarter": 2,
            "eps": 0.29,
            "eps_growth_year": -76.62,
            "eps_4q": 1.85,
            "eps_4q_growth_year": -47.35,
            "roe": 1.69,
            "roe_4q": 10.79,
            "gross_profit": 130598,
            "gross_margin": 27.21,
            "gross_margin_4q_avg": 33.63,
            "net_income": 28334,
            "net_income_4q": null,
            "revenue": 479926,
            "revenue_4q": null,
            "common_shares": 929479,
            "book_valuer_per_share": 17.42,
            "book_valuer_per_share_4q_avg": 18.49,
            "equity": 1593182,
            "current_ratio": 284.61,
            "debt_ratio": 31.17,
            "inventory_turnover_ratio": 1.8,
            "account_receivable_turnover_ratio": 0.79,
            "reinvestment_rate": 196.94,
            "research_to_sale_ratio": 7.73,
            "price_fair": 78.8,
            "eps_avg_yearly": 2.25,
            "eps_latest_yearly": 1.16,
            "eps_growth_yearly": 75.11
        },
        "20113": {
            "year_quarter": 20113,
            "year": 2011,
            "quarter": 3,
            "eps": 0.22,
            "eps_growth_year": -75.23,
            "eps_4q": 1.23,
            "eps_4q_growth_year": -66.23,
            "roe": 1.34,
            "roe_4q": 7.210000000000001,
            "gross_profit": 123341,
            "gross_margin": 24.02,
            "gross_margin_4q_avg": 29.36,
            "net_income": 22157,
            "net_income_4q": null,
            "revenue": 513467,
            "revenue_4q": null,
            "common_shares": 993493,
            "book_valuer_per_share": 17.27,
            "book_valuer_per_share_4q_avg": 18.12,
            "equity": 1705684,
            "current_ratio": 349.89,
            "debt_ratio": 25.37,
            "inventory_turnover_ratio": 1.8,
            "account_receivable_turnover_ratio": 0.74,
            "reinvestment_rate": 222.22,
            "research_to_sale_ratio": 8.24,
            "price_fair": 73.9,
            "eps_avg_yearly": 2.11,
            "eps_latest_yearly": 0.88,
            "eps_growth_yearly": 63.53
        },
        "20114": {
            "year_quarter": 20114,
            "year": 2011,
            "quarter": 4,
            "eps": 0.24,
            "eps_growth_year": -54.18,
            "eps_4q": 0.99,
            "eps_4q_growth_year": -70.75,
            "roe": 1.38,
            "roe_4q": 5.76,
            "gross_profit": 121504,
            "gross_margin": 25.03,
            "gross_margin_4q_avg": 26.67,
            "net_income": 23666,
            "net_income_4q": null,
            "revenue": 485442,
            "revenue_4q": null,
            "common_shares": 993493,
            "book_valuer_per_share": 17.52,
            "book_valuer_per_share_4q_avg": 17.86,
            "equity": 1729862,
            "current_ratio": 395.65,
            "debt_ratio": 22.78,
            "inventory_turnover_ratio": 1.63,
            "account_receivable_turnover_ratio": 0.68,
            "reinvestment_rate": 156.09,
            "research_to_sale_ratio": 8.16,
            "price_fair": 72.8,
            "eps_avg_yearly": 2.08,
            "eps_latest_yearly": 0.96,
            "eps_growth_yearly": 80.61
        },
        "20121": {
            "year_quarter": 20121,
            "year": 2012,
            "quarter": 1,
            "eps": 0.14,
            "eps_growth_year": -44,
            "eps_4q": 0.9,
            "eps_4q_growth_year": -68.96,
            "roe": 0.83,
            "roe_4q": 5.24,
            "gross_profit": 96428,
            "gross_margin": 20.43,
            "gross_margin_4q_avg": 24.17,
            "net_income": 14308,
            "net_income_4q": null,
            "revenue": 471961,
            "revenue_4q": null,
            "common_shares": 987343,
            "book_valuer_per_share": 17.39,
            "book_valuer_per_share_4q_avg": 17.4,
            "equity": 1717468,
            "current_ratio": 416.59,
            "debt_ratio": 22.08,
            "inventory_turnover_ratio": 1.97,
            "account_receivable_turnover_ratio": 0.71,
            "reinvestment_rate": 145.11,
            "research_to_sale_ratio": 6.04,
            "price_fair": 72.9,
            "eps_avg_yearly": 2.08,
            "eps_latest_yearly": 0.56,
            "eps_growth_yearly": 86.66
        },
        "20122": {
            "year_quarter": 20122,
            "year": 2012,
            "quarter": 2,
            "eps": 0.4,
            "eps_growth_year": 37.07,
            "eps_4q": 1.01,
            "eps_4q_growth_year": -45.6,
            "roe": 2.32,
            "roe_4q": 5.869999999999999,
            "gross_profit": 143032,
            "gross_margin": 28.45,
            "gross_margin_4q_avg": 24.48,
            "net_income": 39188,
            "net_income_4q": null,
            "revenue": 502796,
            "revenue_4q": null,
            "common_shares": 987343,
            "book_valuer_per_share": 16.88,
            "book_valuer_per_share_4q_avg": 17.27,
            "equity": 1666151,
            "current_ratio": 336.89,
            "debt_ratio": 27.02,
            "inventory_turnover_ratio": 2.27,
            "account_receivable_turnover_ratio": 0.74,
            "reinvestment_rate": 134.05,
            "research_to_sale_ratio": 7.6,
            "price_fair": 74.3,
            "eps_avg_yearly": 2.12,
            "eps_latest_yearly": 1.6,
            "eps_growth_yearly": 111.15
        },
        "20123": {
            "year_quarter": 20123,
            "year": 2012,
            "quarter": 3,
            "eps": 0.72,
            "eps_growth_year": 218.8,
            "eps_4q": 1.5,
            "eps_4q_growth_year": 21.53,
            "roe": 4.18,
            "roe_4q": 8.71,
            "gross_profit": 182278,
            "gross_margin": 34.68,
            "gross_margin_4q_avg": 27.15,
            "net_income": 70602,
            "net_income_4q": null,
            "revenue": 525554,
            "revenue_4q": null,
            "common_shares": 987343,
            "book_valuer_per_share": 17.35,
            "book_valuer_per_share_4q_avg": 17.29,
            "equity": 1712868,
            "current_ratio": 423.64,
            "debt_ratio": 22.63,
            "inventory_turnover_ratio": 2.06,
            "account_receivable_turnover_ratio": 0.78,
            "reinvestment_rate": 126.14,
            "research_to_sale_ratio": 7.33,
            "price_fair": 76.6,
            "eps_avg_yearly": 2.19,
            "eps_latest_yearly": 2.88,
            "eps_growth_yearly": 108.74
        },
        "20124": {
            "year_quarter": 20124,
            "year": 2012,
            "quarter": 4,
            "eps": 0.94,
            "eps_growth_year": 291.07,
            "eps_4q": 2.19,
            "eps_4q_growth_year": 122.26,
            "roe": 5.26,
            "roe_4q": 12.59,
            "gross_profit": 212131,
            "gross_margin": 34.55,
            "gross_margin_4q_avg": 29.53,
            "net_income": 92550,
            "net_income_4q": null,
            "revenue": 613946,
            "revenue_4q": null,
            "common_shares": 987343,
            "book_valuer_per_share": 18.27,
            "book_valuer_per_share_4q_avg": 17.47,
            "equity": 1803910,
            "current_ratio": 411.01,
            "debt_ratio": 23.61,
            "inventory_turnover_ratio": 2.44,
            "account_receivable_turnover_ratio": 0.87,
            "reinvestment_rate": 120.26,
            "research_to_sale_ratio": 5.65,
            "price_fair": 80.27,
            "eps_avg_yearly": 2.29,
            "eps_latest_yearly": 3.76,
            "eps_growth_yearly": 109.64
        },
        "20131": {
            "year_quarter": 20131,
            "year": 2013,
            "quarter": 1,
            "eps": 0.76,
            "eps_growth_year": 442.86,
            "eps_4q": 2.81,
            "eps_4q_growth_year": 213.46,
            "roe": 4.05,
            "roe_4q": 15.809999999999999,
            "gross_profit": 163700,
            "gross_margin": 36.69,
            "gross_margin_4q_avg": 33.59,
            "net_income": 74963,
            "net_income_4q": null,
            "revenue": 446161,
            "revenue_4q": null,
            "common_shares": 987343,
            "book_valuer_per_share": 19.2,
            "book_valuer_per_share_4q_avg": 17.93,
            "equity": 1896119,
            "current_ratio": 502.15,
            "debt_ratio": 21.22,
            "inventory_turnover_ratio": 1.77,
            "account_receivable_turnover_ratio": 0.66,
            "reinvestment_rate": -18.36,
            "research_to_sale_ratio": 5.83,
            "price_fair": 81.9,
            "eps_avg_yearly": 2.34,
            "eps_latest_yearly": 3.04,
            "eps_growth_yearly": 98
        },
        "20132": {
            "year_quarter": 20132,
            "year": 2013,
            "quarter": 2,
            "eps": 0.59,
            "eps_growth_year": 48.65,
            "eps_4q": 2.9,
            "eps_4q_growth_year": 188.75,
            "roe": 3.24,
            "roe_4q": 16.73,
            "gross_profit": 153602,
            "gross_margin": 36.9,
            "gross_margin_4q_avg": 35.71,
            "net_income": 60136,
            "net_income_4q": null,
            "revenue": 416255,
            "revenue_4q": null,
            "common_shares": 987343,
            "book_valuer_per_share": 18.42,
            "book_valuer_per_share_4q_avg": 18.31,
            "equity": 1818201,
            "current_ratio": 382.11,
            "debt_ratio": 26.76,
            "inventory_turnover_ratio": 1.9,
            "account_receivable_turnover_ratio": 0.73,
            "reinvestment_rate": -16.84,
            "research_to_sale_ratio": 6.44,
            "price_fair": 83.65,
            "eps_avg_yearly": 2.39,
            "eps_latest_yearly": 2.36,
            "eps_growth_yearly": 63.24
        },
        "20133": {
            "year_quarter": 20133,
            "year": 2013,
            "quarter": 3,
            "eps": 0.99,
            "eps_growth_year": 38.45,
            "eps_4q": 3.21,
            "eps_4q_growth_year": 114.23,
            "roe": 5.45,
            "roe_4q": 18,
            "gross_profit": 216264,
            "gross_margin": 43.45,
            "gross_margin_4q_avg": 37.9,
            "net_income": 101566,
            "net_income_4q": null,
            "revenue": 497683,
            "revenue_4q": null,
            "common_shares": 1026837,
            "book_valuer_per_share": 18.59,
            "book_valuer_per_share_4q_avg": 18.62,
            "equity": 1909254,
            "current_ratio": 500.61,
            "debt_ratio": 22.1,
            "inventory_turnover_ratio": 2.6,
            "account_receivable_turnover_ratio": 0.88,
            "reinvestment_rate": -13.65,
            "research_to_sale_ratio": 5.72,
            "price_fair": 85.4,
            "eps_avg_yearly": 2.44,
            "eps_latest_yearly": 3.96,
            "eps_growth_yearly": 54.55
        },
        "20134": {
            "year_quarter": 20134,
            "year": 2013,
            "quarter": 4,
            "eps": 1.03,
            "eps_growth_year": 10.05,
            "eps_4q": 3.34,
            "eps_4q_growth_year": 52.05,
            "roe": 5.37,
            "roe_4q": 18.11,
            "gross_profit": 240157,
            "gross_margin": 46.22,
            "gross_margin_4q_avg": 40.82,
            "net_income": 105927,
            "net_income_4q": null,
            "revenue": 519556,
            "revenue_4q": null,
            "common_shares": 1026837,
            "book_valuer_per_share": 19.8,
            "book_valuer_per_share_4q_avg": 19,
            "equity": 2033258,
            "current_ratio": 489.77,
            "debt_ratio": 22.93,
            "inventory_turnover_ratio": 2.8,
            "account_receivable_turnover_ratio": 0.85,
            "reinvestment_rate": -103.85,
            "research_to_sale_ratio": 5.08,
            "price_fair": 87.68,
            "eps_avg_yearly": 2.51,
            "eps_latest_yearly": 4.12,
            "eps_growth_yearly": 56.19
        },
        "20141": {
            "year_quarter": 20141,
            "year": 2014,
            "quarter": 1,
            "eps": 0.75,
            "eps_growth_year": -1.32,
            "eps_4q": 3.35,
            "eps_4q_growth_year": 19.35,
            "roe": 3.68,
            "roe_4q": 17.740000000000002,
            "gross_profit": 154575,
            "gross_margin": 42.3,
            "gross_margin_4q_avg": 42.22,
            "net_income": 76570,
            "net_income_4q": null,
            "revenue": 365404,
            "revenue_4q": null,
            "common_shares": 1026837,
            "book_valuer_per_share": 20.7,
            "book_valuer_per_share_4q_avg": 19.38,
            "equity": 2125661,
            "current_ratio": 586.81,
            "debt_ratio": 20.47,
            "inventory_turnover_ratio": 1.99,
            "account_receivable_turnover_ratio": 0.66,
            "reinvestment_rate": -107.95,
            "research_to_sale_ratio": 6.45,
            "price_fair": 87.41,
            "eps_avg_yearly": 2.5,
            "eps_latest_yearly": 3,
            "eps_growth_yearly": 49.07
        },
        "20142": {
            "year_quarter": 20142,
            "year": 2014,
            "quarter": 2,
            "eps": 0.85,
            "eps_growth_year": 44.07,
            "eps_4q": 3.46,
            "eps_4q_growth_year": 19.11,
            "roe": 4.52,
            "roe_4q": 19.02,
            "gross_profit": 200070,
            "gross_margin": 44.91,
            "gross_margin_4q_avg": 44.22,
            "net_income": 92493,
            "net_income_4q": null,
            "revenue": 445464,
            "revenue_4q": null,
            "common_shares": 1026837,
            "book_valuer_per_share": 19.16,
            "book_valuer_per_share_4q_avg": 19.56,
            "equity": 1967866,
            "current_ratio": 394.32,
            "debt_ratio": 28.26,
            "inventory_turnover_ratio": 2.48,
            "account_receivable_turnover_ratio": 0.89,
            "reinvestment_rate": -122.82,
            "research_to_sale_ratio": 4.1,
            "price_fair": 84,
            "eps_avg_yearly": 2.4,
            "eps_latest_yearly": 3.4,
            "eps_growth_yearly": 37.66
        },
        "20143": {
            "year_quarter": 20143,
            "year": 2014,
            "quarter": 3,
            "eps": 0.81,
            "eps_growth_year": -18.18,
            "eps_4q": 3.34,
            "eps_4q_growth_year": 4.18,
            "roe": 4.38,
            "roe_4q": 17.95,
            "gross_profit": 167418,
            "gross_margin": 39.41,
            "gross_margin_4q_avg": 43.21,
            "net_income": 88570,
            "net_income_4q": null,
            "revenue": 424859,
            "revenue_4q": null,
            "common_shares": 1088447,
            "book_valuer_per_share": 19.1,
            "book_valuer_per_share_4q_avg": 19.69,
            "equity": 2079463,
            "current_ratio": 583.58,
            "debt_ratio": 22.33,
            "inventory_turnover_ratio": 2.86,
            "account_receivable_turnover_ratio": 0.81,
            "reinvestment_rate": -125.41,
            "research_to_sale_ratio": 3.03,
            "price_fair": 83.13,
            "eps_avg_yearly": 2.38,
            "eps_latest_yearly": 3.24,
            "eps_growth_yearly": 43.13
        },
        "20144": {
            "year_quarter": 20144,
            "year": 2014,
            "quarter": 4,
            "eps": 0.74,
            "eps_growth_year": -27.84,
            "eps_4q": 3.11,
            "eps_4q_growth_year": -6.74,
            "roe": 3.77,
            "roe_4q": 16.35,
            "gross_profit": 162138,
            "gross_margin": 39.01,
            "gross_margin_4q_avg": 41.41,
            "net_income": 81022,
            "net_income_4q": null,
            "revenue": 415618,
            "revenue_4q": null,
            "common_shares": 1088447,
            "book_valuer_per_share": 20.4,
            "book_valuer_per_share_4q_avg": 19.84,
            "equity": 2220061,
            "current_ratio": 613.18,
            "debt_ratio": 22.71,
            "inventory_turnover_ratio": 2.42,
            "account_receivable_turnover_ratio": 0.8,
            "reinvestment_rate": -113.27,
            "research_to_sale_ratio": 3.26,
            "price_fair": 85.05,
            "eps_avg_yearly": 2.43,
            "eps_latest_yearly": 2.96,
            "eps_growth_yearly": 51.69
        },
        "20151": {
            "year_quarter": 20151,
            "year": 2015,
            "quarter": 1,
            "eps": 0.66,
            "eps_growth_year": -12,
            "eps_4q": 3.07,
            "eps_4q_growth_year": -8.37,
            "roe": 3.22,
            "roe_4q": 15.89,
            "gross_profit": 144079,
            "gross_margin": 40.36,
            "gross_margin_4q_avg": 40.92,
            "net_income": 72239,
            "net_income_4q": null,
            "revenue": 357023,
            "revenue_4q": null,
            "common_shares": 1088447,
            "book_valuer_per_share": 20.88,
            "book_valuer_per_share_4q_avg": 19.89,
            "equity": 2272188,
            "current_ratio": 575.04,
            "debt_ratio": 22.1,
            "inventory_turnover_ratio": 1.94,
            "account_receivable_turnover_ratio": 0.75,
            "reinvestment_rate": -114.42,
            "research_to_sale_ratio": 2.85,
            "price_fair": 88.64,
            "eps_avg_yearly": 2.53,
            "eps_latest_yearly": 2.64,
            "eps_growth_yearly": 61.97
        },
        "20152": {
            "year_quarter": 20152,
            "year": 2015,
            "quarter": 2,
            "eps": 0.53,
            "eps_growth_year": -37.65,
            "eps_4q": 2.65,
            "eps_4q_growth_year": -23.52,
            "roe": 2.77,
            "roe_4q": 14.14,
            "gross_profit": 131506,
            "gross_margin": 39.52,
            "gross_margin_4q_avg": 39.58,
            "net_income": 60544,
            "net_income_4q": null,
            "revenue": 332789,
            "revenue_4q": null,
            "common_shares": 1088447,
            "book_valuer_per_share": 19.31,
            "book_valuer_per_share_4q_avg": 19.92,
            "equity": 2101689,
            "current_ratio": 383.02,
            "debt_ratio": 28.53,
            "inventory_turnover_ratio": 1.93,
            "account_receivable_turnover_ratio": 0.82,
            "reinvestment_rate": -111.85,
            "research_to_sale_ratio": 2.49,
            "price_fair": 90.74,
            "eps_avg_yearly": 2.59,
            "eps_latest_yearly": 2.12,
            "eps_growth_yearly": 53.04
        },
        "20153": {
            "year_quarter": 20153,
            "year": 2015,
            "quarter": 3,
            "eps": 0.76,
            "eps_growth_year": -6.17,
            "eps_4q": 2.63,
            "eps_4q_growth_year": -21.21,
            "roe": 4.02,
            "roe_4q": 13.78,
            "gross_profit": 155717,
            "gross_margin": 41.3,
            "gross_margin_4q_avg": 40.05,
            "net_income": 86968,
            "net_income_4q": null,
            "revenue": 377029,
            "revenue_4q": null,
            "common_shares": 1142869,
            "book_valuer_per_share": 19.46,
            "book_valuer_per_share_4q_avg": 20.01,
            "equity": 2223935,
            "current_ratio": 672,
            "debt_ratio": 21.1,
            "inventory_turnover_ratio": 2.1,
            "account_receivable_turnover_ratio": 0.92,
            "reinvestment_rate": -113.89,
            "research_to_sale_ratio": 2.48,
            "price_fair": 95.46,
            "eps_avg_yearly": 2.73,
            "eps_latest_yearly": 3.04,
            "eps_growth_yearly": 69.93
        },
        "20154": {
            "year_quarter": 20154,
            "year": 2015,
            "quarter": 4,
            "eps": 0.76,
            "eps_growth_year": 1.8,
            "eps_4q": 2.68,
            "eps_4q_growth_year": -13.85,
            "roe": 3.85,
            "roe_4q": 13.86,
            "gross_profit": 167510,
            "gross_margin": 41.49,
            "gross_margin_4q_avg": 40.67,
            "net_income": 86604,
            "net_income_4q": null,
            "revenue": 403712,
            "revenue_4q": null,
            "common_shares": 1142869,
            "book_valuer_per_share": 19.95,
            "book_valuer_per_share_4q_avg": 19.9,
            "equity": 2279842,
            "current_ratio": 678.2,
            "debt_ratio": 21.04,
            "inventory_turnover_ratio": 2.09,
            "account_receivable_turnover_ratio": 0.89,
            "reinvestment_rate": -107.1,
            "research_to_sale_ratio": 2.32,
            "price_fair": 100.01,
            "eps_avg_yearly": 2.86,
            "eps_latest_yearly": 3.04,
            "eps_growth_yearly": 67.65
        },
        "20161": {
            "year_quarter": 20161,
            "year": 2016,
            "quarter": 1,
            "eps": 0.52,
            "eps_growth_year": -21.21,
            "eps_4q": 2.57,
            "eps_4q_growth_year": -16.49,
            "roe": 2.57,
            "roe_4q": 13.209999999999999,
            "gross_profit": 123015,
            "gross_margin": 41.54,
            "gross_margin_4q_avg": 40.96,
            "net_income": 59037,
            "net_income_4q": null,
            "revenue": 296171,
            "revenue_4q": null,
            "common_shares": 1142869,
            "book_valuer_per_share": 20.27,
            "book_valuer_per_share_4q_avg": 19.75,
            "equity": 2316504,
            "current_ratio": 799.14,
            "debt_ratio": 19.21,
            "inventory_turnover_ratio": 1.66,
            "account_receivable_turnover_ratio": 0.74,
            "reinvestment_rate": -97.57,
            "research_to_sale_ratio": 3.15,
            "price_fair": 103.34,
            "eps_avg_yearly": 2.95,
            "eps_latest_yearly": 2.08,
            "eps_growth_yearly": 70.18
        },
        "20162": {
            "year_quarter": 20162,
            "year": 2016,
            "quarter": 2,
            "eps": 0.44,
            "eps_growth_year": -16.98,
            "eps_4q": 2.4,
            "eps_4q_growth_year": -9.3,
            "roe": 2.35,
            "roe_4q": 12.79,
            "gross_profit": 110487,
            "gross_margin": 39.13,
            "gross_margin_4q_avg": 40.87,
            "net_income": 52622,
            "net_income_4q": null,
            "revenue": 282387,
            "revenue_4q": null,
            "common_shares": 1188584,
            "book_valuer_per_share": 18.14,
            "book_valuer_per_share_4q_avg": 19.46,
            "equity": 2156067,
            "current_ratio": 469.4,
            "debt_ratio": 25.1,
            "inventory_turnover_ratio": 1.97,
            "account_receivable_turnover_ratio": 0.85,
            "reinvestment_rate": -95.92,
            "research_to_sale_ratio": 3,
            "price_fair": 88.58,
            "eps_avg_yearly": 2.96,
            "eps_latest_yearly": 1.76,
            "eps_growth_yearly": 19.9
        },
        "20163": {
            "year_quarter": 20163,
            "year": 2016,
            "quarter": 3,
            "eps": 0.64,
            "eps_growth_year": -15.79,
            "eps_4q": 2.31,
            "eps_4q_growth_year": -12.17,
            "roe": 3.53,
            "roe_4q": 12.299999999999999,
            "gross_profit": 142975,
            "gross_margin": 40.83,
            "gross_margin_4q_avg": 40.75,
            "net_income": 76485,
            "net_income_4q": null,
            "revenue": 350164,
            "revenue_4q": null,
            "common_shares": 1188584,
            "book_valuer_per_share": 18.36,
            "book_valuer_per_share_4q_avg": 19.18,
            "equity": 2181694,
            "current_ratio": 740.25,
            "debt_ratio": 20.23,
            "inventory_turnover_ratio": 2.55,
            "account_receivable_turnover_ratio": 0.97,
            "reinvestment_rate": -98.04,
            "research_to_sale_ratio": 2.33,
            "price_fair": 62.57,
            "eps_avg_yearly": 2.94,
            "eps_latest_yearly": 2.56,
            "eps_growth_yearly": 11.26
        },
        "20164": {
            "year_quarter": 20164,
            "year": 2016,
            "quarter": 4,
            "eps": 0.79,
            "eps_growth_year": 4.65,
            "eps_4q": 2.38,
            "eps_4q_growth_year": -11.36,
            "roe": 4.24,
            "roe_4q": 12.69,
            "gross_profit": 153461,
            "gross_margin": 43.16,
            "gross_margin_4q_avg": 41.17,
            "net_income": 94258,
            "net_income_4q": null,
            "revenue": 355587,
            "revenue_4q": null,
            "common_shares": 1188584,
            "book_valuer_per_share": 19.06,
            "book_valuer_per_share_4q_avg": 18.96,
            "equity": 2265066,
            "current_ratio": 667.36,
            "debt_ratio": 21.37,
            "inventory_turnover_ratio": 2.23,
            "account_receivable_turnover_ratio": 0.86,
            "reinvestment_rate": -103.98,
            "research_to_sale_ratio": 2.52,
            "price_fair": 56.6,
            "eps_avg_yearly": 2.91,
            "eps_latest_yearly": 3.16,
            "eps_growth_yearly": 9.48
        },
        "20171": {
            "year_quarter": 20171,
            "year": 2017,
            "quarter": 1,
            "eps": 0.35,
            "eps_growth_year": -32.69,
            "eps_4q": 2.23,
            "eps_4q_growth_year": -13,
            "roe": 1.87,
            "roe_4q": 11.99,
            "gross_profit": 104996,
            "gross_margin": 37.91,
            "gross_margin_4q_avg": 40.26,
            "net_income": 41895,
            "net_income_4q": null,
            "revenue": 276961,
            "revenue_4q": null,
            "common_shares": 1188584,
            "book_valuer_per_share": 18.74,
            "book_valuer_per_share_4q_avg": 18.58,
            "equity": 2227032,
            "current_ratio": 810.8,
            "debt_ratio": 19.74,
            "inventory_turnover_ratio": 1.84,
            "account_receivable_turnover_ratio": 0.72,
            "reinvestment_rate": -16.03,
            "research_to_sale_ratio": 2.81,
            "price_fair": 28.03,
            "eps_avg_yearly": 2.8,
            "eps_latest_yearly": 1.4,
            "eps_growth_yearly": 0.35
        },
        "20172": {
            "year_quarter": 20172,
            "year": 2017,
            "quarter": 2,
            "eps": 0.32,
            "eps_growth_year": -27.27,
            "eps_4q": 2.04,
            "eps_4q_growth_year": -15.08,
            "roe": 1.8,
            "roe_4q": 11.44,
            "gross_profit": 104765,
            "gross_margin": 34.93,
            "gross_margin_4q_avg": 39.21,
            "net_income": 39264,
            "net_income_4q": null,
            "revenue": 299964,
            "revenue_4q": null,
            "common_shares": 1188584,
            "book_valuer_per_share": 17.99,
            "book_valuer_per_share_4q_avg": 18.54,
            "equity": 2138324,
            "current_ratio": 524.85,
            "debt_ratio": 25.15,
            "inventory_turnover_ratio": 2.2,
            "account_receivable_turnover_ratio": 0.87,
            "reinvestment_rate": -12.93,
            "research_to_sale_ratio": 3.25,
            "price_fair": 37.73,
            "eps_avg_yearly": 2.74,
            "eps_latest_yearly": 1.28,
            "eps_growth_yearly": 3.8
        },
        "20173": {
            "year_quarter": 20173,
            "year": 2017,
            "quarter": 3,
            "eps": 0.42,
            "eps_growth_year": -34.38,
            "eps_4q": 1.84,
            "eps_4q_growth_year": -20.37,
            "roe": 2.39,
            "roe_4q": 10.3,
            "gross_profit": 129769,
            "gross_margin": 36.03,
            "gross_margin_4q_avg": 38.01,
            "net_income": 52102,
            "net_income_4q": null,
            "revenue": 360132,
            "revenue_4q": null,
            "common_shares": 1236127,
            "book_valuer_per_share": 17.91,
            "book_valuer_per_share_4q_avg": 18.43,
            "equity": 2213657,
            "current_ratio": 800.03,
            "debt_ratio": 21.32,
            "inventory_turnover_ratio": 2.3,
            "account_receivable_turnover_ratio": 0.93,
            "reinvestment_rate": -12.02,
            "research_to_sale_ratio": 3.18,
            "price_fair": 7.78,
            "eps_avg_yearly": 2.59,
            "eps_latest_yearly": 1.68,
            "eps_growth_yearly": -5.34
        },
        "20174": {
            "year_quarter": 20174,
            "year": 2017,
            "quarter": 4,
            "eps": 0.42,
            "eps_growth_year": -47.67,
            "eps_4q": 1.49,
            "eps_4q_growth_year": -37.16,
            "roe": 2.29,
            "roe_4q": 8.35,
            "gross_profit": 133470,
            "gross_margin": 36.8,
            "gross_margin_4q_avg": 36.42,
            "net_income": 51301,
            "net_income_4q": null,
            "revenue": 362689,
            "revenue_4q": null,
            "common_shares": 1236127,
            "book_valuer_per_share": 18.31,
            "book_valuer_per_share_4q_avg": 18.24,
            "equity": 2263176,
            "current_ratio": 763.05,
            "debt_ratio": 21.54,
            "inventory_turnover_ratio": 2.26,
            "account_receivable_turnover_ratio": 0.88,
            "reinvestment_rate": -11.44,
            "research_to_sale_ratio": 3.75,
            "price_fair": 7.32,
            "eps_avg_yearly": 2.44,
            "eps_latest_yearly": 1.68,
            "eps_growth_yearly": -6.35
        },
        "20181": {
            "year_quarter": 20181,
            "year": 2018,
            "quarter": 1,
            "eps": -0.1,
            "eps_growth_year": -128.57,
            "eps_4q": 1.06,
            "eps_4q_growth_year": -52.7,
            "roe": -0.54,
            "roe_4q": 5.94,
            "gross_profit": 104761,
            "gross_margin": 35.73,
            "gross_margin_4q_avg": 35.87,
            "net_income": -12174,
            "net_income_4q": null,
            "revenue": 293170,
            "revenue_4q": null,
            "common_shares": 1236127,
            "book_valuer_per_share": 18.34,
            "book_valuer_per_share_4q_avg": 18.14,
            "equity": 2267636,
            "current_ratio": 940.32,
            "debt_ratio": 21.47,
            "inventory_turnover_ratio": 1.92,
            "account_receivable_turnover_ratio": 0.78,
            "reinvestment_rate": -8.07,
            "research_to_sale_ratio": 4.49,
            "price_fair": 24.03,
            "eps_avg_yearly": 2.4,
            "eps_latest_yearly": 1.68,
            "eps_growth_yearly": 0.48
        },
        "20182": {
            "year_quarter": 20182,
            "year": 2018,
            "quarter": 2,
            "eps": 0.36,
            "eps_growth_year": 12.5,
            "eps_4q": 1.08,
            "eps_4q_growth_year": -47.12,
            "roe": 2.05,
            "roe_4q": 6.1899999999999995,
            "gross_profit": 86316,
            "gross_margin": 30.44,
            "gross_margin_4q_avg": 34.75,
            "net_income": 45971,
            "net_income_4q": null,
            "revenue": 283538,
            "revenue_4q": null,
            "common_shares": 1236127,
            "book_valuer_per_share": 18.01,
            "book_valuer_per_share_4q_avg": 18.14,
            "equity": 2226226,
            "current_ratio": 687.78,
            "debt_ratio": 24.1,
            "inventory_turnover_ratio": 2.12,
            "account_receivable_turnover_ratio": 0.84,
            "reinvestment_rate": 9.18,
            "research_to_sale_ratio": 5.82,
            "price_fair": 6.99,
            "eps_avg_yearly": 2.33,
            "eps_latest_yearly": 1.68,
            "eps_growth_yearly": -3.3
        },
        "20183": {
            "year_quarter": 20183,
            "year": 2018,
            "quarter": 3,
            "eps": 0.31,
            "eps_growth_year": -26.19,
            "eps_4q": 0.98,
            "eps_4q_growth_year": -46.67,
            "roe": 1.8,
            "roe_4q": 5.6,
            "gross_profit": 94716,
            "gross_margin": 33.33,
            "gross_margin_4q_avg": 34.08,
            "net_income": 39876,
            "net_income_4q": null,
            "revenue": 284164,
            "revenue_4q": null,
            "common_shares": 1273211,
            "book_valuer_per_share": 17.35,
            "book_valuer_per_share_4q_avg": 18,
            "equity": 2208516,
            "current_ratio": 888.32,
            "debt_ratio": 21.62,
            "inventory_turnover_ratio": 2.17,
            "account_receivable_turnover_ratio": 0.87,
            "reinvestment_rate": 24.65,
            "research_to_sale_ratio": 6.33,
            "price_fair": 6.57,
            "eps_avg_yearly": 2.19,
            "eps_latest_yearly": 1.24,
            "eps_growth_yearly": -5.92
        },
        "20184": {
            "year_quarter": 20184,
            "year": 2018,
            "quarter": 4,
            "eps": 0.26,
            "eps_growth_year": -36.56,
            "eps_4q": 0.84,
            "eps_4q_growth_year": -43.61,
            "roe": 1.5,
            "roe_4q": 4.81,
            "gross_profit": 107783,
            "gross_margin": 33.63,
            "gross_margin_4q_avg": 33.28,
            "net_income": 33519,
            "net_income_4q": null,
            "revenue": 320504,
            "revenue_4q": null,
            "common_shares": 1273211,
            "book_valuer_per_share": 17.69,
            "book_valuer_per_share_4q_avg": 17.85,
            "equity": 2251781,
            "current_ratio": 800.07,
            "debt_ratio": 22.14,
            "inventory_turnover_ratio": 2.3,
            "account_receivable_turnover_ratio": 0.92,
            "reinvestment_rate": 47.7,
            "research_to_sale_ratio": 6.24,
            "price_fair": 6.15,
            "eps_avg_yearly": 2.05,
            "eps_latest_yearly": 1.04,
            "eps_growth_yearly": -8.06
        },
        "20191": {
            "year_quarter": 20191,
            "year": 2019,
            "quarter": 1,
            "eps": -0.03,
            "eps_growth_year": null,
            "eps_4q": 0.91,
            "eps_4q_growth_year": -13.63,
            "roe": -0.14,
            "roe_4q": 5.21,
            "gross_profit": 59998,
            "gross_margin": 28.08,
            "gross_margin_4q_avg": 31.37,
            "net_income": -3273,
            "net_income_4q": null,
            "revenue": 213689,
            "revenue_4q": null,
            "common_shares": 1273211,
            "book_valuer_per_share": 17.95,
            "book_valuer_per_share_4q_avg": 17.75,
            "equity": 2285389,
            "current_ratio": 955.89,
            "debt_ratio": 22.54,
            "inventory_turnover_ratio": 1.8,
            "account_receivable_turnover_ratio": 0.65,
            "reinvestment_rate": 60.99,
            "research_to_sale_ratio": 9.46,
            "price_fair": 6.02,
            "eps_avg_yearly": 2.01,
            "eps_latest_yearly": 1.04,
            "eps_growth_yearly": -5.36
        },
        "20192": {
            "year_quarter": 20192,
            "year": 2019,
            "quarter": 2,
            "eps": 0.16,
            "eps_growth_year": -55.56,
            "eps_4q": 0.7,
            "eps_4q_growth_year": -35.09,
            "roe": 0.92,
            "roe_4q": 4.08,
            "gross_profit": 71321,
            "gross_margin": 30.77,
            "gross_margin_4q_avg": 31.45,
            "net_income": 20712,
            "net_income_4q": null,
            "revenue": 231819,
            "revenue_4q": null,
            "common_shares": 1298675,
            "book_valuer_per_share": 17.17,
            "book_valuer_per_share_4q_avg": 17.54,
            "equity": 2229390,
            "current_ratio": 661.37,
            "debt_ratio": 24.67,
            "inventory_turnover_ratio": 2.07,
            "account_receivable_turnover_ratio": 0.84,
            "reinvestment_rate": 77.49,
            "research_to_sale_ratio": 9.28,
            "price_fair": 19.97,
            "eps_avg_yearly": 2,
            "eps_latest_yearly": 1.04,
            "eps_growth_yearly": 0.76
        },
        "20193": {
            "year_quarter": 20193,
            "year": 2019,
            "quarter": 3,
            "eps": 0.27,
            "eps_growth_year": -12.9,
            "eps_4q": 0.58,
            "eps_4q_growth_year": -40.57,
            "roe": 1.56,
            "roe_4q": 3.84,
            "gross_profit": 83795,
            "gross_margin": 30.46,
            "gross_margin_4q_avg": 30.74,
            "net_income": 36460,
            "net_income_4q": null,
            "revenue": 275126,
            "revenue_4q": null,
            "common_shares": 1498675,
            "book_valuer_per_share": 16.25,
            "book_valuer_per_share_4q_avg": 17.27,
            "equity": 2435281,
            "current_ratio": 800.56,
            "debt_ratio": 21.98,
            "inventory_turnover_ratio": 2.4,
            "account_receivable_turnover_ratio": 0.92,
            "reinvestment_rate": 95.38,
            "research_to_sale_ratio": 5.13,
            "price_fair": 35.23,
            "eps_avg_yearly": 1.83,
            "eps_latest_yearly": 1.08,
            "eps_growth_yearly": 9.21
        },
        "20194": {
            "year_quarter": 20194,
            "year": 2019,
            "quarter": 4,
            "eps": 0.02,
            "eps_growth_year": -90.7,
            "eps_4q": 0.38,
            "eps_4q_growth_year": -54.37,
            "roe": 0.15,
            "roe_4q": 2.4899999999999998,
            "gross_profit": 101881,
            "gross_margin": 36.26,
            "gross_margin_4q_avg": 31.39,
            "net_income": 3670,
            "net_income_4q": null,
            "revenue": 280946,
            "revenue_4q": null,
            "common_shares": 1498675,
            "book_valuer_per_share": 15.99,
            "book_valuer_per_share_4q_avg": 16.84,
            "equity": 2396316,
            "current_ratio": 632,
            "debt_ratio": 23.63,
            "inventory_turnover_ratio": 2.04,
            "account_receivable_turnover_ratio": 0.85,
            "reinvestment_rate": 127.94,
            "research_to_sale_ratio": 5.43,
            "price_fair": 4.76,
            "eps_avg_yearly": 1.59,
            "eps_latest_yearly": 0.08,
            "eps_growth_yearly": -21.65
        },
        "20201": {
            "year_quarter": 20201,
            "year": 2020,
            "quarter": 1,
            "eps": 0.02,
            "eps_growth_year": null,
            "eps_4q": 0.43,
            "eps_4q_growth_year": -52.95,
            "roe": 0.14,
            "roe_4q": 2.77,
            "gross_profit": 43441,
            "gross_margin": 25.14,
            "gross_margin_4q_avg": 30.66,
            "net_income": 3450,
            "net_income_4q": null,
            "revenue": 172767,
            "revenue_4q": null,
            "common_shares": 1498675,
            "book_valuer_per_share": 15.97,
            "book_valuer_per_share_4q_avg": 16.35,
            "equity": 2392980,
            "current_ratio": 800.11,
            "debt_ratio": 21.7,
            "inventory_turnover_ratio": 1.37,
            "account_receivable_turnover_ratio": 0.58,
            "reinvestment_rate": 136.69,
            "research_to_sale_ratio": 4.97,
            "price_fair": 4.26,
            "eps_avg_yearly": 1.42,
            "eps_latest_yearly": 0.08,
            "eps_growth_yearly": -11.12
        },
        "20202": {
            "year_quarter": 20202,
            "year": 2020,
            "quarter": 2,
            "eps": 0.01,
            "eps_growth_year": -93.75,
            "eps_4q": 0.3,
            "eps_4q_growth_year": -57.26,
            "roe": 0.05,
            "roe_4q": 1.9,
            "gross_profit": 65353,
            "gross_margin": 28.81,
            "gross_margin_4q_avg": 30.17,
            "net_income": 1225,
            "net_income_4q": null,
            "revenue": 226828,
            "revenue_4q": null,
            "common_shares": 1498675,
            "book_valuer_per_share": 15.25,
            "book_valuer_per_share_4q_avg": 15.87,
            "equity": 2285500,
            "current_ratio": 611.38,
            "debt_ratio": 24.11,
            "inventory_turnover_ratio": 1.72,
            "account_receivable_turnover_ratio": 0.88,
            "reinvestment_rate": 143.39,
            "research_to_sale_ratio": 5.39,
            "price_fair": 3.83,
            "eps_avg_yearly": 1.28,
            "eps_latest_yearly": 0.04,
            "eps_growth_yearly": -22.66
        },
        "20203": {
            "year_quarter": 20203,
            "year": 2020,
            "quarter": 3,
            "eps": -0.08,
            "eps_growth_year": -129.63,
            "eps_4q": -0.02,
            "eps_4q_growth_year": -104.04,
            "roe": -0.52,
            "roe_4q": -0.18000000000000002,
            "gross_profit": 57721,
            "gross_margin": 28.85,
            "gross_margin_4q_avg": 29.77,
            "net_income": -11878,
            "net_income_4q": null,
            "revenue": 200061,
            "revenue_4q": null,
            "common_shares": 1498675,
            "book_valuer_per_share": 15.3,
            "book_valuer_per_share_4q_avg": 15.63,
            "equity": 2293607,
            "current_ratio": 888.51,
            "debt_ratio": 21.35,
            "inventory_turnover_ratio": 1.63,
            "account_receivable_turnover_ratio": 0.81,
            "reinvestment_rate": 175.77,
            "research_to_sale_ratio": 6.49,
            "price_fair": 3.48,
            "eps_avg_yearly": 1.16,
            "eps_latest_yearly": 0.04,
            "eps_growth_yearly": -41.25
        },
        "20204": {
            "year_quarter": 20204,
            "year": 2020,
            "quarter": 4,
            "eps": -0.55,
            "eps_growth_year": -2341.2,
            "eps_4q": -0.6,
            "eps_4q_growth_year": -255.39,
            "roe": -3.64,
            "roe_4q": -3.97,
            "gross_profit": 7063,
            "gross_margin": 6.32,
            "gross_margin_4q_avg": 22.28,
            "net_income": -82251,
            "net_income_4q": null,
            "revenue": 111844,
            "revenue_4q": null,
            "common_shares": 1498675,
            "book_valuer_per_share": 14.89,
            "book_valuer_per_share_4q_avg": 15.35,
            "equity": 2231149,
            "current_ratio": 973.55,
            "debt_ratio": 18.36,
            "inventory_turnover_ratio": 1.22,
            "account_receivable_turnover_ratio": 0.56,
            "reinvestment_rate": 284.74,
            "research_to_sale_ratio": 11.57,
            "price_fair": 2.88,
            "eps_avg_yearly": 0.96,
            "eps_latest_yearly": 0.04,
            "eps_growth_yearly": -54.75
        },
        "20211": {
            "year_quarter": 20211,
            "year": 2021,
            "quarter": 1,
            "eps": -0.27,
            "eps_growth_year": -1450,
            "eps_4q": -0.89,
            "eps_4q_growth_year": -307.96,
            "roe": -1.85,
            "roe_4q": -5.96,
            "gross_profit": 20465,
            "gross_margin": 17.02,
            "gross_margin_4q_avg": 20.25,
            "net_income": -40798,
            "net_income_4q": null,
            "revenue": 120251,
            "revenue_4q": null,
            "common_shares": 1498675,
            "book_valuer_per_share": 14.58,
            "book_valuer_per_share_4q_avg": 15.01,
            "equity": 2184740,
            "current_ratio": 1156.22,
            "debt_ratio": 17.37,
            "inventory_turnover_ratio": 1.07,
            "account_receivable_turnover_ratio": 0.7,
            "reinvestment_rate": 409.06,
            "research_to_sale_ratio": 11.35,
            "price_fair": 2.73,
            "eps_avg_yearly": 0.91,
            "eps_latest_yearly": 0.04,
            "eps_growth_yearly": -36.08
        },
        "20212": {
            "year_quarter": 20212,
            "year": 2021,
            "quarter": 2,
            "eps": -0.06,
            "eps_growth_year": -700,
            "eps_4q": -0.95,
            "eps_4q_growth_year": -419.37,
            "roe": -0.38,
            "roe_4q": -6.390000000000001,
            "gross_profit": 32199,
            "gross_margin": 22.38,
            "gross_margin_4q_avg": 18.64,
            "net_income": -8165,
            "net_income_4q": null,
            "revenue": 143846,
            "revenue_4q": null,
            "common_shares": 1498675,
            "book_valuer_per_share": 14.21,
            "book_valuer_per_share_4q_avg": 14.75,
            "equity": 2129389,
            "current_ratio": 941.92,
            "debt_ratio": 18.59,
            "inventory_turnover_ratio": 1.17,
            "account_receivable_turnover_ratio": 0.79,
            "reinvestment_rate": 529.97,
            "research_to_sale_ratio": 12.01,
            "price_fair": 2.6,
            "eps_avg_yearly": 0.87,
            "eps_latest_yearly": 0.04,
            "eps_growth_yearly": -36.31
        },
        "20213": {
            "year_quarter": 20213,
            "year": 2021,
            "quarter": 3,
            "eps": -0.19,
            "eps_growth_year": null,
            "eps_4q": -1.06,
            "eps_4q_growth_year": null,
            "roe": -1.34,
            "roe_4q": -7.210000000000001,
            "gross_profit": 29594,
            "gross_margin": 22.42,
            "gross_margin_4q_avg": 17.04,
            "net_income": -28272,
            "net_income_4q": null,
            "revenue": 131973,
            "revenue_4q": null,
            "common_shares": 1498675,
            "book_valuer_per_share": 13.99,
            "book_valuer_per_share_4q_avg": 14.42,
            "equity": 2096009,
            "current_ratio": 917.33,
            "debt_ratio": 18.81,
            "inventory_turnover_ratio": 1.04,
            "account_receivable_turnover_ratio": 0.71,
            "reinvestment_rate": 1454.34,
            "research_to_sale_ratio": 14.93,
            "price_fair": 2.25,
            "eps_avg_yearly": 0.75,
            "eps_latest_yearly": 0.04,
            "eps_growth_yearly": -59.35
        },
        "20214": {
            "year_quarter": 20214,
            "year": 2021,
            "quarter": 4,
            "eps": -0.15,
            "eps_growth_year": null,
            "eps_4q": -0.67,
            "eps_4q_growth_year": null,
            "roe": -1.08,
            "roe_4q": -4.65,
            "gross_profit": 31709,
            "gross_margin": 24.5,
            "gross_margin_4q_avg": 21.58,
            "net_income": -22693,
            "net_income_4q": null,
            "revenue": 129436,
            "revenue_4q": null,
            "common_shares": 1498675,
            "book_valuer_per_share": 13.93,
            "book_valuer_per_share_4q_avg": 14.18,
            "equity": 2087721,
            "current_ratio": 1113.51,
            "debt_ratio": 17.73,
            "inventory_turnover_ratio": 0.88,
            "account_receivable_turnover_ratio": 0.74,
            "reinvestment_rate": null,
            "research_to_sale_ratio": 15.87,
            "price_fair": 1.78,
            "eps_avg_yearly": 0.59,
            "eps_latest_yearly": 0.04,
            "eps_growth_yearly": -69.24
        },
        "20221": {
            "year_quarter": 20221,
            "year": 2022,
            "quarter": 1,
            "eps": -0.06,
            "eps_growth_year": null,
            "eps_4q": -0.46,
            "eps_4q_growth_year": null,
            "roe": -0.44,
            "roe_4q": -3.24,
            "gross_profit": 39501,
            "gross_margin": 28.52,
            "gross_margin_4q_avg": 24.46,
            "net_income": -9289,
            "net_income_4q": null,
            "revenue": 138517,
            "revenue_4q": null,
            "common_shares": 1498675,
            "book_valuer_per_share": 14.04,
            "book_valuer_per_share_4q_avg": 14.04,
            "equity": 2104506,
            "current_ratio": 966.46,
            "debt_ratio": 18.35,
            "inventory_turnover_ratio": 0.83,
            "account_receivable_turnover_ratio": 0.75,
            "reinvestment_rate": null,
            "research_to_sale_ratio": 13.6,
            "price_fair": 1.78,
            "eps_avg_yearly": 0.59,
            "eps_latest_yearly": 0.04,
            "eps_growth_yearly": -69.24
        },
        "20222": {
            "year_quarter": 20222,
            "year": 2022,
            "quarter": 2,
            "eps": -0.04,
            "eps_growth_year": null,
            "eps_4q": -0.45,
            "eps_4q_growth_year": null,
            "roe": -0.31,
            "roe_4q": -3.17,
            "gross_profit": 38416,
            "gross_margin": 26.53,
            "gross_margin_4q_avg": 25.49,
            "net_income": -6525,
            "net_income_4q": null,
            "revenue": 144787,
            "revenue_4q": null,
            "common_shares": 1498675,
            "book_valuer_per_share": 13.95,
            "book_valuer_per_share_4q_avg": 13.98,
            "equity": 2090690,
            "current_ratio": 1258.52,
            "debt_ratio": 17.16,
            "inventory_turnover_ratio": 0.89,
            "account_receivable_turnover_ratio": 0.7,
            "reinvestment_rate": null,
            "research_to_sale_ratio": 14.14,
            "price_fair": 1.78,
            "eps_avg_yearly": 0.59,
            "eps_latest_yearly": 0.04,
            "eps_growth_yearly": -69.24
        },
        "20223": {
            "year_quarter": 20223,
            "year": 2022,
            "quarter": 3,
            "eps": 0.14,
            "eps_growth_year": null,
            "eps_4q": -0.12,
            "eps_4q_growth_year": null,
            "roe": 0.99,
            "roe_4q": -0.8400000000000001,
            "gross_profit": 63192,
            "gross_margin": 38.36,
            "gross_margin_4q_avg": 29.48,
            "net_income": 21004,
            "net_income_4q": null,
            "revenue": 164746,
            "revenue_4q": null,
            "common_shares": 1498675,
            "book_valuer_per_share": 14.37,
            "book_valuer_per_share_4q_avg": 14.07,
            "equity": 2153247,
            "current_ratio": 1283.21,
            "debt_ratio": 17.07,
            "inventory_turnover_ratio": 0.84,
            "account_receivable_turnover_ratio": 0.69,
            "reinvestment_rate": null,
            "research_to_sale_ratio": 12.01,
            "price_fair": 1.39,
            "eps_avg_yearly": 0.46,
            "eps_latest_yearly": 0.04,
            "eps_growth_yearly": -71.98
        },
        "20224": {
            "year_quarter": 20224,
            "year": 2022,
            "quarter": 4,
            "eps": 0.26,
            "eps_growth_year": null,
            "eps_4q": 0.29,
            "eps_4q_growth_year": null,
            "roe": 1.79,
            "roe_4q": 2.0300000000000002,
            "gross_profit": 56449,
            "gross_margin": 39.89,
            "gross_margin_4q_avg": 33.33,
            "net_income": 38675,
            "net_income_4q": null,
            "revenue": 141526,
            "revenue_4q": null,
            "common_shares": 1498675,
            "book_valuer_per_share": 14.45,
            "book_valuer_per_share_4q_avg": 14.2,
            "equity": 2165071,
            "current_ratio": 1359.72,
            "debt_ratio": 15.92,
            "inventory_turnover_ratio": 0.69,
            "account_receivable_turnover_ratio": 0.6,
            "reinvestment_rate": null,
            "research_to_sale_ratio": 12.01,
            "price_fair": 9.05,
            "eps_avg_yearly": 0.46,
            "eps_latest_yearly": 1.04,
            "eps_growth_yearly": 9.5
        },
        "20231": {
            "year_quarter": 20231,
            "year": 2023,
            "quarter": 1,
            "eps": 0.27,
            "eps_growth_year": null,
            "eps_4q": 0.63,
            "eps_4q_growth_year": null,
            "roe": 1.9,
            "roe_4q": 4.37,
            "gross_profit": 77553,
            "gross_margin": 44.59,
            "gross_margin_4q_avg": 37.34,
            "net_income": 41114,
            "net_income_4q": null,
            "revenue": 173932,
            "revenue_4q": null,
            "common_shares": 1498675,
            "book_valuer_per_share": 14.44,
            "book_valuer_per_share_4q_avg": 14.3,
            "equity": 2163383,
            "current_ratio": 961.4,
            "debt_ratio": 18,
            "inventory_turnover_ratio": 0.76,
            "account_receivable_turnover_ratio": 0.84,
            "reinvestment_rate": null,
            "research_to_sale_ratio": 7.58,
            "price_fair": 11.6,
            "eps_avg_yearly": 0.57,
            "eps_latest_yearly": 1.08,
            "eps_growth_yearly": 10.48
        },
        "20232": {
            "year_quarter": 20232,
            "year": 2023,
            "quarter": 2,
            "eps": 0.35,
            "eps_growth_year": null,
            "eps_4q": 1.03,
            "eps_4q_growth_year": null,
            "roe": 2.43,
            "roe_4q": 7.11,
            "gross_profit": 69504,
            "gross_margin": 38.41,
            "gross_margin_4q_avg": 40.31,
            "net_income": 52859,
            "net_income_4q": null,
            "revenue": 180971,
            "revenue_4q": null,
            "common_shares": 1498675,
            "book_valuer_per_share": 14.64,
            "book_valuer_per_share_4q_avg": 14.48,
            "equity": 2193897,
            "current_ratio": 1039.25,
            "debt_ratio": 17.79,
            "inventory_turnover_ratio": 0.93,
            "account_receivable_turnover_ratio": 0.93,
            "reinvestment_rate": null,
            "research_to_sale_ratio": 8.27,
            "price_fair": 24,
            "eps_avg_yearly": 0.69,
            "eps_latest_yearly": 1.4,
            "eps_growth_yearly": 25.91
        },
        "20233": {
            "year_quarter": 20233,
            "year": 2023,
            "quarter": 3,
            "eps": -0.07,
            "eps_growth_year": -150,
            "eps_4q": 0.81,
            "eps_4q_growth_year": null,
            "roe": -0.49,
            "roe_4q": 5.63,
            "gross_profit": 8896,
            "gross_margin": 8.53,
            "gross_margin_4q_avg": 32.86,
            "net_income": -10778,
            "net_income_4q": null,
            "revenue": 104266,
            "revenue_4q": null,
            "common_shares": 1498675,
            "book_valuer_per_share": 15,
            "book_valuer_per_share_4q_avg": 14.63,
            "equity": 2247938,
            "current_ratio": 1652.23,
            "debt_ratio": 15.04,
            "inventory_turnover_ratio": 0.9,
            "account_receivable_turnover_ratio": 0.55,
            "reinvestment_rate": null,
            "research_to_sale_ratio": 12.56,
            "price_fair": 1.86,
            "eps_avg_yearly": 0.62,
            "eps_latest_yearly": 1.4,
            "eps_growth_yearly": -15.6
        },
        "20234": {
            "year_quarter": 20234,
            "year": 2023,
            "quarter": 4,
            "eps": 0.1,
            "eps_growth_year": -60.81,
            "eps_4q": 0.66,
            "eps_4q_growth_year": 124.21,
            "roe": 0.68,
            "roe_4q": 4.52,
            "gross_profit": 27094,
            "gross_margin": 21.67,
            "gross_margin_4q_avg": 28.3,
            "net_income": 15155,
            "net_income_4q": null,
            "revenue": 125018,
            "revenue_4q": null,
            "common_shares": 1498675,
            "book_valuer_per_share": 14.71,
            "book_valuer_per_share_4q_avg": 14.7,
            "equity": 2203931,
            "current_ratio": 1375.51,
            "debt_ratio": 14.9,
            "inventory_turnover_ratio": 1.07,
            "account_receivable_turnover_ratio": 0.71,
            "reinvestment_rate": null,
            "research_to_sale_ratio": 6.81,
            "price_fair": 25.48,
            "eps_avg_yearly": 0.73,
            "eps_latest_yearly": 1.4,
            "eps_growth_yearly": 55.35
        }
    },
    "months": {
        "2002-08": {
            "month": "2002-08",
            "price": "82.81",
            "revenue": 59679
        },
        "2002-09": {
            "month": "2002-09",
            "price": "81.18",
            "revenue": 80308
        },
        "2002-10": {
            "month": "2002-10",
            "price": "114.84",
            "revenue": 85225
        },
        "2002-11": {
            "month": "2002-11",
            "price": "126.64",
            "revenue": 85704
        },
        "2002-12": {
            "month": "2002-12",
            "price": "107.70",
            "revenue": 85337
        },
        "2003-01": {
            "month": "2003-01",
            "price": "77.50",
            "revenue": 74791
        },
        "2003-02": {
            "month": "2003-02",
            "price": "68.84",
            "revenue": 60632
        },
        "2003-03": {
            "month": "2003-03",
            "price": "69.86",
            "revenue": 70211
        },
        "2003-04": {
            "month": "2003-04",
            "price": "67.48",
            "revenue": 72002
        },
        "2003-05": {
            "month": "2003-05",
            "price": "70.24",
            "revenue": 72546
        },
        "2003-06": {
            "month": "2003-06",
            "price": "80.05",
            "revenue": 75477
        },
        "2003-07": {
            "month": "2003-07",
            "price": "68.70",
            "revenue": 78194
        },
        "2003-08": {
            "month": "2003-08",
            "price": "72.50",
            "revenue": 84220
        },
        "2003-09": {
            "month": "2003-09",
            "price": "65.50",
            "revenue": 87890
        },
        "2003-10": {
            "month": "2003-10",
            "price": "65.61",
            "revenue": 90304
        },
        "2003-11": {
            "month": "2003-11",
            "price": "64.40",
            "revenue": 93687
        },
        "2003-12": {
            "month": "2003-12",
            "price": "66.85",
            "revenue": 82243
        },
        "2004-01": {
            "month": "2004-01",
            "price": "67.37",
            "revenue": 63423
        },
        "2004-02": {
            "month": "2004-02",
            "price": "68.82",
            "revenue": 72826
        },
        "2004-03": {
            "month": "2004-03",
            "price": "60.87",
            "revenue": 88938
        },
        "2004-04": {
            "month": "2004-04",
            "price": "55.68",
            "revenue": 94417
        },
        "2004-05": {
            "month": "2004-05",
            "price": "43.72",
            "revenue": 84045
        },
        "2004-06": {
            "month": "2004-06",
            "price": "40.20",
            "revenue": 73664
        },
        "2004-07": {
            "month": "2004-07",
            "price": "31.81",
            "revenue": 91996
        },
        "2004-08": {
            "month": "2004-08",
            "price": "27.43",
            "revenue": 91926
        },
        "2004-09": {
            "month": "2004-09",
            "price": "30.22",
            "revenue": 102083
        },
        "2004-10": {
            "month": "2004-10",
            "price": "28.93",
            "revenue": 92727
        },
        "2004-11": {
            "month": "2004-11",
            "price": "27.56",
            "revenue": 80050
        },
        "2004-12": {
            "month": "2004-12",
            "price": "27.29",
            "revenue": 84789
        },
        "2005-01": {
            "month": "2005-01",
            "price": "26.42",
            "revenue": 73124
        },
        "2005-02": {
            "month": "2005-02",
            "price": "29.04",
            "revenue": 70944
        },
        "2005-03": {
            "month": "2005-03",
            "price": "34.76",
            "revenue": 98942
        },
        "2005-04": {
            "month": "2005-04",
            "price": "34.27",
            "revenue": 75490
        },
        "2005-05": {
            "month": "2005-05",
            "price": "30.25",
            "revenue": 74210
        },
        "2005-06": {
            "month": "2005-06",
            "price": "33.22",
            "revenue": 78816
        },
        "2005-07": {
            "month": "2005-07",
            "price": "36.78",
            "revenue": 73840
        },
        "2005-08": {
            "month": "2005-08",
            "price": "28.47",
            "revenue": 94443
        },
        "2005-09": {
            "month": "2005-09",
            "price": "29.58",
            "revenue": 113816
        },
        "2005-10": {
            "month": "2005-10",
            "price": "29.43",
            "revenue": 102289
        },
        "2005-11": {
            "month": "2005-11",
            "price": "28.26",
            "revenue": 106173
        },
        "2005-12": {
            "month": "2005-12",
            "price": "31.29",
            "revenue": 78587
        },
        "2006-01": {
            "month": "2006-01",
            "price": "31.02",
            "revenue": 72393
        },
        "2006-02": {
            "month": "2006-02",
            "price": "28.68",
            "revenue": 66569
        },
        "2006-03": {
            "month": "2006-03",
            "price": "27.85",
            "revenue": 86110
        },
        "2006-04": {
            "month": "2006-04",
            "price": "28.27",
            "revenue": 82514
        },
        "2006-05": {
            "month": "2006-05",
            "price": "27.14",
            "revenue": 72252
        },
        "2006-06": {
            "month": "2006-06",
            "price": "24.28",
            "revenue": 66587
        },
        "2006-07": {
            "month": "2006-07",
            "price": "22.75",
            "revenue": 74263
        },
        "2006-08": {
            "month": "2006-08",
            "price": "19.01",
            "revenue": 75741
        },
        "2006-09": {
            "month": "2006-09",
            "price": "17.15",
            "revenue": 90217
        },
        "2006-10": {
            "month": "2006-10",
            "price": "17.85",
            "revenue": 77479
        },
        "2006-11": {
            "month": "2006-11",
            "price": "18.15",
            "revenue": 75730
        },
        "2006-12": {
            "month": "2006-12",
            "price": "19.79",
            "revenue": 67354
        },
        "2007-01": {
            "month": "2007-01",
            "price": "21.50",
            "revenue": 74993
        },
        "2007-02": {
            "month": "2007-02",
            "price": "20.04",
            "revenue": 55961
        },
        "2007-03": {
            "month": "2007-03",
            "price": "19.85",
            "revenue": 132263
        },
        "2007-04": {
            "month": "2007-04",
            "price": "23.83",
            "revenue": 87856
        },
        "2007-05": {
            "month": "2007-05",
            "price": "25.14",
            "revenue": 77376
        },
        "2007-06": {
            "month": "2007-06",
            "price": "25.44",
            "revenue": 90038
        },
        "2007-07": {
            "month": "2007-07",
            "price": "30.99",
            "revenue": 85703
        },
        "2007-08": {
            "month": "2007-08",
            "price": "26.68",
            "revenue": 102784
        },
        "2007-09": {
            "month": "2007-09",
            "price": "26.94",
            "revenue": 102269
        },
        "2007-10": {
            "month": "2007-10",
            "price": "25.22",
            "revenue": 103666
        },
        "2007-11": {
            "month": "2007-11",
            "price": "23.53",
            "revenue": 84987
        },
        "2007-12": {
            "month": "2007-12",
            "price": "20.11",
            "revenue": 66619
        },
        "2008-01": {
            "month": "2008-01",
            "price": "18.32",
            "revenue": 82013
        },
        "2008-02": {
            "month": "2008-02",
            "price": "18.02",
            "revenue": 59629
        },
        "2008-03": {
            "month": "2008-03",
            "price": "19.00",
            "revenue": 94536
        },
        "2008-04": {
            "month": "2008-04",
            "price": "20.18",
            "revenue": 94678
        },
        "2008-05": {
            "month": "2008-05",
            "price": "18.61",
            "revenue": 94832
        },
        "2008-06": {
            "month": "2008-06",
            "price": "17.79",
            "revenue": 77577
        },
        "2008-07": {
            "month": "2008-07",
            "price": "15.56",
            "revenue": 132456
        },
        "2008-08": {
            "month": "2008-08",
            "price": "15.02",
            "revenue": 126822
        },
        "2008-09": {
            "month": "2008-09",
            "price": "13.76",
            "revenue": 133866
        },
        "2008-10": {
            "month": "2008-10",
            "price": "11.99",
            "revenue": 108840
        },
        "2008-11": {
            "month": "2008-11",
            "price": "10.46",
            "revenue": 75839
        },
        "2008-12": {
            "month": "2008-12",
            "price": "9.46",
            "revenue": 80354
        },
        "2009-01": {
            "month": "2009-01",
            "price": "9.32",
            "revenue": 56782
        },
        "2009-02": {
            "month": "2009-02",
            "price": "9.21",
            "revenue": 75590
        },
        "2009-03": {
            "month": "2009-03",
            "price": "10.77",
            "revenue": 99142
        },
        "2009-04": {
            "month": "2009-04",
            "price": "12.67",
            "revenue": 95567
        },
        "2009-05": {
            "month": "2009-05",
            "price": "12.64",
            "revenue": 101678
        },
        "2009-06": {
            "month": "2009-06",
            "price": "12.65",
            "revenue": 107883
        },
        "2009-07": {
            "month": "2009-07",
            "price": "13.72",
            "revenue": 122056
        },
        "2009-08": {
            "month": "2009-08",
            "price": "15.29",
            "revenue": 139346
        },
        "2009-09": {
            "month": "2009-09",
            "price": "17.34",
            "revenue": 159200
        },
        "2009-10": {
            "month": "2009-10",
            "price": "19.95",
            "revenue": 147879
        },
        "2009-11": {
            "month": "2009-11",
            "price": "24.07",
            "revenue": 137636
        },
        "2009-12": {
            "month": "2009-12",
            "price": "29.62",
            "revenue": 150347
        },
        "2010-01": {
            "month": "2010-01",
            "price": "32.02",
            "revenue": 159976
        },
        "2010-02": {
            "month": "2010-02",
            "price": "29.05",
            "revenue": 115879
        },
        "2010-03": {
            "month": "2010-03",
            "price": "30.77",
            "revenue": 157657
        },
        "2010-04": {
            "month": "2010-04",
            "price": "32.79",
            "revenue": 170027
        },
        "2010-05": {
            "month": "2010-05",
            "price": "31.02",
            "revenue": 157829
        },
        "2010-06": {
            "month": "2010-06",
            "price": "30.10",
            "revenue": 178899
        },
        "2010-07": {
            "month": "2010-07",
            "price": "30.51",
            "revenue": 145297
        },
        "2010-08": {
            "month": "2010-08",
            "price": "29.23",
            "revenue": 166555
        },
        "2010-09": {
            "month": "2010-09",
            "price": "29.65",
            "revenue": 195968
        },
        "2010-10": {
            "month": "2010-10",
            "price": "31.16",
            "revenue": 151644
        },
        "2010-11": {
            "month": "2010-11",
            "price": "29.55",
            "revenue": 151585
        },
        "2010-12": {
            "month": "2010-12",
            "price": "30.67",
            "revenue": 150381
        },
        "2011-01": {
            "month": "2011-01",
            "price": "29.52",
            "revenue": 143344
        },
        "2011-02": {
            "month": "2011-02",
            "price": "28.31",
            "revenue": 93765
        },
        "2011-03": {
            "month": "2011-03",
            "price": "27.24",
            "revenue": 161268
        },
        "2011-04": {
            "month": "2011-04",
            "price": "28.01",
            "revenue": 165045
        },
        "2011-05": {
            "month": "2011-05",
            "price": "26.07",
            "revenue": 161329
        },
        "2011-06": {
            "month": "2011-06",
            "price": "25.88",
            "revenue": 153553
        },
        "2011-07": {
            "month": "2011-07",
            "price": "23.55",
            "revenue": 169577
        },
        "2011-08": {
            "month": "2011-08",
            "price": "17.83",
            "revenue": 171149
        },
        "2011-09": {
            "month": "2011-09",
            "price": "16.58",
            "revenue": 173324
        },
        "2011-10": {
            "month": "2011-10",
            "price": "15.95",
            "revenue": 161645
        },
        "2011-11": {
            "month": "2011-11",
            "price": "13.60",
            "revenue": 159736
        },
        "2011-12": {
            "month": "2011-12",
            "price": "12.23",
            "revenue": 163801
        },
        "2012-01": {
            "month": "2012-01",
            "price": "12.50",
            "revenue": 140572
        },
        "2012-02": {
            "month": "2012-02",
            "price": "14.65",
            "revenue": 150297
        },
        "2012-03": {
            "month": "2012-03",
            "price": "15.39",
            "revenue": 180798
        },
        "2012-04": {
            "month": "2012-04",
            "price": "15.36",
            "revenue": 162145
        },
        "2012-05": {
            "month": "2012-05",
            "price": "13.77",
            "revenue": 171256
        },
        "2012-06": {
            "month": "2012-06",
            "price": "13.21",
            "revenue": 170027
        },
        "2012-07": {
            "month": "2012-07",
            "price": "12.93",
            "revenue": 158750
        },
        "2012-08": {
            "month": "2012-08",
            "price": "13.36",
            "revenue": 176050
        },
        "2012-09": {
            "month": "2012-09",
            "price": "15.14",
            "revenue": 190250
        },
        "2012-10": {
            "month": "2012-10",
            "price": "15.67",
            "revenue": 199646
        },
        "2012-11": {
            "month": "2012-11",
            "price": "17.55",
            "revenue": 208979
        },
        "2012-12": {
            "month": "2012-12",
            "price": "19.47",
            "revenue": 205190
        },
        "2013-01": {
            "month": "2013-01",
            "price": "22.01",
            "revenue": 193147
        },
        "2013-02": {
            "month": "2013-02",
            "price": "23.68",
            "revenue": 100758
        },
        "2013-03": {
            "month": "2013-03",
            "price": "23.94",
            "revenue": 152254
        },
        "2013-04": {
            "month": "2013-04",
            "price": "23.98",
            "revenue": 142421
        },
        "2013-05": {
            "month": "2013-05",
            "price": "23.76",
            "revenue": 142607
        },
        "2013-06": {
            "month": "2013-06",
            "price": "23.09",
            "revenue": 131985
        },
        "2013-07": {
            "month": "2013-07",
            "price": "22.02",
            "revenue": 168832
        },
        "2013-08": {
            "month": "2013-08",
            "price": "22.13",
            "revenue": 161831
        },
        "2013-09": {
            "month": "2013-09",
            "price": "23.40",
            "revenue": 167531
        },
        "2013-10": {
            "month": "2013-10",
            "price": "23.94",
            "revenue": 159730
        },
        "2013-11": {
            "month": "2013-11",
            "price": "27.65",
            "revenue": 183683
        },
        "2013-12": {
            "month": "2013-12",
            "price": "31.26",
            "revenue": 175331
        },
        "2014-01": {
            "month": "2014-01",
            "price": "34.49",
            "revenue": 150083
        },
        "2014-02": {
            "month": "2014-02",
            "price": "34.28",
            "revenue": 89950
        },
        "2014-03": {
            "month": "2014-03",
            "price": "38.86",
            "revenue": 125460
        },
        "2014-04": {
            "month": "2014-04",
            "price": "42.98",
            "revenue": 162919
        },
        "2014-05": {
            "month": "2014-05",
            "price": "42.26",
            "revenue": 143664
        },
        "2014-06": {
            "month": "2014-06",
            "price": "45.47",
            "revenue": 139036
        },
        "2014-07": {
            "month": "2014-07",
            "price": "49.71",
            "revenue": 144921
        },
        "2014-08": {
            "month": "2014-08",
            "price": "43.04",
            "revenue": 139073
        },
        "2014-09": {
            "month": "2014-09",
            "price": "38.47",
            "revenue": 140982
        },
        "2014-10": {
            "month": "2014-10",
            "price": "32.60",
            "revenue": 139511
        },
        "2014-11": {
            "month": "2014-11",
            "price": "31.46",
            "revenue": 134534
        },
        "2014-12": {
            "month": "2014-12",
            "price": "33.00",
            "revenue": 141699
        },
        "2015-01": {
            "month": "2015-01",
            "price": "32.74",
            "revenue": 148255
        },
        "2015-02": {
            "month": "2015-02",
            "price": "37.06",
            "revenue": 92163
        },
        "2015-03": {
            "month": "2015-03",
            "price": "39.78",
            "revenue": 116834
        },
        "2015-04": {
            "month": "2015-04",
            "price": "37.23",
            "revenue": 118824
        },
        "2015-05": {
            "month": "2015-05",
            "price": "30.51",
            "revenue": 105253
        },
        "2015-06": {
            "month": "2015-06",
            "price": "26.74",
            "revenue": 108651
        },
        "2015-07": {
            "month": "2015-07",
            "price": "21.87",
            "revenue": 121846
        },
        "2015-08": {
            "month": "2015-08",
            "price": "19.18",
            "revenue": 123036
        },
        "2015-09": {
            "month": "2015-09",
            "price": "20.92",
            "revenue": 132524
        },
        "2015-10": {
            "month": "2015-10",
            "price": "22.53",
            "revenue": 133060
        },
        "2015-11": {
            "month": "2015-11",
            "price": "23.92",
            "revenue": 153045
        },
        "2015-12": {
            "month": "2015-12",
            "price": "24.06",
            "revenue": 117694
        },
        "2016-01": {
            "month": "2016-01",
            "price": "21.95",
            "revenue": 116874
        },
        "2016-02": {
            "month": "2016-02",
            "price": "22.20",
            "revenue": 68865
        },
        "2016-03": {
            "month": "2016-03",
            "price": "23.44",
            "revenue": 110515
        },
        "2016-04": {
            "month": "2016-04",
            "price": "22.05",
            "revenue": 97244
        },
        "2016-05": {
            "month": "2016-05",
            "price": "21.10",
            "revenue": 100897
        },
        "2016-06": {
            "month": "2016-06",
            "price": "20.12",
            "revenue": 84418
        },
        "2016-07": {
            "month": "2016-07",
            "price": "19.12",
            "revenue": 97249
        },
        "2016-08": {
            "month": "2016-08",
            "price": "19.34",
            "revenue": 124392
        },
        "2016-09": {
            "month": "2016-09",
            "price": "20.27",
            "revenue": 128673
        },
        "2016-10": {
            "month": "2016-10",
            "price": "20.02",
            "revenue": 122439
        },
        "2016-11": {
            "month": "2016-11",
            "price": "20.14",
            "revenue": 124844
        },
        "2016-12": {
            "month": "2016-12",
            "price": "21.25",
            "revenue": 108500
        },
        "2017-01": {
            "month": "2017-01",
            "price": "21.49",
            "revenue": 90413
        },
        "2017-02": {
            "month": "2017-02",
            "price": "22.30",
            "revenue": 78160
        },
        "2017-03": {
            "month": "2017-03",
            "price": "23.45",
            "revenue": 108532
        },
        "2017-04": {
            "month": "2017-04",
            "price": "22.57",
            "revenue": 94198
        },
        "2017-05": {
            "month": "2017-05",
            "price": "21.95",
            "revenue": 108817
        },
        "2017-06": {
            "month": "2017-06",
            "price": "22.11",
            "revenue": 97101
        },
        "2017-07": {
            "month": "2017-07",
            "price": "22.30",
            "revenue": 115130
        },
        "2017-08": {
            "month": "2017-08",
            "price": "20.58",
            "revenue": 129521
        },
        "2017-09": {
            "month": "2017-09",
            "price": "20.11",
            "revenue": 115943
        },
        "2017-10": {
            "month": "2017-10",
            "price": "20.31",
            "revenue": 125122
        },
        "2017-11": {
            "month": "2017-11",
            "price": "20.20",
            "revenue": 126705
        },
        "2017-12": {
            "month": "2017-12",
            "price": "19.88",
            "revenue": 110932
        },
        "2018-01": {
            "month": "2018-01",
            "price": "20.43",
            "revenue": 137225
        },
        "2018-02": {
            "month": "2018-02",
            "price": "19.97",
            "revenue": 71173
        },
        "2018-03": {
            "month": "2018-03",
            "price": "20.18",
            "revenue": 84864
        },
        "2018-04": {
            "month": "2018-04",
            "price": "19.06",
            "revenue": 87983
        },
        "2018-05": {
            "month": "2018-05",
            "price": "17.58",
            "revenue": 105781
        },
        "2018-06": {
            "month": "2018-06",
            "price": "17.53",
            "revenue": 89752
        },
        "2018-07": {
            "month": "2018-07",
            "price": "16.76",
            "revenue": 92358
        },
        "2018-08": {
            "month": "2018-08",
            "price": "16.03",
            "revenue": 96289
        },
        "2018-09": {
            "month": "2018-09",
            "price": "15.81",
            "revenue": 95587
        },
        "2018-10": {
            "month": "2018-10",
            "price": "14.12",
            "revenue": 105137
        },
        "2018-11": {
            "month": "2018-11",
            "price": "13.61",
            "revenue": 116562
        },
        "2018-12": {
            "month": "2018-12",
            "price": "14.00",
            "revenue": 98802
        },
        "2019-01": {
            "month": "2019-01",
            "price": "14.20",
            "revenue": 100604
        },
        "2019-02": {
            "month": "2019-02",
            "price": "14.93",
            "revenue": 38822
        },
        "2019-03": {
            "month": "2019-03",
            "price": "15.13",
            "revenue": 74259
        },
        "2019-04": {
            "month": "2019-04",
            "price": "15.15",
            "revenue": 85682
        },
        "2019-05": {
            "month": "2019-05",
            "price": "14.16",
            "revenue": 73363
        },
        "2019-06": {
            "month": "2019-06",
            "price": "13.86",
            "revenue": 72008
        },
        "2019-07": {
            "month": "2019-07",
            "price": "13.25",
            "revenue": 94227
        },
        "2019-08": {
            "month": "2019-08",
            "price": "13.06",
            "revenue": 82101
        },
        "2019-09": {
            "month": "2019-09",
            "price": "14.56",
            "revenue": 98744
        },
        "2019-10": {
            "month": "2019-10",
            "price": "16.84",
            "revenue": 102552
        },
        "2019-11": {
            "month": "2019-11",
            "price": "20.32",
            "revenue": 90492
        },
        "2019-12": {
            "month": "2019-12",
            "price": "25.05",
            "revenue": 89161
        },
        "2020-01": {
            "month": "2020-01",
            "price": "22.07",
            "revenue": 53378
        },
        "2020-02": {
            "month": "2020-02",
            "price": "18.19",
            "revenue": 30943
        },
        "2020-03": {
            "month": "2020-03",
            "price": "13.05",
            "revenue": 88440
        },
        "2020-04": {
            "month": "2020-04",
            "price": "13.41",
            "revenue": 86514
        },
        "2020-05": {
            "month": "2020-05",
            "price": "16.38",
            "revenue": 72957
        },
        "2020-06": {
            "month": "2020-06",
            "price": "16.55",
            "revenue": 67356
        },
        "2020-07": {
            "month": "2020-07",
            "price": "15.45",
            "revenue": 85984
        },
        "2020-08": {
            "month": "2020-08",
            "price": "14.67",
            "revenue": 51612
        },
        "2020-09": {
            "month": "2020-09",
            "price": "14.45",
            "revenue": 62468
        },
        "2020-10": {
            "month": "2020-10",
            "price": "13.96",
            "revenue": 36222
        },
        "2020-11": {
            "month": "2020-11",
            "price": "13.55",
            "revenue": 34853
        },
        "2020-12": {
            "month": "2020-12",
            "price": "13.50",
            "revenue": 40529
        },
        "2021-01": {
            "month": "2021-01",
            "price": "13.05",
            "revenue": 50560
        },
        "2021-02": {
            "month": "2021-02",
            "price": "12.93",
            "revenue": 27950
        },
        "2021-03": {
            "month": "2021-03",
            "price": "13.73",
            "revenue": 41730
        },
        "2021-04": {
            "month": "2021-04",
            "price": "14.30",
            "revenue": 48905
        },
        "2021-05": {
            "month": "2021-05",
            "price": "13.11",
            "revenue": 46665
        },
        "2021-06": {
            "month": "2021-06",
            "price": "12.95",
            "revenue": 48125
        },
        "2021-07": {
            "month": "2021-07",
            "price": "13.14",
            "revenue": 45674
        },
        "2021-08": {
            "month": "2021-08",
            "price": "12.97",
            "revenue": 43820
        },
        "2021-09": {
            "month": "2021-09",
            "price": "13.15",
            "revenue": 42243
        },
        "2021-10": {
            "month": "2021-10",
            "price": "13.06",
            "revenue": 34699
        },
        "2021-11": {
            "month": "2021-11",
            "price": "13.36",
            "revenue": 51437
        },
        "2021-12": {
            "month": "2021-12",
            "price": "14.50",
            "revenue": 43383
        },
        "2022-01": {
            "month": "2022-01",
            "price": "14.23",
            "revenue": 48217
        },
        "2022-02": {
            "month": "2022-02",
            "price": "13.60",
            "revenue": 41875
        },
        "2022-03": {
            "month": "2022-03",
            "price": "13.67",
            "revenue": 48416
        },
        "2022-04": {
            "month": "2022-04",
            "price": "13.34",
            "revenue": 37036
        },
        "2022-05": {
            "month": "2022-05",
            "price": "12.46",
            "revenue": 44262
        },
        "2022-06": {
            "month": "2022-06",
            "price": "12.61",
            "revenue": 63197
        },
        "2022-07": {
            "month": "2022-07",
            "price": "12.42",
            "revenue": 53215
        },
        "2022-08": {
            "month": "2022-08",
            "price": "13.27",
            "revenue": 53864
        },
        "2022-09": {
            "month": "2022-09",
            "price": "13.40",
            "revenue": 57655
        },
        "2022-10": {
            "month": "2022-10",
            "price": "12.16",
            "revenue": 45464
        },
        "2022-11": {
            "month": "2022-11",
            "price": "12.23",
            "revenue": 44009
        },
        "2022-12": {
            "month": "2022-12",
            "price": "12.42",
            "revenue": 51476
        },
        "2023-01": {
            "month": "2023-01",
            "price": "12.44",
            "revenue": 55951
        },
        "2023-02": {
            "month": "2023-02",
            "price": "13.15",
            "revenue": 56177
        },
        "2023-03": {
            "month": "2023-03",
            "price": "14.30",
            "revenue": 61157
        },
        "2023-04": {
            "month": "2023-04",
            "price": "18.07",
            "revenue": 65228
        },
        "2023-05": {
            "month": "2023-05",
            "price": "21.17",
            "revenue": 59272
        },
        "2023-06": {
            "month": "2023-06",
            "price": "22.98",
            "revenue": 56478
        },
        "2023-07": {
            "month": "2023-07",
            "price": "19.56",
            "revenue": 37384
        },
        "2023-08": {
            "month": "2023-08",
            "price": "17.49",
            "revenue": 36682
        },
        "2023-09": {
            "month": "2023-09",
            "price": "17.11",
            "revenue": 30201
        },
        "2023-10": {
            "month": "2023-10",
            "price": "15.47",
            "revenue": 32811
        },
        "2023-11": {
            "month": "2023-11",
            "price": "16.48",
            "revenue": 43226
        },
        "2023-12": {
            "month": "2023-12",
            "price": "17.26",
            "revenue": 48845
        },
        "2024-01": {
            "month": "2024-01",
            "price": "17.72",
            "revenue": 38774
        },
        "2024-02": {
            "month": "2024-02",
            "price": "17.77",
            "revenue": 29768
        }
    }
}
