{
    "summary": {
        "stock_name": "新潤",
        "stock_id": "6186",
        "category": "建材營造",
        "main_business": "住宅及大樓開發租售業、不動產買賣業、不動產租賃業。",
        "website_url": "http://www.shinruenn.com",
        "ceo": "郭長庚",
        "pe_ratio": 17,
        "report_year_from": 2002,
        "report_year_to": 2023,
        "age": 21,
        "eps_negative_percentage": 35,
        "eps_growth_avg": {
            "last_all": -26.45,
            "last_2y": -19.03,
            "last_4y": -39.27,
            "last_8y": -31.17,
            "last_12y": -4.94,
            "last_16y": -13.58,
            "last_20y": -26.45,
            "at_2006_last_3y": -97.22,
            "at_2007_last_3y": -100,
            "at_2008_last_3y": -100,
            "at_2009_last_3y": -100,
            "at_2010_last_3y": -100,
            "at_2011_last_3y": null,
            "at_2012_last_3y": 100,
            "at_2013_last_3y": 100,
            "at_2014_last_3y": 52.4,
            "at_2015_last_3y": 62.45,
            "at_2016_last_3y": 26.31,
            "at_2017_last_3y": -23.06,
            "at_2018_last_3y": -37.36,
            "at_2019_last_3y": -80.68,
            "at_2020_last_3y": -72.57,
            "at_2021_last_3y": -41.25,
            "at_2022_last_3y": -19.03,
            "at_2023_last_3y": -19.03,
            "at_2006_last_all": -97.22,
            "at_2007_last_all": -98.15,
            "at_2008_last_all": -98.15,
            "at_2009_last_all": -98.15,
            "at_2010_last_all": -98.15,
            "at_2011_last_all": -98.15,
            "at_2012_last_all": -48.61,
            "at_2013_last_all": -18.89,
            "at_2014_last_all": -22.88,
            "at_2015_last_all": -6.38,
            "at_2016_last_all": -11.15,
            "at_2017_last_all": -20.74,
            "at_2018_last_all": -28.67,
            "at_2019_last_all": -28.67,
            "at_2020_last_all": -27.9,
            "at_2021_last_all": -25.87,
            "at_2022_last_all": -26.45,
            "at_2023_last_all": -26.45
        },
        "latest_eps": 3.04,
        "latest_price": 52.2,
        "latest_roe": 16.63,
        "latest_gross_margin": 21.72,
        "latest_equity": 2801225,
        "latest_revenue": 212350,
        "latest_gross_profit": 46130,
        "latest_net_income": 15018,
        "latest_debt_ratio": 85.76,
        "latest_current_ratio": 124.25,
        "latest_account_receivable_turnover_ratio": 7.58,
        "latest_inventory_turnover_ratio": 0.01,
        "latest_reinvestment_rate": -0.4,
        "latest_research_to_sale_ratio": null
    },
    "eps_dividends": {
        "2001": {
            "cash": 0,
            "stock": 0,
            "eps": -0.07
        },
        "2002": {
            "cash": 0,
            "stock": 0,
            "eps": 0.54
        },
        "2003": {
            "cash": 0,
            "stock": 0.5,
            "eps": 0.03
        },
        "2004": {
            "cash": 0,
            "stock": 0,
            "eps": -1.84
        },
        "2005": {
            "cash": 0,
            "stock": 0,
            "eps": -5.4
        },
        "2006": {
            "cash": 0,
            "stock": 0,
            "eps": 0.15
        },
        "2007": {
            "cash": 0,
            "stock": 0,
            "eps": -1.27
        },
        "2008": {
            "cash": 0,
            "stock": 0,
            "eps": -2.94
        },
        "2009": {
            "cash": 0,
            "stock": 0,
            "eps": -0.38
        },
        "2010": {
            "cash": 0,
            "stock": 0,
            "eps": -0.62
        },
        "2011": {
            "cash": 0,
            "stock": 0,
            "eps": 0.15
        },
        "2012": {
            "cash": 0,
            "stock": 0,
            "eps": 1.48
        },
        "2013": {
            "cash": 1,
            "stock": 0,
            "eps": 5.91
        },
        "2014": {
            "cash": 3,
            "stock": 0,
            "eps": 3.38
        },
        "2015": {
            "cash": 2.5,
            "stock": 0.5,
            "eps": 6.51
        },
        "2016": {
            "cash": 3,
            "stock": 0.5,
            "eps": 3.61
        },
        "2017": {
            "cash": 2,
            "stock": 0,
            "eps": 0.09
        },
        "2018": {
            "cash": 1.5,
            "stock": 0,
            "eps": -0.52
        },
        "2019": {
            "cash": 1,
            "stock": 0,
            "eps": 4.21
        },
        "2020": {
            "cash": 3,
            "stock": 0,
            "eps": 3.36
        },
        "2021": {
            "cash": 1.25,
            "stock": 0.5,
            "eps": 3.24
        },
        "2022": {
            "cash": 3,
            "stock": 0,
            "eps": 2.16
        },
        "2023": {
            "cash": 2.2,
            "stock": 0,
            "eps": 0.33
        }
    },
    "dividends": {
        "2003-06-20": {
            "cash": 0,
            "stock": 0.5
        },
        "2013-05-16": {
            "cash": 1,
            "stock": 0
        },
        "2014-08-15": {
            "cash": 3,
            "stock": 0
        },
        "2015-10-27": {
            "cash": 2.5,
            "stock": 0.5
        },
        "2016-09-20": {
            "cash": 3,
            "stock": 0.5
        },
        "2017-09-19": {
            "cash": 2,
            "stock": 0
        },
        "2018-09-19": {
            "cash": 1.5,
            "stock": 0
        },
        "2019-09-17": {
            "cash": 1,
            "stock": 0
        },
        "2020-08-12": {
            "cash": 3,
            "stock": 0
        },
        "2021-10-28": {
            "cash": 1.25,
            "stock": 0.5
        },
        "2022-11-16": {
            "cash": 3,
            "stock": 0
        },
        "2023-10-20": {
            "cash": 2.2,
            "stock": 0
        }
    },
    "prices": {
        "200101": "無",
        "200102": "無",
        "200103": "無",
        "200104": "無",
        "200105": "無",
        "200106": "無",
        "200107": "無",
        "200108": "無",
        "200109": "無",
        "200110": "無",
        "200111": "無",
        "200112": "無",
        "200201": "無",
        "200202": "無",
        "200203": "無",
        "200204": "無",
        "200205": "無",
        "200206": "無",
        "200207": "無",
        "200208": "24.55",
        "200209": "21.26",
        "200210": "17.11",
        "200211": "17.88",
        "200212": "15.98",
        "200301": "15.92",
        "200302": "14.21",
        "200303": "12.53",
        "200304": "12.45",
        "200305": "10.47",
        "200306": "13.48",
        "200307": "19.70",
        "200308": "17.20",
        "200309": "16.82",
        "200310": "16.36",
        "200311": "15.48",
        "200312": "16.76",
        "200401": "17.26",
        "200402": "18.64",
        "200403": "17.21",
        "200404": "17.57",
        "200405": "15.81",
        "200406": "14.14",
        "200407": "12.03",
        "200408": "10.48",
        "200409": "8.53",
        "200410": "7.82",
        "200411": "8.28",
        "200412": "9.82",
        "200501": "9.36",
        "200502": "8.86",
        "200503": "8.73",
        "200504": "7.62",
        "200505": "7.00",
        "200506": "9.07",
        "200507": "12.64",
        "200508": "12.36",
        "200509": "11.87",
        "200510": "11.62",
        "200511": "11.18",
        "200512": "12.38",
        "200601": "15.77",
        "200602": "20.59",
        "200603": "20.04",
        "200604": "20.18",
        "200605": "18.66",
        "200606": "17.05",
        "200607": "16.00",
        "200608": "16.15",
        "200609": "15.33",
        "200610": "19.28",
        "200611": "19.18",
        "200612": "18.57",
        "200701": "23.54",
        "200702": "20.93",
        "200703": "22.49",
        "200704": "26.99",
        "200705": "29.79",
        "200706": "35.00",
        "200707": "38.27",
        "200708": "29.05",
        "200709": "28.92",
        "200710": "25.57",
        "200711": "17.17",
        "200712": "15.58",
        "200801": "14.30",
        "200802": "15.90",
        "200803": "23.34",
        "200804": "20.39",
        "200805": "14.51",
        "200806": "11.85",
        "200807": "9.48",
        "200808": "7.89",
        "200809": "6.47",
        "200810": "3.73",
        "200811": "1.74",
        "200812": "1.78",
        "200901": "2.79",
        "200902": "2.35",
        "200903": "2.34",
        "200904": "2.97",
        "200905": "3.04",
        "200906": "2.74",
        "200907": "2.80",
        "200908": "2.54",
        "200909": "3.28",
        "200910": "3.88",
        "200911": "16.36",
        "200912": "26.00",
        "201001": "25.50",
        "201002": "18.68",
        "201003": "25.69",
        "201004": "24.83",
        "201005": "22.00",
        "201006": "20.28",
        "201007": "20.07",
        "201008": "21.10",
        "201009": "20.30",
        "201010": "18.43",
        "201011": "15.82",
        "201012": "16.48",
        "201101": "16.78",
        "201102": "17.97",
        "201103": "17.40",
        "201104": "16.27",
        "201105": "14.35",
        "201106": "13.63",
        "201107": "15.89",
        "201108": "18.11",
        "201109": "17.69",
        "201110": "16.22",
        "201111": "14.59",
        "201112": "13.99",
        "201201": "13.73",
        "201202": "15.98",
        "201203": "16.60",
        "201204": "17.17",
        "201205": "16.50",
        "201206": "16.35",
        "201207": "16.24",
        "201208": "16.66",
        "201209": "16.48",
        "201210": "16.36",
        "201211": "16.40",
        "201212": "21.34",
        "201301": "25.77",
        "201302": "28.35",
        "201303": "25.69",
        "201304": "27.98",
        "201305": "36.10",
        "201306": "34.58",
        "201307": "35.06",
        "201308": "34.99",
        "201309": "39.12",
        "201310": "37.27",
        "201311": "38.36",
        "201312": "39.10",
        "201401": "37.43",
        "201402": "34.89",
        "201403": "34.11",
        "201404": "34.13",
        "201405": "33.78",
        "201406": "31.36",
        "201407": "29.70",
        "201408": "28.13",
        "201409": "28.02",
        "201410": "27.10",
        "201411": "28.44",
        "201412": "28.11",
        "201501": "27.60",
        "201502": "26.53",
        "201503": "28.41",
        "201504": "29.85",
        "201505": "28.06",
        "201506": "27.30",
        "201507": "25.80",
        "201508": "23.17",
        "201509": "23.20",
        "201510": "23.06",
        "201511": "23.39",
        "201512": "22.26",
        "201601": "20.77",
        "201602": "19.62",
        "201603": "22.45",
        "201604": "24.15",
        "201605": "23.50",
        "201606": "24.50",
        "201607": "24.54",
        "201608": "24.83",
        "201609": "22.65",
        "201610": "22.51",
        "201611": "21.98",
        "201612": "22.33",
        "201701": "22.25",
        "201702": "23.30",
        "201703": "24.25",
        "201704": "23.61",
        "201705": "22.58",
        "201706": "22.56",
        "201707": "22.37",
        "201708": "21.16",
        "201709": "18.56",
        "201710": "17.79",
        "201711": "16.80",
        "201712": "15.36",
        "201801": "15.13",
        "201802": "14.92",
        "201803": "13.43",
        "201804": "13.48",
        "201805": "15.85",
        "201806": "15.79",
        "201807": "15.47",
        "201808": "16.51",
        "201809": "16.63",
        "201810": "17.95",
        "201811": "16.85",
        "201812": "16.40",
        "201901": "17.57",
        "201902": "19.70",
        "201903": "19.15",
        "201904": "19.07",
        "201905": "20.02",
        "201906": "22.11",
        "201907": "22.26",
        "201908": "24.28",
        "201909": "26.17",
        "201910": "28.05",
        "201911": "32.08",
        "201912": "32.29",
        "202001": "31.41",
        "202002": "28.50",
        "202003": "24.82",
        "202004": "27.80",
        "202005": "30.13",
        "202006": "30.39",
        "202007": "31.60",
        "202008": "27.51",
        "202009": "28.20",
        "202010": "27.79",
        "202011": "28.23",
        "202012": "29.86",
        "202101": "28.36",
        "202102": "28.15",
        "202103": "29.19",
        "202104": "29.40",
        "202105": "27.59",
        "202106": "27.89",
        "202107": "28.68",
        "202108": "28.70",
        "202109": "29.37",
        "202110": "27.75",
        "202111": "27.16",
        "202112": "26.61",
        "202201": "26.02",
        "202202": "26.23",
        "202203": "26.61",
        "202204": "26.93",
        "202205": "26.87",
        "202206": "26.99",
        "202207": "25.99",
        "202208": "26.81",
        "202209": "29.87",
        "202210": "28.43",
        "202211": "28.20",
        "202212": "33.41",
        "202301": "35.53",
        "202302": "35.86",
        "202303": "38.72",
        "202304": "42.98",
        "202305": "43.47",
        "202306": "42.76",
        "202307": "44.72",
        "202308": "48.76",
        "202309": "51.94"
    },
    "quarters": {
        "20011": {
            "year_quarter": 20011,
            "year": 2001,
            "quarter": 1,
            "eps": -0.33,
            "eps_growth_year": -237.5,
            "eps_4q": 1.59,
            "eps_4q_growth_year": null,
            "roe": -2.07,
            "roe_4q": -2.07,
            "gross_profit": 10405,
            "gross_margin": 15.11,
            "gross_margin_4q_avg": 15.11,
            "net_income": -12241,
            "revenue": 68876,
            "common_shares": 369244,
            "book_valuer_per_share": 15.66,
            "book_valuer_per_share_4q_avg": 15.66,
            "equity": 578171,
            "current_ratio": 1027.67,
            "debt_ratio": 5.02,
            "inventory_turnover_ratio": 2.08,
            "account_receivable_turnover_ratio": null,
            "reinvestment_rate": null,
            "research_to_sale_ratio": null,
            "price_fair": 0,
            "eps_avg_yearly": 0,
            "eps_latest_yearly": 0,
            "eps_growth_yearly": 0
        },
        "20012": {
            "year_quarter": 20012,
            "year": 2001,
            "quarter": 2,
            "eps": -0.04,
            "eps_growth_year": -112.5,
            "eps_4q": 1.26,
            "eps_4q_growth_year": 16.02,
            "roe": -0.27,
            "roe_4q": -2.34,
            "gross_profit": 37220,
            "gross_margin": 27.1,
            "gross_margin_4q_avg": 21.11,
            "net_income": -1577,
            "revenue": 137329,
            "common_shares": 369244,
            "book_valuer_per_share": 15.58,
            "book_valuer_per_share_4q_avg": 15.62,
            "equity": 575313,
            "current_ratio": 262.72,
            "debt_ratio": 18.45,
            "inventory_turnover_ratio": 2.73,
            "account_receivable_turnover_ratio": null,
            "reinvestment_rate": null,
            "research_to_sale_ratio": null,
            "price_fair": 0,
            "eps_avg_yearly": 0,
            "eps_latest_yearly": 0,
            "eps_growth_yearly": 0
        },
        "20013": {
            "year_quarter": 20013,
            "year": 2001,
            "quarter": 3,
            "eps": 0.3,
            "eps_growth_year": -3.23,
            "eps_4q": 1.06,
            "eps_4q_growth_year": 6.86,
            "roe": 2.43,
            "roe_4q": 0.0900000000000003,
            "gross_profit": 62134,
            "gross_margin": 31.22,
            "gross_margin_4q_avg": 24.48,
            "net_income": 14170,
            "revenue": 198990,
            "common_shares": 474831,
            "book_valuer_per_share": 12.46,
            "book_valuer_per_share_4q_avg": 14.57,
            "equity": 591769,
            "current_ratio": 226.2,
            "debt_ratio": 23.54,
            "inventory_turnover_ratio": 2.65,
            "account_receivable_turnover_ratio": null,
            "reinvestment_rate": null,
            "research_to_sale_ratio": null,
            "price_fair": 0,
            "eps_avg_yearly": 0,
            "eps_latest_yearly": 0,
            "eps_growth_yearly": 0
        },
        "20014": {
            "year_quarter": 20014,
            "year": 2001,
            "quarter": 4,
            "eps": 0,
            "eps_growth_year": -100,
            "eps_4q": 0.01,
            "eps_4q_growth_year": -99.56,
            "roe": 0.03,
            "roe_4q": 0.1200000000000001,
            "gross_profit": 51704,
            "gross_margin": 26.64,
            "gross_margin_4q_avg": 25.02,
            "net_income": 189,
            "revenue": 194107,
            "common_shares": 474831,
            "book_valuer_per_share": 12.48,
            "book_valuer_per_share_4q_avg": 14.05,
            "equity": 592512,
            "current_ratio": 180.21,
            "debt_ratio": 31.31,
            "inventory_turnover_ratio": 1.67,
            "account_receivable_turnover_ratio": null,
            "reinvestment_rate": null,
            "research_to_sale_ratio": null,
            "price_fair": 0,
            "eps_avg_yearly": 0,
            "eps_latest_yearly": 0,
            "eps_growth_yearly": 0
        },
        "20021": {
            "year_quarter": 20021,
            "year": 2002,
            "quarter": 1,
            "eps": 0.95,
            "eps_growth_year": null,
            "eps_4q": 1.22,
            "eps_4q_growth_year": -23.08,
            "roe": 7.3,
            "roe_4q": 9.49,
            "gross_profit": 37115,
            "gross_margin": 23.03,
            "gross_margin_4q_avg": 27,
            "net_income": 44916,
            "revenue": 161145,
            "common_shares": 474831,
            "book_valuer_per_share": 13.42,
            "book_valuer_per_share_4q_avg": 13.49,
            "equity": 637378,
            "current_ratio": 175.6,
            "debt_ratio": 28.12,
            "inventory_turnover_ratio": 1.18,
            "account_receivable_turnover_ratio": null,
            "reinvestment_rate": null,
            "research_to_sale_ratio": null,
            "price_fair": 0,
            "eps_avg_yearly": 0,
            "eps_latest_yearly": 0,
            "eps_growth_yearly": 0
        },
        "20022": {
            "year_quarter": 20022,
            "year": 2002,
            "quarter": 2,
            "eps": -0.27,
            "eps_growth_year": null,
            "eps_4q": 0.98,
            "eps_4q_growth_year": -21.72,
            "roe": -2,
            "roe_4q": 7.76,
            "gross_profit": 36393,
            "gross_margin": 18.79,
            "gross_margin_4q_avg": 24.92,
            "net_income": -12568,
            "revenue": 193648,
            "common_shares": 474831,
            "book_valuer_per_share": 12.99,
            "book_valuer_per_share_4q_avg": 12.84,
            "equity": 616840,
            "current_ratio": 153.43,
            "debt_ratio": 35.16,
            "inventory_turnover_ratio": 1.56,
            "account_receivable_turnover_ratio": null,
            "reinvestment_rate": null,
            "research_to_sale_ratio": null,
            "price_fair": 0,
            "eps_avg_yearly": 0,
            "eps_latest_yearly": 0,
            "eps_growth_yearly": 0
        },
        "20023": {
            "year_quarter": 20023,
            "year": 2002,
            "quarter": 3,
            "eps": 0.43,
            "eps_growth_year": 43.33,
            "eps_4q": 1.12,
            "eps_4q_growth_year": 4.89,
            "roe": 3.25,
            "roe_4q": 8.58,
            "gross_profit": 26994,
            "gross_margin": 13.06,
            "gross_margin_4q_avg": 20.38,
            "net_income": 20424,
            "revenue": 206700,
            "common_shares": 474831,
            "book_valuer_per_share": 13.49,
            "book_valuer_per_share_4q_avg": 13.1,
            "equity": 640394,
            "current_ratio": 158.65,
            "debt_ratio": 37.87,
            "inventory_turnover_ratio": 1.47,
            "account_receivable_turnover_ratio": null,
            "reinvestment_rate": null,
            "research_to_sale_ratio": null,
            "price_fair": 0,
            "eps_avg_yearly": 0,
            "eps_latest_yearly": 0,
            "eps_growth_yearly": 0
        },
        "20024": {
            "year_quarter": 20024,
            "year": 2002,
            "quarter": 4,
            "eps": -0.57,
            "eps_growth_year": null,
            "eps_4q": 0.55,
            "eps_4q_growth_year": 5400,
            "roe": -4.35,
            "roe_4q": 4.2,
            "gross_profit": 28922,
            "gross_margin": 7.85,
            "gross_margin_4q_avg": 15.68,
            "net_income": -26754,
            "revenue": 368639,
            "common_shares": 474831,
            "book_valuer_per_share": 12.43,
            "book_valuer_per_share_4q_avg": 13.08,
            "equity": 590219,
            "current_ratio": 206.85,
            "debt_ratio": 45.52,
            "inventory_turnover_ratio": 2.78,
            "account_receivable_turnover_ratio": null,
            "reinvestment_rate": null,
            "research_to_sale_ratio": null,
            "price_fair": 0,
            "eps_avg_yearly": 0,
            "eps_latest_yearly": 0,
            "eps_growth_yearly": 0
        },
        "20031": {
            "year_quarter": 20031,
            "year": 2003,
            "quarter": 1,
            "eps": -0.41,
            "eps_growth_year": -143.16,
            "eps_4q": -0.81,
            "eps_4q_growth_year": -166.24,
            "roe": -3.35,
            "roe_4q": -6.449999999999999,
            "gross_profit": 26820,
            "gross_margin": 14.31,
            "gross_margin_4q_avg": 13.5,
            "net_income": -19450,
            "revenue": 187433,
            "common_shares": 474831,
            "book_valuer_per_share": 12.02,
            "book_valuer_per_share_4q_avg": 12.73,
            "equity": 570769,
            "current_ratio": 192.25,
            "debt_ratio": 44.53,
            "inventory_turnover_ratio": 1.25,
            "account_receivable_turnover_ratio": null,
            "reinvestment_rate": null,
            "research_to_sale_ratio": null,
            "price_fair": 0,
            "eps_avg_yearly": 0,
            "eps_latest_yearly": 0,
            "eps_growth_yearly": 0
        },
        "20032": {
            "year_quarter": 20032,
            "year": 2003,
            "quarter": 2,
            "eps": 0.62,
            "eps_growth_year": null,
            "eps_4q": 0.06,
            "eps_4q_growth_year": -93.55,
            "roe": 5.06,
            "roe_4q": 0.6099999999999999,
            "gross_profit": 33080,
            "gross_margin": 13.56,
            "gross_margin_4q_avg": 12.2,
            "net_income": 28717,
            "revenue": 243962,
            "common_shares": 474831,
            "book_valuer_per_share": 11.88,
            "book_valuer_per_share_4q_avg": 12.46,
            "equity": 563868,
            "current_ratio": 184.18,
            "debt_ratio": 44.5,
            "inventory_turnover_ratio": 1.33,
            "account_receivable_turnover_ratio": null,
            "reinvestment_rate": 21.21,
            "research_to_sale_ratio": null,
            "price_fair": 0,
            "eps_avg_yearly": 0,
            "eps_latest_yearly": 0,
            "eps_growth_yearly": 0
        },
        "20033": {
            "year_quarter": 20033,
            "year": 2003,
            "quarter": 3,
            "eps": 0.09,
            "eps_growth_year": -79.07,
            "eps_4q": -0.27,
            "eps_4q_growth_year": -124.38,
            "roe": 0.76,
            "roe_4q": -1.8800000000000003,
            "gross_profit": 8238,
            "gross_margin": 3.31,
            "gross_margin_4q_avg": 9.76,
            "net_income": 4349,
            "revenue": 249148,
            "common_shares": 496851,
            "book_valuer_per_share": 11.74,
            "book_valuer_per_share_4q_avg": 12.02,
            "equity": 583240,
            "current_ratio": 192.96,
            "debt_ratio": 42.54,
            "inventory_turnover_ratio": 1.27,
            "account_receivable_turnover_ratio": null,
            "reinvestment_rate": 19.63,
            "research_to_sale_ratio": null,
            "price_fair": 1.08,
            "eps_avg_yearly": 0.36,
            "eps_latest_yearly": 0.36,
            "eps_growth_yearly": -341.94
        },
        "20034": {
            "year_quarter": 20034,
            "year": 2003,
            "quarter": 4,
            "eps": -0.27,
            "eps_growth_year": null,
            "eps_4q": 0.02,
            "eps_4q_growth_year": -96.36,
            "roe": -2.12,
            "roe_4q": 0.3499999999999992,
            "gross_profit": 18006,
            "gross_margin": 8.32,
            "gross_margin_4q_avg": 9.88,
            "net_income": -12686,
            "revenue": 216391,
            "common_shares": 496851,
            "book_valuer_per_share": 12.34,
            "book_valuer_per_share_4q_avg": 12,
            "equity": 613059,
            "current_ratio": 223.7,
            "debt_ratio": 41.78,
            "inventory_turnover_ratio": 0.97,
            "account_receivable_turnover_ratio": null,
            "reinvestment_rate": 9.35,
            "research_to_sale_ratio": null,
            "price_fair": 1.08,
            "eps_avg_yearly": 0.36,
            "eps_latest_yearly": 0.36,
            "eps_growth_yearly": -341.94
        },
        "20041": {
            "year_quarter": 20041,
            "year": 2004,
            "quarter": 1,
            "eps": -0.3,
            "eps_growth_year": null,
            "eps_4q": 0.12,
            "eps_4q_growth_year": null,
            "roe": -2.41,
            "roe_4q": 1.2899999999999991,
            "gross_profit": 24121,
            "gross_margin": 10.86,
            "gross_margin_4q_avg": 9.01,
            "net_income": -14577,
            "revenue": 222148,
            "common_shares": 496851,
            "book_valuer_per_share": 11.97,
            "book_valuer_per_share_4q_avg": 11.98,
            "equity": 594856,
            "current_ratio": 174.36,
            "debt_ratio": 45.28,
            "inventory_turnover_ratio": 0.88,
            "account_receivable_turnover_ratio": null,
            "reinvestment_rate": 17.63,
            "research_to_sale_ratio": null,
            "price_fair": 1.08,
            "eps_avg_yearly": 0.36,
            "eps_latest_yearly": 0.36,
            "eps_growth_yearly": -341.94
        },
        "20042": {
            "year_quarter": 20042,
            "year": 2004,
            "quarter": 2,
            "eps": -0.3,
            "eps_growth_year": -148.39,
            "eps_4q": -0.76,
            "eps_4q_growth_year": -1298.99,
            "roe": -2.51,
            "roe_4q": -6.28,
            "gross_profit": 37332,
            "gross_margin": 17.17,
            "gross_margin_4q_avg": 9.92,
            "net_income": -14523,
            "revenue": 217462,
            "common_shares": 492411,
            "book_valuer_per_share": 11.46,
            "book_valuer_per_share_4q_avg": 11.88,
            "equity": 564216,
            "current_ratio": 159.53,
            "debt_ratio": 50.13,
            "inventory_turnover_ratio": 0.6,
            "account_receivable_turnover_ratio": null,
            "reinvestment_rate": 67.9,
            "research_to_sale_ratio": null,
            "price_fair": 1.08,
            "eps_avg_yearly": 0.36,
            "eps_latest_yearly": 0.36,
            "eps_growth_yearly": -341.94
        },
        "20043": {
            "year_quarter": 20043,
            "year": 2004,
            "quarter": 3,
            "eps": -0.64,
            "eps_growth_year": -811.11,
            "eps_4q": -1.48,
            "eps_4q_growth_year": null,
            "roe": -5.73,
            "roe_4q": -12.77,
            "gross_profit": 28716,
            "gross_margin": 14.84,
            "gross_margin_4q_avg": 12.8,
            "net_income": -31329,
            "revenue": 193456,
            "common_shares": 492411,
            "book_valuer_per_share": 10.76,
            "book_valuer_per_share_4q_avg": 11.63,
            "equity": 530005,
            "current_ratio": 167.19,
            "debt_ratio": 48.72,
            "inventory_turnover_ratio": 0.5,
            "account_receivable_turnover_ratio": null,
            "reinvestment_rate": 208.43,
            "research_to_sale_ratio": null,
            "price_fair": 1.08,
            "eps_avg_yearly": 0.36,
            "eps_latest_yearly": 0.36,
            "eps_growth_yearly": -341.94
        },
        "20044": {
            "year_quarter": 20044,
            "year": 2004,
            "quarter": 4,
            "eps": -0.6,
            "eps_growth_year": null,
            "eps_4q": -1.87,
            "eps_4q_growth_year": -9450,
            "roe": -5.54,
            "roe_4q": -16.189999999999998,
            "gross_profit": 16694,
            "gross_margin": 11.71,
            "gross_margin_4q_avg": 13.65,
            "net_income": -28253,
            "revenue": 142551,
            "common_shares": 492411,
            "book_valuer_per_share": 9.95,
            "book_valuer_per_share_4q_avg": 11.04,
            "equity": 489721,
            "current_ratio": 140.79,
            "debt_ratio": 48.13,
            "inventory_turnover_ratio": 0.45,
            "account_receivable_turnover_ratio": null,
            "reinvestment_rate": null,
            "research_to_sale_ratio": null,
            "price_fair": 1.08,
            "eps_avg_yearly": 0.36,
            "eps_latest_yearly": 0.36,
            "eps_growth_yearly": -341.94
        },
        "20051": {
            "year_quarter": 20051,
            "year": 2005,
            "quarter": 1,
            "eps": -2.09,
            "eps_growth_year": null,
            "eps_4q": -3.7,
            "eps_4q_growth_year": -3200.24,
            "roe": -21.85,
            "roe_4q": -35.63,
            "gross_profit": -9258,
            "gross_margin": -7.34,
            "gross_margin_4q_avg": 9.1,
            "net_income": -96046,
            "revenue": 126136,
            "common_shares": 492411,
            "book_valuer_per_share": 7.91,
            "book_valuer_per_share_4q_avg": 10.02,
            "equity": 389453,
            "current_ratio": 94.88,
            "debt_ratio": 58.71,
            "inventory_turnover_ratio": 0.59,
            "account_receivable_turnover_ratio": null,
            "reinvestment_rate": null,
            "research_to_sale_ratio": null,
            "price_fair": 1.08,
            "eps_avg_yearly": 0.36,
            "eps_latest_yearly": 0.36,
            "eps_growth_yearly": -341.94
        },
        "20052": {
            "year_quarter": 20052,
            "year": 2005,
            "quarter": 2,
            "eps": -2.06,
            "eps_growth_year": null,
            "eps_4q": -5.08,
            "eps_4q_growth_year": null,
            "roe": -27.55,
            "roe_4q": -60.67,
            "gross_profit": -18315,
            "gross_margin": -20.4,
            "gross_margin_4q_avg": -0.3,
            "net_income": -94379,
            "revenue": 89761,
            "common_shares": 492411,
            "book_valuer_per_share": 6.01,
            "book_valuer_per_share_4q_avg": 8.66,
            "equity": 295728,
            "current_ratio": 88.23,
            "debt_ratio": 60.86,
            "inventory_turnover_ratio": 0.57,
            "account_receivable_turnover_ratio": null,
            "reinvestment_rate": null,
            "research_to_sale_ratio": null,
            "price_fair": 1.08,
            "eps_avg_yearly": 0.36,
            "eps_latest_yearly": 0.36,
            "eps_growth_yearly": -341.94
        },
        "20053": {
            "year_quarter": 20053,
            "year": 2005,
            "quarter": 3,
            "eps": -1.59,
            "eps_growth_year": null,
            "eps_4q": -4.98,
            "eps_4q_growth_year": null,
            "roe": -25.71,
            "roe_4q": -80.65000000000002,
            "gross_profit": 6796,
            "gross_margin": 2.64,
            "gross_margin_4q_avg": -3.35,
            "net_income": -76728,
            "revenue": 257057,
            "common_shares": 593161,
            "book_valuer_per_share": 5.08,
            "book_valuer_per_share_4q_avg": 7.24,
            "equity": 301217,
            "current_ratio": 102.32,
            "debt_ratio": 71.09,
            "inventory_turnover_ratio": 1.38,
            "account_receivable_turnover_ratio": null,
            "reinvestment_rate": null,
            "research_to_sale_ratio": null,
            "price_fair": 1.08,
            "eps_avg_yearly": 0.36,
            "eps_latest_yearly": 0.36,
            "eps_growth_yearly": -341.94
        },
        "20054": {
            "year_quarter": 20054,
            "year": 2005,
            "quarter": 4,
            "eps": 0.34,
            "eps_growth_year": null,
            "eps_4q": -4.96,
            "eps_4q_growth_year": null,
            "roe": 5.74,
            "roe_4q": -69.37,
            "gross_profit": 6763,
            "gross_margin": 2.29,
            "gross_margin_4q_avg": -5.7,
            "net_income": 17124,
            "revenue": 295855,
            "common_shares": 593161,
            "book_valuer_per_share": 4.74,
            "book_valuer_per_share_4q_avg": 5.94,
            "equity": 295375,
            "current_ratio": 117.57,
            "debt_ratio": 71.32,
            "inventory_turnover_ratio": 1.45,
            "account_receivable_turnover_ratio": null,
            "reinvestment_rate": null,
            "research_to_sale_ratio": null,
            "price_fair": 1.08,
            "eps_avg_yearly": 0.36,
            "eps_latest_yearly": 0.36,
            "eps_growth_yearly": -341.94
        },
        "20061": {
            "year_quarter": 20061,
            "year": 2006,
            "quarter": 1,
            "eps": 0.05,
            "eps_growth_year": null,
            "eps_4q": -2.67,
            "eps_4q_growth_year": null,
            "roe": 0.85,
            "roe_4q": -46.67,
            "gross_profit": 41042,
            "gross_margin": 10.81,
            "gross_margin_4q_avg": -1.17,
            "net_income": 2829,
            "revenue": 379547,
            "common_shares": 646658,
            "book_valuer_per_share": 5.73,
            "book_valuer_per_share_4q_avg": 5.39,
            "equity": 370450,
            "current_ratio": 132.74,
            "debt_ratio": 59.58,
            "inventory_turnover_ratio": 1.78,
            "account_receivable_turnover_ratio": null,
            "reinvestment_rate": null,
            "research_to_sale_ratio": null,
            "price_fair": 0.84,
            "eps_avg_yearly": 0.28,
            "eps_latest_yearly": 0.2,
            "eps_growth_yearly": -341.56
        },
        "20062": {
            "year_quarter": 20062,
            "year": 2006,
            "quarter": 2,
            "eps": 0.15,
            "eps_growth_year": null,
            "eps_4q": -0.77,
            "eps_4q_growth_year": null,
            "roe": 2.4,
            "roe_4q": -16.72,
            "gross_profit": 42198,
            "gross_margin": 14.25,
            "gross_margin_4q_avg": 7.5,
            "net_income": 9207,
            "revenue": 296118,
            "common_shares": 646658,
            "book_valuer_per_share": 6.13,
            "book_valuer_per_share_4q_avg": 5.42,
            "equity": 396268,
            "current_ratio": 138.91,
            "debt_ratio": 56.5,
            "inventory_turnover_ratio": 1.38,
            "account_receivable_turnover_ratio": null,
            "reinvestment_rate": null,
            "research_to_sale_ratio": null,
            "price_fair": 13.53,
            "eps_avg_yearly": 0.39,
            "eps_latest_yearly": 0.6,
            "eps_growth_yearly": 38.96
        },
        "20063": {
            "year_quarter": 20063,
            "year": 2006,
            "quarter": 3,
            "eps": 0.4,
            "eps_growth_year": null,
            "eps_4q": 0.88,
            "eps_4q_growth_year": null,
            "roe": 5.87,
            "roe_4q": 14.86,
            "gross_profit": 73681,
            "gross_margin": 20.33,
            "gross_margin_4q_avg": 11.92,
            "net_income": 24438,
            "revenue": 362364,
            "common_shares": 658964,
            "book_valuer_per_share": 6.63,
            "book_valuer_per_share_4q_avg": 5.81,
            "equity": 436898,
            "current_ratio": 152.75,
            "debt_ratio": 53.29,
            "inventory_turnover_ratio": 1.6,
            "account_receivable_turnover_ratio": null,
            "reinvestment_rate": null,
            "research_to_sale_ratio": null,
            "price_fair": 24.15,
            "eps_avg_yearly": 0.69,
            "eps_latest_yearly": 1.6,
            "eps_growth_yearly": 195.89
        },
        "20064": {
            "year_quarter": 20064,
            "year": 2006,
            "quarter": 4,
            "eps": -0.45,
            "eps_growth_year": -232.35,
            "eps_4q": 0.14,
            "eps_4q_growth_year": null,
            "roe": -6.33,
            "roe_4q": 2.79,
            "gross_profit": 33253,
            "gross_margin": 11.96,
            "gross_margin_4q_avg": 14.34,
            "net_income": -27706,
            "revenue": 278080,
            "common_shares": 658963,
            "book_valuer_per_share": 6.65,
            "book_valuer_per_share_4q_avg": 6.29,
            "equity": 438335,
            "current_ratio": 165.1,
            "debt_ratio": 50.32,
            "inventory_turnover_ratio": 1.27,
            "account_receivable_turnover_ratio": null,
            "reinvestment_rate": null,
            "research_to_sale_ratio": null,
            "price_fair": 24.15,
            "eps_avg_yearly": 0.69,
            "eps_latest_yearly": 1.6,
            "eps_growth_yearly": 195.89
        },
        "20071": {
            "year_quarter": 20071,
            "year": 2007,
            "quarter": 1,
            "eps": -0.12,
            "eps_growth_year": -340,
            "eps_4q": -0.03,
            "eps_4q_growth_year": null,
            "roe": -1.77,
            "roe_4q": 0.17000000000000037,
            "gross_profit": 38760,
            "gross_margin": 14.62,
            "gross_margin_4q_avg": 15.29,
            "net_income": -7882,
            "revenue": 265192,
            "common_shares": 696471,
            "book_valuer_per_share": 6.51,
            "book_valuer_per_share_4q_avg": 6.48,
            "equity": 453199,
            "current_ratio": 198.56,
            "debt_ratio": 41.96,
            "inventory_turnover_ratio": 1.21,
            "account_receivable_turnover_ratio": null,
            "reinvestment_rate": null,
            "research_to_sale_ratio": null,
            "price_fair": 24.15,
            "eps_avg_yearly": 0.69,
            "eps_latest_yearly": 1.6,
            "eps_growth_yearly": 195.89
        },
        "20072": {
            "year_quarter": 20072,
            "year": 2007,
            "quarter": 2,
            "eps": -0.35,
            "eps_growth_year": -333.33,
            "eps_4q": -0.51,
            "eps_4q_growth_year": null,
            "roe": -5.32,
            "roe_4q": -7.55,
            "gross_profit": 45672,
            "gross_margin": 9.16,
            "gross_margin_4q_avg": 14.02,
            "net_income": -24266,
            "revenue": 498426,
            "common_shares": 696471,
            "book_valuer_per_share": 6.58,
            "book_valuer_per_share_4q_avg": 6.59,
            "equity": 458203,
            "current_ratio": 162.51,
            "debt_ratio": 54.63,
            "inventory_turnover_ratio": 2.74,
            "account_receivable_turnover_ratio": null,
            "reinvestment_rate": null,
            "research_to_sale_ratio": null,
            "price_fair": 24.15,
            "eps_avg_yearly": 0.69,
            "eps_latest_yearly": 1.6,
            "eps_growth_yearly": 195.89
        },
        "20073": {
            "year_quarter": 20073,
            "year": 2007,
            "quarter": 3,
            "eps": 0.29,
            "eps_growth_year": -27.5,
            "eps_4q": -0.55,
            "eps_4q_growth_year": -163.22,
            "roe": 4.38,
            "roe_4q": -9.040000000000001,
            "gross_profit": 92003,
            "gross_margin": 17.01,
            "gross_margin_4q_avg": 13.19,
            "net_income": 20550,
            "revenue": 540972,
            "common_shares": 696471,
            "book_valuer_per_share": 6.91,
            "book_valuer_per_share_4q_avg": 6.66,
            "equity": 480956,
            "current_ratio": 160.48,
            "debt_ratio": 53.71,
            "inventory_turnover_ratio": 2.44,
            "account_receivable_turnover_ratio": null,
            "reinvestment_rate": null,
            "research_to_sale_ratio": null,
            "price_fair": 28,
            "eps_avg_yearly": 0.8,
            "eps_latest_yearly": 1.6,
            "eps_growth_yearly": 375.16
        },
        "20074": {
            "year_quarter": 20074,
            "year": 2007,
            "quarter": 4,
            "eps": -1.09,
            "eps_growth_year": null,
            "eps_4q": -1.26,
            "eps_4q_growth_year": -1008.83,
            "roe": -16.58,
            "roe_4q": -19.29,
            "gross_profit": 38505,
            "gross_margin": 9.04,
            "gross_margin_4q_avg": 12.46,
            "net_income": -76009,
            "revenue": 426106,
            "common_shares": 714028,
            "book_valuer_per_share": 5.69,
            "book_valuer_per_share_4q_avg": 6.42,
            "equity": 435918,
            "current_ratio": 206.77,
            "debt_ratio": 66.31,
            "inventory_turnover_ratio": 1.59,
            "account_receivable_turnover_ratio": null,
            "reinvestment_rate": null,
            "research_to_sale_ratio": null,
            "price_fair": 28,
            "eps_avg_yearly": 0.8,
            "eps_latest_yearly": 1.6,
            "eps_growth_yearly": 375.16
        },
        "20081": {
            "year_quarter": 20081,
            "year": 2008,
            "quarter": 1,
            "eps": -0.63,
            "eps_growth_year": null,
            "eps_4q": -1.75,
            "eps_4q_growth_year": null,
            "roe": -11.23,
            "roe_4q": -28.75,
            "gross_profit": 78808,
            "gross_margin": 11.2,
            "gross_margin_4q_avg": 11.6,
            "net_income": -44926,
            "revenue": 703447,
            "common_shares": 714028,
            "book_valuer_per_share": 5.1,
            "book_valuer_per_share_4q_avg": 6.07,
            "equity": 363866,
            "current_ratio": 173.05,
            "debt_ratio": 74.98,
            "inventory_turnover_ratio": 2.34,
            "account_receivable_turnover_ratio": null,
            "reinvestment_rate": null,
            "research_to_sale_ratio": null,
            "price_fair": 28,
            "eps_avg_yearly": 0.8,
            "eps_latest_yearly": 1.6,
            "eps_growth_yearly": 375.16
        },
        "20082": {
            "year_quarter": 20082,
            "year": 2008,
            "quarter": 2,
            "eps": 0.56,
            "eps_growth_year": null,
            "eps_4q": -0.84,
            "eps_4q_growth_year": null,
            "roe": 10.5,
            "roe_4q": -12.93,
            "gross_profit": 51640,
            "gross_margin": 11.7,
            "gross_margin_4q_avg": 12.24,
            "net_income": 40303,
            "revenue": 441495,
            "common_shares": 720688,
            "book_valuer_per_share": 5.6,
            "book_valuer_per_share_4q_avg": 5.83,
            "equity": 403915,
            "current_ratio": 185.09,
            "debt_ratio": 67.09,
            "inventory_turnover_ratio": 2.27,
            "account_receivable_turnover_ratio": null,
            "reinvestment_rate": null,
            "research_to_sale_ratio": null,
            "price_fair": 28,
            "eps_avg_yearly": 0.8,
            "eps_latest_yearly": 1.6,
            "eps_growth_yearly": 375.16
        },
        "20083": {
            "year_quarter": 20083,
            "year": 2008,
            "quarter": 3,
            "eps": -1.27,
            "eps_growth_year": -537.93,
            "eps_4q": -2.39,
            "eps_4q_growth_year": null,
            "roe": -25.4,
            "roe_4q": -42.709999999999994,
            "gross_profit": -10474,
            "gross_margin": -8.17,
            "gross_margin_4q_avg": 5.94,
            "net_income": -91072,
            "revenue": 128265,
            "common_shares": 720688,
            "book_valuer_per_share": 4.34,
            "book_valuer_per_share_4q_avg": 5.18,
            "equity": 313173,
            "current_ratio": 404.48,
            "debt_ratio": 59.02,
            "inventory_turnover_ratio": 2.38,
            "account_receivable_turnover_ratio": null,
            "reinvestment_rate": null,
            "research_to_sale_ratio": null,
            "price_fair": 28,
            "eps_avg_yearly": 0.8,
            "eps_latest_yearly": 1.6,
            "eps_growth_yearly": 375.16
        },
        "20084": {
            "year_quarter": 20084,
            "year": 2008,
            "quarter": 4,
            "eps": -1.6,
            "eps_growth_year": null,
            "eps_4q": -2.94,
            "eps_4q_growth_year": null,
            "roe": -45.08,
            "roe_4q": -71.21,
            "gross_profit": -17831,
            "gross_margin": -33.01,
            "gross_margin_4q_avg": -4.57,
            "net_income": -115383,
            "revenue": 54014,
            "common_shares": 720688,
            "book_valuer_per_share": 2.76,
            "book_valuer_per_share_4q_avg": 4.45,
            "equity": 198787,
            "current_ratio": 581.9,
            "debt_ratio": 63.45,
            "inventory_turnover_ratio": 5.59,
            "account_receivable_turnover_ratio": 1.04,
            "reinvestment_rate": null,
            "research_to_sale_ratio": null,
            "price_fair": 28,
            "eps_avg_yearly": 0.8,
            "eps_latest_yearly": 1.6,
            "eps_growth_yearly": 375.16
        },
        "20091": {
            "year_quarter": 20091,
            "year": 2009,
            "quarter": 1,
            "eps": -0.04,
            "eps_growth_year": null,
            "eps_4q": -2.34,
            "eps_4q_growth_year": null,
            "roe": -1.44,
            "roe_4q": -61.41999999999999,
            "gross_profit": 6009,
            "gross_margin": 6.03,
            "gross_margin_4q_avg": -5.86,
            "net_income": -2859,
            "revenue": 99653,
            "common_shares": 720688,
            "book_valuer_per_share": 2.76,
            "book_valuer_per_share_4q_avg": 3.87,
            "equity": 199215,
            "current_ratio": 667.55,
            "debt_ratio": 64.19,
            "inventory_turnover_ratio": 203.8,
            "account_receivable_turnover_ratio": 1.93,
            "reinvestment_rate": null,
            "research_to_sale_ratio": null,
            "price_fair": 28,
            "eps_avg_yearly": 0.8,
            "eps_latest_yearly": 1.6,
            "eps_growth_yearly": 375.16
        },
        "20092": {
            "year_quarter": 20092,
            "year": 2009,
            "quarter": 2,
            "eps": 0.22,
            "eps_growth_year": -60.71,
            "eps_4q": -2.7,
            "eps_4q_growth_year": null,
            "roe": 7.59,
            "roe_4q": -64.33,
            "gross_profit": 5745,
            "gross_margin": 4.02,
            "gross_margin_4q_avg": -7.78,
            "net_income": 15723,
            "revenue": 143029,
            "common_shares": 720688,
            "book_valuer_per_share": 2.99,
            "book_valuer_per_share_4q_avg": 3.21,
            "equity": 215104,
            "current_ratio": 1666.34,
            "debt_ratio": 60.93,
            "inventory_turnover_ratio": null,
            "account_receivable_turnover_ratio": 1.62,
            "reinvestment_rate": null,
            "research_to_sale_ratio": null,
            "price_fair": 28,
            "eps_avg_yearly": 0.8,
            "eps_latest_yearly": 1.6,
            "eps_growth_yearly": 375.16
        },
        "20093": {
            "year_quarter": 20093,
            "year": 2009,
            "quarter": 3,
            "eps": 0.01,
            "eps_growth_year": null,
            "eps_4q": -5.05,
            "eps_4q_growth_year": null,
            "roe": 0.16,
            "roe_4q": -38.769999999999996,
            "gross_profit": 11971,
            "gross_margin": 5.13,
            "gross_margin_4q_avg": -4.46,
            "net_income": 335,
            "revenue": 233386,
            "common_shares": 201793,
            "book_valuer_per_share": 10.67,
            "book_valuer_per_share_4q_avg": 4.8,
            "equity": 215373,
            "current_ratio": 1784.22,
            "debt_ratio": 61.98,
            "inventory_turnover_ratio": 109.88,
            "account_receivable_turnover_ratio": 2.94,
            "reinvestment_rate": null,
            "research_to_sale_ratio": null,
            "price_fair": 21.35,
            "eps_avg_yearly": 0.61,
            "eps_latest_yearly": 0.04,
            "eps_growth_yearly": 185.92
        },
        "20094": {
            "year_quarter": 20094,
            "year": 2009,
            "quarter": 4,
            "eps": -0.57,
            "eps_growth_year": null,
            "eps_4q": 0.09,
            "eps_4q_growth_year": null,
            "roe": -5.46,
            "roe_4q": 0.8500000000000001,
            "gross_profit": 7092,
            "gross_margin": 3.64,
            "gross_margin_4q_avg": 4.71,
            "net_income": -11434,
            "revenue": 195063,
            "common_shares": 201793,
            "book_valuer_per_share": 10.1,
            "book_valuer_per_share_4q_avg": 6.63,
            "equity": 203767,
            "current_ratio": 161.55,
            "debt_ratio": 61.83,
            "inventory_turnover_ratio": 93.29,
            "account_receivable_turnover_ratio": 2.15,
            "reinvestment_rate": null,
            "research_to_sale_ratio": null,
            "price_fair": 21.35,
            "eps_avg_yearly": 0.61,
            "eps_latest_yearly": 0.04,
            "eps_growth_yearly": 185.92
        },
        "20101": {
            "year_quarter": 20101,
            "year": 2010,
            "quarter": 1,
            "eps": 0.2,
            "eps_growth_year": null,
            "eps_4q": 0.42,
            "eps_4q_growth_year": null,
            "roe": 1.91,
            "roe_4q": 4.2,
            "gross_profit": 2385,
            "gross_margin": 3.45,
            "gross_margin_4q_avg": 4.06,
            "net_income": 3935,
            "revenue": 69222,
            "common_shares": 201793,
            "book_valuer_per_share": 10.29,
            "book_valuer_per_share_4q_avg": 8.51,
            "equity": 207703,
            "current_ratio": 161.15,
            "debt_ratio": 61.99,
            "inventory_turnover_ratio": 0.99,
            "account_receivable_turnover_ratio": 0.59,
            "reinvestment_rate": null,
            "research_to_sale_ratio": null,
            "price_fair": 26.13,
            "eps_avg_yearly": 0.75,
            "eps_latest_yearly": 0.04,
            "eps_growth_yearly": 361.62
        },
        "20102": {
            "year_quarter": 20102,
            "year": 2010,
            "quarter": 2,
            "eps": 1.59,
            "eps_growth_year": 622.6,
            "eps_4q": 1.25,
            "eps_4q_growth_year": null,
            "roe": 14.36,
            "roe_4q": 10.969999999999999,
            "gross_profit": -3481,
            "gross_margin": -83.02,
            "gross_margin_4q_avg": -17.7,
            "net_income": 33669,
            "revenue": 4193,
            "common_shares": 211793,
            "book_valuer_per_share": 12.34,
            "book_valuer_per_share_4q_avg": 10.85,
            "equity": 261371,
            "current_ratio": 178.32,
            "debt_ratio": 56.03,
            "inventory_turnover_ratio": 0.05,
            "account_receivable_turnover_ratio": 0.14,
            "reinvestment_rate": null,
            "research_to_sale_ratio": null,
            "price_fair": 93.33,
            "eps_avg_yearly": 2.67,
            "eps_latest_yearly": 6.36,
            "eps_growth_yearly": 1021.62
        },
        "20103": {
            "year_quarter": 20103,
            "year": 2010,
            "quarter": 3,
            "eps": -0.18,
            "eps_growth_year": -1941.89,
            "eps_4q": 1.05,
            "eps_4q_growth_year": null,
            "roe": -1.5,
            "roe_4q": 9.309999999999999,
            "gross_profit": 2193,
            "gross_margin": 6.66,
            "gross_margin_4q_avg": -17.32,
            "net_income": -3901,
            "revenue": 32945,
            "common_shares": 211793,
            "book_valuer_per_share": 12.16,
            "book_valuer_per_share_4q_avg": 11.22,
            "equity": 257471,
            "current_ratio": 176.68,
            "debt_ratio": 56.54,
            "inventory_turnover_ratio": 0.19,
            "account_receivable_turnover_ratio": 2.03,
            "reinvestment_rate": null,
            "research_to_sale_ratio": null,
            "price_fair": 112,
            "eps_avg_yearly": 3.2,
            "eps_latest_yearly": 6.36,
            "eps_growth_yearly": 1199.09
        },
        "20104": {
            "year_quarter": 20104,
            "year": 2010,
            "quarter": 4,
            "eps": -2.23,
            "eps_growth_year": null,
            "eps_4q": -0.64,
            "eps_4q_growth_year": -834.43,
            "roe": -20.23,
            "roe_4q": -5.460000000000001,
            "gross_profit": -14331,
            "gross_margin": -52.78,
            "gross_margin_4q_avg": -31.42,
            "net_income": -47308,
            "revenue": 27152,
            "common_shares": 211793,
            "book_valuer_per_share": 9.92,
            "book_valuer_per_share_4q_avg": 11.18,
            "equity": 210162,
            "current_ratio": 1524.69,
            "debt_ratio": 6.55,
            "inventory_turnover_ratio": 0.27,
            "account_receivable_turnover_ratio": 1.45,
            "reinvestment_rate": null,
            "research_to_sale_ratio": null,
            "price_fair": 112,
            "eps_avg_yearly": 3.2,
            "eps_latest_yearly": 6.36,
            "eps_growth_yearly": 1199.09
        },
        "20111": {
            "year_quarter": 20111,
            "year": 2011,
            "quarter": 1,
            "eps": -0.07,
            "eps_growth_year": -135,
            "eps_4q": -0.65,
            "eps_4q_growth_year": -252.53,
            "roe": -0.72,
            "roe_4q": -8.09,
            "gross_profit": 241,
            "gross_margin": 100,
            "gross_margin_4q_avg": -7.29,
            "net_income": -1943,
            "revenue": 241,
            "common_shares": 301793,
            "book_valuer_per_share": 10.98,
            "book_valuer_per_share_4q_avg": 11.35,
            "equity": 331519,
            "current_ratio": 3337.56,
            "debt_ratio": 2.99,
            "inventory_turnover_ratio": 0,
            "account_receivable_turnover_ratio": 0,
            "reinvestment_rate": null,
            "research_to_sale_ratio": null,
            "price_fair": 112,
            "eps_avg_yearly": 3.2,
            "eps_latest_yearly": 6.36,
            "eps_growth_yearly": 1199.09
        },
        "20112": {
            "year_quarter": 20112,
            "year": 2011,
            "quarter": 2,
            "eps": -0.13,
            "eps_growth_year": -107.98,
            "eps_4q": -1.89,
            "eps_4q_growth_year": -251.06,
            "roe": -1.16,
            "roe_4q": -23.61,
            "gross_profit": 601,
            "gross_margin": 76.27,
            "gross_margin_4q_avg": 32.54,
            "net_income": -3828,
            "revenue": 788,
            "common_shares": 301793,
            "book_valuer_per_share": 10.86,
            "book_valuer_per_share_4q_avg": 10.98,
            "equity": 327691,
            "current_ratio": 1239.78,
            "debt_ratio": 8.05,
            "inventory_turnover_ratio": null,
            "account_receivable_turnover_ratio": 0.01,
            "reinvestment_rate": null,
            "research_to_sale_ratio": null,
            "price_fair": 112,
            "eps_avg_yearly": 3.2,
            "eps_latest_yearly": 6.36,
            "eps_growth_yearly": 1199.09
        },
        "20113": {
            "year_quarter": 20113,
            "year": 2011,
            "quarter": 3,
            "eps": -0.04,
            "eps_growth_year": null,
            "eps_4q": -1.09,
            "eps_4q_growth_year": -204.13,
            "roe": -0.42,
            "roe_4q": -22.53,
            "gross_profit": 1,
            "gross_margin": 1.64,
            "gross_margin_4q_avg": 31.28,
            "net_income": -1863,
            "revenue": 61,
            "common_shares": 501793,
            "book_valuer_per_share": 11.12,
            "book_valuer_per_share_4q_avg": 10.72,
            "equity": 557828,
            "current_ratio": 2032.77,
            "debt_ratio": 4.91,
            "inventory_turnover_ratio": 0,
            "account_receivable_turnover_ratio": 0.01,
            "reinvestment_rate": null,
            "research_to_sale_ratio": null,
            "price_fair": 112,
            "eps_avg_yearly": 3.2,
            "eps_latest_yearly": 6.36,
            "eps_growth_yearly": 1199.09
        },
        "20114": {
            "year_quarter": 20114,
            "year": 2011,
            "quarter": 4,
            "eps": 0.39,
            "eps_growth_year": null,
            "eps_4q": 0.24,
            "eps_4q_growth_year": null,
            "roe": 3.45,
            "roe_4q": 1.1500000000000004,
            "gross_profit": 2234,
            "gross_margin": 3.23,
            "gross_margin_4q_avg": 45.29,
            "net_income": 19555,
            "revenue": 69065,
            "common_shares": 501793,
            "book_valuer_per_share": 11.51,
            "book_valuer_per_share_4q_avg": 11.12,
            "equity": 577383,
            "current_ratio": 15658.76,
            "debt_ratio": 54.7,
            "inventory_turnover_ratio": 0.08,
            "account_receivable_turnover_ratio": 6.79,
            "reinvestment_rate": null,
            "research_to_sale_ratio": null,
            "price_fair": 112,
            "eps_avg_yearly": 3.2,
            "eps_latest_yearly": 6.36,
            "eps_growth_yearly": 1199.09
        },
        "20121": {
            "year_quarter": 20121,
            "year": 2012,
            "quarter": 1,
            "eps": -0.09,
            "eps_growth_year": null,
            "eps_4q": 0.19,
            "eps_4q_growth_year": null,
            "roe": -0.74,
            "roe_4q": 1.1300000000000001,
            "gross_profit": 28,
            "gross_margin": 7.12,
            "gross_margin_4q_avg": 22.07,
            "net_income": -4267,
            "revenue": 393,
            "common_shares": 501793,
            "book_valuer_per_share": 11.42,
            "book_valuer_per_share_4q_avg": 11.23,
            "equity": 573115,
            "current_ratio": 4055.2,
            "debt_ratio": 59.04,
            "inventory_turnover_ratio": 0,
            "account_receivable_turnover_ratio": 0.02,
            "reinvestment_rate": null,
            "research_to_sale_ratio": null,
            "price_fair": 112,
            "eps_avg_yearly": 3.2,
            "eps_latest_yearly": 6.36,
            "eps_growth_yearly": 1199.09
        },
        "20122": {
            "year_quarter": 20122,
            "year": 2012,
            "quarter": 2,
            "eps": -0.11,
            "eps_growth_year": null,
            "eps_4q": 0.13,
            "eps_4q_growth_year": null,
            "roe": -0.99,
            "roe_4q": 1.3000000000000003,
            "gross_profit": 28,
            "gross_margin": 7.55,
            "gross_margin_4q_avg": 4.89,
            "net_income": -6133,
            "revenue": 371,
            "common_shares": 571793,
            "book_valuer_per_share": 11.61,
            "book_valuer_per_share_4q_avg": 11.42,
            "equity": 663583,
            "current_ratio": 753.79,
            "debt_ratio": 68.34,
            "inventory_turnover_ratio": 0,
            "account_receivable_turnover_ratio": 0.02,
            "reinvestment_rate": null,
            "research_to_sale_ratio": null,
            "price_fair": 112,
            "eps_avg_yearly": 3.2,
            "eps_latest_yearly": 6.36,
            "eps_growth_yearly": 1199.09
        },
        "20123": {
            "year_quarter": 20123,
            "year": 2012,
            "quarter": 3,
            "eps": -0.12,
            "eps_growth_year": null,
            "eps_4q": 0.04,
            "eps_4q_growth_year": null,
            "roe": -1.01,
            "roe_4q": 0.71,
            "gross_profit": 7,
            "gross_margin": 7.14,
            "gross_margin_4q_avg": 6.26,
            "net_income": -6669,
            "revenue": 98,
            "common_shares": 571793,
            "book_valuer_per_share": 11.49,
            "book_valuer_per_share_4q_avg": 11.51,
            "equity": 656914,
            "current_ratio": 604.35,
            "debt_ratio": 70.08,
            "inventory_turnover_ratio": 0,
            "account_receivable_turnover_ratio": 0.01,
            "reinvestment_rate": null,
            "research_to_sale_ratio": null,
            "price_fair": 112,
            "eps_avg_yearly": 3.2,
            "eps_latest_yearly": 6.36,
            "eps_growth_yearly": 1199.09
        },
        "20124": {
            "year_quarter": 20124,
            "year": 2012,
            "quarter": 4,
            "eps": 1.8,
            "eps_growth_year": 361.12,
            "eps_4q": 1.5,
            "eps_4q_growth_year": 530.77,
            "roe": 14.51,
            "roe_4q": 11.77,
            "gross_profit": 140734,
            "gross_margin": 28.13,
            "gross_margin_4q_avg": 12.49,
            "net_income": 102752,
            "revenue": 500318,
            "common_shares": 571793,
            "book_valuer_per_share": 13.29,
            "book_valuer_per_share_4q_avg": 11.95,
            "equity": 759666,
            "current_ratio": 142.6,
            "debt_ratio": 70.04,
            "inventory_turnover_ratio": 0.17,
            "account_receivable_turnover_ratio": 85.39,
            "reinvestment_rate": -0.1,
            "research_to_sale_ratio": null,
            "price_fair": 112,
            "eps_avg_yearly": 3.2,
            "eps_latest_yearly": 6.36,
            "eps_growth_yearly": 1199.09
        },
        "20131": {
            "year_quarter": 20131,
            "year": 2013,
            "quarter": 1,
            "eps": -0.38,
            "eps_growth_year": null,
            "eps_4q": 1.2,
            "eps_4q_growth_year": 525.81,
            "roe": -3.3,
            "roe_4q": 9.21,
            "gross_profit": 0,
            "gross_margin": null,
            "gross_margin_4q_avg": 10.71,
            "net_income": -21513,
            "revenue": 0,
            "common_shares": 571793,
            "book_valuer_per_share": 9.52,
            "book_valuer_per_share_4q_avg": 11.48,
            "equity": 544322,
            "current_ratio": 125.14,
            "debt_ratio": 79.18,
            "inventory_turnover_ratio": 0,
            "account_receivable_turnover_ratio": 0,
            "reinvestment_rate": 4.67,
            "research_to_sale_ratio": null,
            "price_fair": 112,
            "eps_avg_yearly": 3.2,
            "eps_latest_yearly": 6.36,
            "eps_growth_yearly": 1199.09
        },
        "20132": {
            "year_quarter": 20132,
            "year": 2013,
            "quarter": 2,
            "eps": -0.38,
            "eps_growth_year": null,
            "eps_4q": 0.92,
            "eps_4q_growth_year": 621.47,
            "roe": -4.35,
            "roe_4q": 5.8500000000000005,
            "gross_profit": 0,
            "gross_margin": null,
            "gross_margin_4q_avg": 8.82,
            "net_income": -21960,
            "revenue": 0,
            "common_shares": 571793,
            "book_valuer_per_share": 8.14,
            "book_valuer_per_share_4q_avg": 10.61,
            "equity": 465183,
            "current_ratio": 116.12,
            "debt_ratio": 85.48,
            "inventory_turnover_ratio": 0,
            "account_receivable_turnover_ratio": 0,
            "reinvestment_rate": 10.13,
            "research_to_sale_ratio": null,
            "price_fair": 112,
            "eps_avg_yearly": 3.2,
            "eps_latest_yearly": 6.36,
            "eps_growth_yearly": 1199.09
        },
        "20133": {
            "year_quarter": 20133,
            "year": 2013,
            "quarter": 3,
            "eps": -0.24,
            "eps_growth_year": null,
            "eps_4q": 0.69,
            "eps_4q_growth_year": 1477.39,
            "roe": -2.57,
            "roe_4q": 4.290000000000001,
            "gross_profit": 0,
            "gross_margin": null,
            "gross_margin_4q_avg": 7.03,
            "net_income": -14579,
            "revenue": 0,
            "common_shares": 651793,
            "book_valuer_per_share": 10.24,
            "book_valuer_per_share_4q_avg": 10.3,
            "equity": 667534,
            "current_ratio": 117.22,
            "debt_ratio": 84.85,
            "inventory_turnover_ratio": 0,
            "account_receivable_turnover_ratio": 0,
            "reinvestment_rate": 20.25,
            "research_to_sale_ratio": null,
            "price_fair": 222.6,
            "eps_avg_yearly": 6.36,
            "eps_latest_yearly": 6.36,
            "eps_growth_yearly": 2780
        },
        "20134": {
            "year_quarter": 20134,
            "year": 2013,
            "quarter": 4,
            "eps": 6.91,
            "eps_growth_year": 284.39,
            "eps_4q": 6.02,
            "eps_4q_growth_year": 301.53,
            "roe": 50.44,
            "roe_4q": 40.22,
            "gross_profit": 523631,
            "gross_margin": 27.92,
            "gross_margin_4q_avg": 6.98,
            "net_income": 450230,
            "revenue": 1875299,
            "common_shares": 651793,
            "book_valuer_per_share": 17.15,
            "book_valuer_per_share_4q_avg": 11.26,
            "equity": 1117764,
            "current_ratio": 139.04,
            "debt_ratio": 71.7,
            "inventory_turnover_ratio": 0.36,
            "account_receivable_turnover_ratio": 37.02,
            "reinvestment_rate": 0.59,
            "research_to_sale_ratio": null,
            "price_fair": 222.6,
            "eps_avg_yearly": 6.36,
            "eps_latest_yearly": 6.36,
            "eps_growth_yearly": 2780
        },
        "20141": {
            "year_quarter": 20141,
            "year": 2014,
            "quarter": 1,
            "eps": 1.14,
            "eps_growth_year": null,
            "eps_4q": 7.49,
            "eps_4q_growth_year": 525.43,
            "roe": 6.43,
            "roe_4q": 49.949999999999996,
            "gross_profit": 92422,
            "gross_margin": 26.78,
            "gross_margin_4q_avg": 13.68,
            "net_income": 74220,
            "revenue": 345084,
            "common_shares": 651793,
            "book_valuer_per_share": 18.29,
            "book_valuer_per_share_4q_avg": 13.46,
            "equity": 1191984,
            "current_ratio": 143.17,
            "debt_ratio": 69.59,
            "inventory_turnover_ratio": 0.07,
            "account_receivable_turnover_ratio": 8.39,
            "reinvestment_rate": 0.62,
            "research_to_sale_ratio": null,
            "price_fair": 191.1,
            "eps_avg_yearly": 5.46,
            "eps_latest_yearly": 4.56,
            "eps_growth_yearly": 1223
        },
        "20142": {
            "year_quarter": 20142,
            "year": 2014,
            "quarter": 2,
            "eps": 0.35,
            "eps_growth_year": null,
            "eps_4q": 8.18,
            "eps_4q_growth_year": 788.59,
            "roe": 2.08,
            "roe_4q": 56.379999999999995,
            "gross_profit": 42793,
            "gross_margin": 25.98,
            "gross_margin_4q_avg": 20.17,
            "net_income": 23024,
            "revenue": 164689,
            "common_shares": 651793,
            "book_valuer_per_share": 15.64,
            "book_valuer_per_share_4q_avg": 15.33,
            "equity": 1019470,
            "current_ratio": 130.57,
            "debt_ratio": 76.32,
            "inventory_turnover_ratio": 0.03,
            "account_receivable_turnover_ratio": 12.09,
            "reinvestment_rate": 0.6,
            "research_to_sale_ratio": null,
            "price_fair": 8.94,
            "eps_avg_yearly": 2.98,
            "eps_latest_yearly": 1.4,
            "eps_growth_yearly": -305.6
        },
        "20143": {
            "year_quarter": 20143,
            "year": 2014,
            "quarter": 3,
            "eps": -0.31,
            "eps_growth_year": null,
            "eps_4q": 8.09,
            "eps_4q_growth_year": 1079.03,
            "roe": -2.03,
            "roe_4q": 56.92,
            "gross_profit": 0,
            "gross_margin": null,
            "gross_margin_4q_avg": 20.17,
            "net_income": -20448,
            "revenue": 0,
            "common_shares": 651793,
            "book_valuer_per_share": 15.33,
            "book_valuer_per_share_4q_avg": 16.6,
            "equity": 999022,
            "current_ratio": 126.36,
            "debt_ratio": 78.48,
            "inventory_turnover_ratio": 0,
            "account_receivable_turnover_ratio": 0,
            "reinvestment_rate": 0.58,
            "research_to_sale_ratio": null,
            "price_fair": 8.94,
            "eps_avg_yearly": 2.98,
            "eps_latest_yearly": 1.4,
            "eps_growth_yearly": -305.6
        },
        "20144": {
            "year_quarter": 20144,
            "year": 2014,
            "quarter": 4,
            "eps": 2.2,
            "eps_growth_year": -68.08,
            "eps_4q": 3.41,
            "eps_4q_growth_year": -43.27,
            "roe": 13.39,
            "roe_4q": 19.87,
            "gross_profit": 214570,
            "gross_margin": 34.53,
            "gross_margin_4q_avg": 21.82,
            "net_income": 140040,
            "revenue": 621490,
            "common_shares": 651793,
            "book_valuer_per_share": 17.2,
            "book_valuer_per_share_4q_avg": 16.62,
            "equity": 1092348,
            "current_ratio": 129.16,
            "debt_ratio": 76.81,
            "inventory_turnover_ratio": 0.1,
            "account_receivable_turnover_ratio": 30.96,
            "reinvestment_rate": 0.4,
            "research_to_sale_ratio": null,
            "price_fair": 8.94,
            "eps_avg_yearly": 2.98,
            "eps_latest_yearly": 1.4,
            "eps_growth_yearly": -305.6
        },
        "20151": {
            "year_quarter": 20151,
            "year": 2015,
            "quarter": 1,
            "eps": 1.34,
            "eps_growth_year": 17.54,
            "eps_4q": 3.59,
            "eps_4q_growth_year": -52.09,
            "roe": 7.51,
            "roe_4q": 20.949999999999996,
            "gross_profit": 134064,
            "gross_margin": 36.52,
            "gross_margin_4q_avg": 24.26,
            "net_income": 85225,
            "revenue": 367115,
            "common_shares": 651793,
            "book_valuer_per_share": 18.54,
            "book_valuer_per_share_4q_avg": 16.68,
            "equity": 1177573,
            "current_ratio": 133.9,
            "debt_ratio": 74.08,
            "inventory_turnover_ratio": 0.06,
            "account_receivable_turnover_ratio": 12.94,
            "reinvestment_rate": 0.33,
            "research_to_sale_ratio": null,
            "price_fair": 11.32,
            "eps_avg_yearly": 3.77,
            "eps_latest_yearly": 5.36,
            "eps_growth_yearly": -255.86
        },
        "20152": {
            "year_quarter": 20152,
            "year": 2015,
            "quarter": 2,
            "eps": 0.25,
            "eps_growth_year": -28.57,
            "eps_4q": 3.31,
            "eps_4q_growth_year": -59.52,
            "roe": 1.44,
            "roe_4q": 20.31,
            "gross_profit": 40602,
            "gross_margin": 37.28,
            "gross_margin_4q_avg": 27.08,
            "net_income": 15914,
            "revenue": 108917,
            "common_shares": 651793,
            "book_valuer_per_share": 16.29,
            "book_valuer_per_share_4q_avg": 16.84,
            "equity": 1034679,
            "current_ratio": 126.93,
            "debt_ratio": 78.2,
            "inventory_turnover_ratio": 0.02,
            "account_receivable_turnover_ratio": 4.67,
            "reinvestment_rate": 0.3,
            "research_to_sale_ratio": null,
            "price_fair": 9.24,
            "eps_avg_yearly": 3.08,
            "eps_latest_yearly": 1,
            "eps_growth_yearly": -273.23
        },
        "20153": {
            "year_quarter": 20153,
            "year": 2015,
            "quarter": 3,
            "eps": -0.32,
            "eps_growth_year": null,
            "eps_4q": 3.3,
            "eps_4q_growth_year": -59.2,
            "roe": -2.07,
            "roe_4q": 20.27,
            "gross_profit": 68,
            "gross_margin": 0.66,
            "gross_margin_4q_avg": 27.25,
            "net_income": -21162,
            "revenue": 10339,
            "common_shares": 651793,
            "book_valuer_per_share": 15.96,
            "book_valuer_per_share_4q_avg": 17,
            "equity": 1013517,
            "current_ratio": 124.12,
            "debt_ratio": 79.52,
            "inventory_turnover_ratio": 0,
            "account_receivable_turnover_ratio": 0.68,
            "reinvestment_rate": 0.25,
            "research_to_sale_ratio": null,
            "price_fair": 9.24,
            "eps_avg_yearly": 3.08,
            "eps_latest_yearly": 1,
            "eps_growth_yearly": -273.23
        },
        "20154": {
            "year_quarter": 20154,
            "year": 2015,
            "quarter": 4,
            "eps": 5.24,
            "eps_growth_year": 137.73,
            "eps_4q": 6.44,
            "eps_4q_growth_year": 88.66,
            "roe": 29.42,
            "roe_4q": 36.300000000000004,
            "gross_profit": 488193,
            "gross_margin": 39.33,
            "gross_margin_4q_avg": 28.45,
            "net_income": 349568,
            "revenue": 1241314,
            "common_shares": 683555,
            "book_valuer_per_share": 20.44,
            "book_valuer_per_share_4q_avg": 17.81,
            "equity": 1363085,
            "current_ratio": 134.49,
            "debt_ratio": 72.47,
            "inventory_turnover_ratio": 0.18,
            "account_receivable_turnover_ratio": 9.57,
            "reinvestment_rate": 5.5,
            "research_to_sale_ratio": null,
            "price_fair": 9.24,
            "eps_avg_yearly": 3.08,
            "eps_latest_yearly": 1,
            "eps_growth_yearly": -273.23
        },
        "20161": {
            "year_quarter": 20161,
            "year": 2016,
            "quarter": 1,
            "eps": 0.76,
            "eps_growth_year": -43.28,
            "eps_4q": 5.92,
            "eps_4q_growth_year": 65.01,
            "roe": 3.63,
            "roe_4q": 32.42,
            "gross_profit": 83594,
            "gross_margin": 35.47,
            "gross_margin_4q_avg": 28.19,
            "net_income": 50447,
            "revenue": 235660,
            "common_shares": 683555,
            "book_valuer_per_share": 21.19,
            "book_valuer_per_share_4q_avg": 18.47,
            "equity": 1413532,
            "current_ratio": 157.45,
            "debt_ratio": 69.44,
            "inventory_turnover_ratio": 0.04,
            "account_receivable_turnover_ratio": 1.58,
            "reinvestment_rate": 5.23,
            "research_to_sale_ratio": null,
            "price_fair": 9.22,
            "eps_avg_yearly": 3.07,
            "eps_latest_yearly": 3.04,
            "eps_growth_yearly": -286.98
        },
        "20162": {
            "year_quarter": 20162,
            "year": 2016,
            "quarter": 2,
            "eps": 0.44,
            "eps_growth_year": 76,
            "eps_4q": 5.82,
            "eps_4q_growth_year": 75.98,
            "roe": 2.18,
            "roe_4q": 33.160000000000004,
            "gross_profit": 77926,
            "gross_margin": 36.68,
            "gross_margin_4q_avg": 28.04,
            "net_income": 29015,
            "revenue": 212432,
            "common_shares": 683555,
            "book_valuer_per_share": 18.63,
            "book_valuer_per_share_4q_avg": 19.06,
            "equity": 1242449,
            "current_ratio": 145.39,
            "debt_ratio": 72.75,
            "inventory_turnover_ratio": 0.03,
            "account_receivable_turnover_ratio": 4.13,
            "reinvestment_rate": 5.17,
            "research_to_sale_ratio": null,
            "price_fair": 8.56,
            "eps_avg_yearly": 2.85,
            "eps_latest_yearly": 1.76,
            "eps_growth_yearly": -267.22
        },
        "20163": {
            "year_quarter": 20163,
            "year": 2016,
            "quarter": 3,
            "eps": 2.27,
            "eps_growth_year": null,
            "eps_4q": 8.39,
            "eps_4q_growth_year": 154.44,
            "roe": 12.01,
            "roe_4q": 47.24,
            "gross_profit": 253854,
            "gross_margin": 21.65,
            "gross_margin_4q_avg": 33.28,
            "net_income": 158774,
            "revenue": 1172765,
            "common_shares": 716904,
            "book_valuer_per_share": 20.01,
            "book_valuer_per_share_4q_avg": 20.07,
            "equity": 1401223,
            "current_ratio": 186.76,
            "debt_ratio": 64.83,
            "inventory_turnover_ratio": 0.26,
            "account_receivable_turnover_ratio": 17.55,
            "reinvestment_rate": 4.54,
            "research_to_sale_ratio": null,
            "price_fair": 69.67,
            "eps_avg_yearly": 3.74,
            "eps_latest_yearly": 9.08,
            "eps_growth_yearly": 8.61
        },
        "20164": {
            "year_quarter": 20164,
            "year": 2016,
            "quarter": 4,
            "eps": 0.14,
            "eps_growth_year": -97.4,
            "eps_4q": 3.54,
            "eps_4q_growth_year": -45.06,
            "roe": 0.68,
            "roe_4q": 18.5,
            "gross_profit": 83572,
            "gross_margin": 12.86,
            "gross_margin_4q_avg": 26.67,
            "net_income": 9535,
            "revenue": 649813,
            "common_shares": 716905,
            "book_valuer_per_share": 20.14,
            "book_valuer_per_share_4q_avg": 19.99,
            "equity": 1410758,
            "current_ratio": 166.34,
            "debt_ratio": 68.57,
            "inventory_turnover_ratio": 0.16,
            "account_receivable_turnover_ratio": 11.59,
            "reinvestment_rate": 4.85,
            "research_to_sale_ratio": null,
            "price_fair": 10.04,
            "eps_avg_yearly": 3.35,
            "eps_latest_yearly": 0.56,
            "eps_growth_yearly": -39.38
        },
        "20171": {
            "year_quarter": 20171,
            "year": 2017,
            "quarter": 1,
            "eps": 0.23,
            "eps_growth_year": -69.74,
            "eps_4q": 3.04,
            "eps_4q_growth_year": -48.56,
            "roe": 1.12,
            "roe_4q": 15.99,
            "gross_profit": 50620,
            "gross_margin": 17.4,
            "gross_margin_4q_avg": 22.15,
            "net_income": 15905,
            "revenue": 290950,
            "common_shares": 716905,
            "book_valuer_per_share": 20.37,
            "book_valuer_per_share_4q_avg": 19.79,
            "equity": 1426663,
            "current_ratio": 167.39,
            "debt_ratio": 67.36,
            "inventory_turnover_ratio": 0.06,
            "account_receivable_turnover_ratio": 7.11,
            "reinvestment_rate": 4.51,
            "research_to_sale_ratio": null,
            "price_fair": 9.23,
            "eps_avg_yearly": 3.08,
            "eps_latest_yearly": 0.92,
            "eps_growth_yearly": -6.43
        },
        "20172": {
            "year_quarter": 20172,
            "year": 2017,
            "quarter": 2,
            "eps": -0.3,
            "eps_growth_year": -168.18,
            "eps_4q": 2.33,
            "eps_4q_growth_year": -60.07,
            "roe": -1.59,
            "roe_4q": 12.22,
            "gross_profit": 25370,
            "gross_margin": 11.36,
            "gross_margin_4q_avg": 15.82,
            "net_income": -21352,
            "revenue": 223343,
            "common_shares": 716905,
            "book_valuer_per_share": 18.07,
            "book_valuer_per_share_4q_avg": 19.65,
            "equity": 1265242,
            "current_ratio": 152.75,
            "debt_ratio": 72.42,
            "inventory_turnover_ratio": 0.05,
            "account_receivable_turnover_ratio": 3.71,
            "reinvestment_rate": 4.5,
            "research_to_sale_ratio": null,
            "price_fair": 9.23,
            "eps_avg_yearly": 3.08,
            "eps_latest_yearly": 0.92,
            "eps_growth_yearly": -6.43
        },
        "20173": {
            "year_quarter": 20173,
            "year": 2017,
            "quarter": 3,
            "eps": -0.37,
            "eps_growth_year": -116.3,
            "eps_4q": -0.32,
            "eps_4q_growth_year": -103.76,
            "roe": -2.09,
            "roe_4q": -1.8799999999999994,
            "gross_profit": -2477,
            "gross_margin": -2.47,
            "gross_margin_4q_avg": 9.79,
            "net_income": -26210,
            "revenue": 100094,
            "common_shares": 716905,
            "book_valuer_per_share": 17.69,
            "book_valuer_per_share_4q_avg": 19.07,
            "equity": 1239032,
            "current_ratio": 152.95,
            "debt_ratio": 72.1,
            "inventory_turnover_ratio": 0.03,
            "account_receivable_turnover_ratio": 1.64,
            "reinvestment_rate": 4.54,
            "research_to_sale_ratio": null,
            "price_fair": 9.23,
            "eps_avg_yearly": 3.08,
            "eps_latest_yearly": 0.92,
            "eps_growth_yearly": -6.43
        },
        "20174": {
            "year_quarter": 20174,
            "year": 2017,
            "quarter": 4,
            "eps": 0.53,
            "eps_growth_year": 292.36,
            "eps_4q": 0.08,
            "eps_4q_growth_year": -97.68,
            "roe": 2.97,
            "roe_4q": 0.41000000000000036,
            "gross_profit": 56548,
            "gross_margin": 10.97,
            "gross_margin_4q_avg": 9.32,
            "net_income": 37411,
            "revenue": 515488,
            "common_shares": 700344,
            "book_valuer_per_share": 18.23,
            "book_valuer_per_share_4q_avg": 18.59,
            "equity": 1276443,
            "current_ratio": 173.13,
            "debt_ratio": 73.08,
            "inventory_turnover_ratio": 0.12,
            "account_receivable_turnover_ratio": 8.3,
            "reinvestment_rate": 6.62,
            "research_to_sale_ratio": null,
            "price_fair": 9.23,
            "eps_avg_yearly": 3.08,
            "eps_latest_yearly": 0.92,
            "eps_growth_yearly": -6.43
        },
        "20181": {
            "year_quarter": 20181,
            "year": 2018,
            "quarter": 1,
            "eps": -0.46,
            "eps_growth_year": -300,
            "eps_4q": -0.46,
            "eps_4q_growth_year": -114.99,
            "roe": -2.46,
            "roe_4q": -3.17,
            "gross_profit": 13881,
            "gross_margin": 9.87,
            "gross_margin_4q_avg": 7.43,
            "net_income": -35512,
            "revenue": 140707,
            "common_shares": 1000344,
            "book_valuer_per_share": 16.15,
            "book_valuer_per_share_4q_avg": 17.54,
            "equity": 1615974,
            "current_ratio": 179.62,
            "debt_ratio": 69.79,
            "inventory_turnover_ratio": 0.03,
            "account_receivable_turnover_ratio": 2,
            "reinvestment_rate": -0.14,
            "research_to_sale_ratio": null,
            "price_fair": 101.15,
            "eps_avg_yearly": 2.89,
            "eps_latest_yearly": 0.92,
            "eps_growth_yearly": 34.51
        },
        "20182": {
            "year_quarter": 20182,
            "year": 2018,
            "quarter": 2,
            "eps": -0.34,
            "eps_growth_year": null,
            "eps_4q": -0.55,
            "eps_4q_growth_year": -123.48,
            "roe": -1.99,
            "roe_4q": -3.57,
            "gross_profit": 9739,
            "gross_margin": 10.21,
            "gross_margin_4q_avg": 7.15,
            "net_income": -30298,
            "revenue": 95374,
            "common_shares": 1000344,
            "book_valuer_per_share": 14.35,
            "book_valuer_per_share_4q_avg": 16.61,
            "equity": 1435624,
            "current_ratio": 161.44,
            "debt_ratio": 74.1,
            "inventory_turnover_ratio": 0.02,
            "account_receivable_turnover_ratio": 1.36,
            "reinvestment_rate": -0.13,
            "research_to_sale_ratio": null,
            "price_fair": 108.6,
            "eps_avg_yearly": 3.1,
            "eps_latest_yearly": 0.92,
            "eps_growth_yearly": 79.04
        },
        "20183": {
            "year_quarter": 20183,
            "year": 2018,
            "quarter": 3,
            "eps": -0.53,
            "eps_growth_year": null,
            "eps_4q": -0.77,
            "eps_4q_growth_year": null,
            "roe": -3.47,
            "roe_4q": -4.949999999999999,
            "gross_profit": 5532,
            "gross_margin": 1.73,
            "gross_margin_4q_avg": 8.2,
            "net_income": -48941,
            "revenue": 320084,
            "common_shares": 1000344,
            "book_valuer_per_share": 13.86,
            "book_valuer_per_share_4q_avg": 15.65,
            "equity": 1386683,
            "current_ratio": 158.77,
            "debt_ratio": 75.37,
            "inventory_turnover_ratio": 0.07,
            "account_receivable_turnover_ratio": 4.4,
            "reinvestment_rate": 1.23,
            "research_to_sale_ratio": null,
            "price_fair": 108.6,
            "eps_avg_yearly": 3.1,
            "eps_latest_yearly": 0.92,
            "eps_growth_yearly": 79.04
        },
        "20184": {
            "year_quarter": 20184,
            "year": 2018,
            "quarter": 4,
            "eps": 0.81,
            "eps_growth_year": 51.29,
            "eps_4q": -0.34,
            "eps_4q_growth_year": -512.55,
            "roe": 5.66,
            "roe_4q": -2.26,
            "gross_profit": 148133,
            "gross_margin": 18.86,
            "gross_margin_4q_avg": 10.17,
            "net_income": 80844,
            "revenue": 785560,
            "common_shares": 1000344,
            "book_valuer_per_share": 14.67,
            "book_valuer_per_share_4q_avg": 14.76,
            "equity": 1467947,
            "current_ratio": 156.84,
            "debt_ratio": 74.95,
            "inventory_turnover_ratio": 0.16,
            "account_receivable_turnover_ratio": 10.81,
            "reinvestment_rate": 1.29,
            "research_to_sale_ratio": null,
            "price_fair": 108.6,
            "eps_avg_yearly": 3.1,
            "eps_latest_yearly": 0.92,
            "eps_growth_yearly": 79.04
        },
        "20191": {
            "year_quarter": 20191,
            "year": 2019,
            "quarter": 1,
            "eps": 0.01,
            "eps_growth_year": null,
            "eps_4q": 0.02,
            "eps_4q_growth_year": null,
            "roe": 0.02,
            "roe_4q": 0.21999999999999953,
            "gross_profit": 29946,
            "gross_margin": 19.75,
            "gross_margin_4q_avg": 12.64,
            "net_income": 336,
            "revenue": 151600,
            "common_shares": 1000344,
            "book_valuer_per_share": 14.68,
            "book_valuer_per_share_4q_avg": 14.39,
            "equity": 1468283,
            "current_ratio": 155.41,
            "debt_ratio": 75.35,
            "inventory_turnover_ratio": 0.03,
            "account_receivable_turnover_ratio": 2.29,
            "reinvestment_rate": 1.42,
            "research_to_sale_ratio": null,
            "price_fair": 82,
            "eps_avg_yearly": 2.34,
            "eps_latest_yearly": 0.04,
            "eps_growth_yearly": 44.94
        },
        "20192": {
            "year_quarter": 20192,
            "year": 2019,
            "quarter": 2,
            "eps": -0.01,
            "eps_growth_year": null,
            "eps_4q": 0.32,
            "eps_4q_growth_year": null,
            "roe": -0.05,
            "roe_4q": 2.1599999999999997,
            "gross_profit": 29814,
            "gross_margin": 23.14,
            "gross_margin_4q_avg": 15.87,
            "net_income": -714,
            "revenue": 128854,
            "common_shares": 1000344,
            "book_valuer_per_share": 13.67,
            "book_valuer_per_share_4q_avg": 14.22,
            "equity": 1367534,
            "current_ratio": 135.78,
            "debt_ratio": 80.9,
            "inventory_turnover_ratio": 0.02,
            "account_receivable_turnover_ratio": 2.16,
            "reinvestment_rate": 1.41,
            "research_to_sale_ratio": null,
            "price_fair": 89.83,
            "eps_avg_yearly": 2.57,
            "eps_latest_yearly": 0.04,
            "eps_growth_yearly": 106.66
        },
        "20193": {
            "year_quarter": 20193,
            "year": 2019,
            "quarter": 3,
            "eps": -0.54,
            "eps_growth_year": null,
            "eps_4q": 0.26,
            "eps_4q_growth_year": null,
            "roe": -4.04,
            "roe_4q": 1.5899999999999999,
            "gross_profit": 3746,
            "gross_margin": 9.43,
            "gross_margin_4q_avg": 17.8,
            "net_income": -54091,
            "revenue": 39714,
            "common_shares": 1000344,
            "book_valuer_per_share": 13.13,
            "book_valuer_per_share_4q_avg": 14.04,
            "equity": 1313443,
            "current_ratio": 145.26,
            "debt_ratio": 83.9,
            "inventory_turnover_ratio": 0.01,
            "account_receivable_turnover_ratio": 0.67,
            "reinvestment_rate": 1.43,
            "research_to_sale_ratio": null,
            "price_fair": 89.83,
            "eps_avg_yearly": 2.57,
            "eps_latest_yearly": 0.04,
            "eps_growth_yearly": 106.66
        },
        "20194": {
            "year_quarter": 20194,
            "year": 2019,
            "quarter": 4,
            "eps": 4.75,
            "eps_growth_year": 488.05,
            "eps_4q": 4.21,
            "eps_4q_growth_year": null,
            "roe": 30.65,
            "roe_4q": 26.58,
            "gross_profit": 743118,
            "gross_margin": 30.08,
            "gross_margin_4q_avg": 20.6,
            "net_income": 475407,
            "revenue": 2470479,
            "common_shares": 1000344,
            "book_valuer_per_share": 17.88,
            "book_valuer_per_share_4q_avg": 14.84,
            "equity": 1788850,
            "current_ratio": 150.1,
            "debt_ratio": 81.28,
            "inventory_turnover_ratio": 0.27,
            "account_receivable_turnover_ratio": 11.45,
            "reinvestment_rate": -7.66,
            "research_to_sale_ratio": null,
            "price_fair": 89.83,
            "eps_avg_yearly": 2.57,
            "eps_latest_yearly": 0.04,
            "eps_growth_yearly": 106.66
        },
        "20201": {
            "year_quarter": 20201,
            "year": 2020,
            "quarter": 1,
            "eps": 1.47,
            "eps_growth_year": 14600,
            "eps_4q": 5.68,
            "eps_4q_growth_year": 29169.42,
            "roe": 7.92,
            "roe_4q": 34.480000000000004,
            "gross_profit": 306088,
            "gross_margin": 27.55,
            "gross_margin_4q_avg": 22.55,
            "net_income": 147508,
            "revenue": 1111008,
            "common_shares": 1000344,
            "book_valuer_per_share": 19.36,
            "book_valuer_per_share_4q_avg": 16.01,
            "equity": 1936358,
            "current_ratio": 155.81,
            "debt_ratio": 79.35,
            "inventory_turnover_ratio": 0.12,
            "account_receivable_turnover_ratio": 4.56,
            "reinvestment_rate": -6.72,
            "research_to_sale_ratio": null,
            "price_fair": 106.4,
            "eps_avg_yearly": 3.04,
            "eps_latest_yearly": 5.88,
            "eps_growth_yearly": 117.63
        },
        "20202": {
            "year_quarter": 20202,
            "year": 2020,
            "quarter": 2,
            "eps": 0.21,
            "eps_growth_year": null,
            "eps_4q": 5.89,
            "eps_4q_growth_year": 1769.62,
            "roe": 1.15,
            "roe_4q": 35.68,
            "gross_profit": 75978,
            "gross_margin": 27.53,
            "gross_margin_4q_avg": 23.65,
            "net_income": 20573,
            "revenue": 276009,
            "common_shares": 1000344,
            "book_valuer_per_share": 16.56,
            "book_valuer_per_share_4q_avg": 16.73,
            "equity": 1656828,
            "current_ratio": 132.18,
            "debt_ratio": 86.85,
            "inventory_turnover_ratio": 0.02,
            "account_receivable_turnover_ratio": 3.06,
            "reinvestment_rate": -7.05,
            "research_to_sale_ratio": null,
            "price_fair": 101.03,
            "eps_avg_yearly": 2.89,
            "eps_latest_yearly": 0.84,
            "eps_growth_yearly": 88.55
        },
        "20203": {
            "year_quarter": 20203,
            "year": 2020,
            "quarter": 3,
            "eps": 0.19,
            "eps_growth_year": null,
            "eps_4q": 5.1,
            "eps_4q_growth_year": 1834.55,
            "roe": 0.97,
            "roe_4q": 40.69,
            "gross_profit": 74124,
            "gross_margin": 80.92,
            "gross_margin_4q_avg": 41.52,
            "net_income": 19767,
            "revenue": 91607,
            "common_shares": 1300344,
            "book_valuer_per_share": 18.6,
            "book_valuer_per_share_4q_avg": 18.1,
            "equity": 2418410,
            "current_ratio": 137.01,
            "debt_ratio": 83.04,
            "inventory_turnover_ratio": 0,
            "account_receivable_turnover_ratio": 1.53,
            "reinvestment_rate": -8.79,
            "research_to_sale_ratio": null,
            "price_fair": 4.5,
            "eps_avg_yearly": 1.5,
            "eps_latest_yearly": 0.76,
            "eps_growth_yearly": -195.07
        },
        "20204": {
            "year_quarter": 20204,
            "year": 2020,
            "quarter": 4,
            "eps": 1.49,
            "eps_growth_year": -68.68,
            "eps_4q": 2.93,
            "eps_4q_growth_year": -30.3,
            "roe": 7.69,
            "roe_4q": 17.73,
            "gross_profit": 349362,
            "gross_margin": 25.37,
            "gross_margin_4q_avg": 40.34,
            "net_income": 193525,
            "revenue": 1377190,
            "common_shares": 1300344,
            "book_valuer_per_share": 20.1,
            "book_valuer_per_share_4q_avg": 18.66,
            "equity": 2613969,
            "current_ratio": 134.49,
            "debt_ratio": 83.31,
            "inventory_turnover_ratio": 0.08,
            "account_receivable_turnover_ratio": 11.52,
            "reinvestment_rate": -6.81,
            "research_to_sale_ratio": null,
            "price_fair": 84,
            "eps_avg_yearly": 2.4,
            "eps_latest_yearly": 5.96,
            "eps_growth_yearly": 323.63
        },
        "20211": {
            "year_quarter": 20211,
            "year": 2021,
            "quarter": 1,
            "eps": 1.88,
            "eps_growth_year": 27.89,
            "eps_4q": 3.68,
            "eps_4q_growth_year": -35.2,
            "roe": 8.94,
            "roe_4q": 18.749999999999996,
            "gross_profit": 419493,
            "gross_margin": 21.51,
            "gross_margin_4q_avg": 38.83,
            "net_income": 244670,
            "revenue": 1950595,
            "common_shares": 1300344,
            "book_valuer_per_share": 21.99,
            "book_valuer_per_share_4q_avg": 19.31,
            "equity": 2860014,
            "current_ratio": 139.75,
            "debt_ratio": 81.23,
            "inventory_turnover_ratio": 0.12,
            "account_receivable_turnover_ratio": 10.54,
            "reinvestment_rate": -5.36,
            "research_to_sale_ratio": null,
            "price_fair": 122.5,
            "eps_avg_yearly": 3.5,
            "eps_latest_yearly": 7.52,
            "eps_growth_yearly": 298.22
        },
        "20212": {
            "year_quarter": 20212,
            "year": 2021,
            "quarter": 2,
            "eps": 1.57,
            "eps_growth_year": 647.62,
            "eps_4q": 5.09,
            "eps_4q_growth_year": -13.61,
            "roe": 7.08,
            "roe_4q": 24.68,
            "gross_profit": 361008,
            "gross_margin": 18.54,
            "gross_margin_4q_avg": 36.59,
            "net_income": 203934,
            "revenue": 1947297,
            "common_shares": 1300344,
            "book_valuer_per_share": 22.31,
            "book_valuer_per_share_4q_avg": 20.75,
            "equity": 2901405,
            "current_ratio": 144.44,
            "debt_ratio": 79.96,
            "inventory_turnover_ratio": 0.13,
            "account_receivable_turnover_ratio": 7.05,
            "reinvestment_rate": -4.41,
            "research_to_sale_ratio": null,
            "price_fair": 136.4,
            "eps_avg_yearly": 3.9,
            "eps_latest_yearly": 6.28,
            "eps_growth_yearly": 246.19
        },
        "20213": {
            "year_quarter": 20213,
            "year": 2021,
            "quarter": 3,
            "eps": -0.12,
            "eps_growth_year": -163.16,
            "eps_4q": 4.59,
            "eps_4q_growth_year": -10.11,
            "roe": -0.56,
            "roe_4q": 23.15,
            "gross_profit": 14117,
            "gross_margin": 19.02,
            "gross_margin_4q_avg": 21.11,
            "net_income": -16086,
            "revenue": 74239,
            "common_shares": 1300344,
            "book_valuer_per_share": 22.19,
            "book_valuer_per_share_4q_avg": 21.65,
            "equity": 2885319,
            "current_ratio": 143.96,
            "debt_ratio": 80.04,
            "inventory_turnover_ratio": 0.01,
            "account_receivable_turnover_ratio": 0.32,
            "reinvestment_rate": -4.41,
            "research_to_sale_ratio": null,
            "price_fair": 136.4,
            "eps_avg_yearly": 3.9,
            "eps_latest_yearly": 6.28,
            "eps_growth_yearly": 246.19
        },
        "20214": {
            "year_quarter": 20214,
            "year": 2021,
            "quarter": 4,
            "eps": -0.09,
            "eps_growth_year": -106,
            "eps_4q": 3.08,
            "eps_4q_growth_year": 4.96,
            "roe": -0.42,
            "roe_4q": 15.04,
            "gross_profit": 26287,
            "gross_margin": 914.01,
            "gross_margin_4q_avg": 243.27,
            "net_income": -12197,
            "revenue": 2876,
            "common_shares": 1365361,
            "book_valuer_per_share": 21.04,
            "book_valuer_per_share_4q_avg": 21.88,
            "equity": 2873122,
            "current_ratio": 134.96,
            "debt_ratio": 81.61,
            "inventory_turnover_ratio": -0,
            "account_receivable_turnover_ratio": 0.03,
            "reinvestment_rate": -4.61,
            "research_to_sale_ratio": null,
            "price_fair": 136.4,
            "eps_avg_yearly": 3.9,
            "eps_latest_yearly": 6.28,
            "eps_growth_yearly": 246.19
        },
        "20221": {
            "year_quarter": 20221,
            "year": 2022,
            "quarter": 1,
            "eps": -0.24,
            "eps_growth_year": -112.77,
            "eps_4q": 0.97,
            "eps_4q_growth_year": -73.64,
            "roe": -1.12,
            "roe_4q": 4.98,
            "gross_profit": 184,
            "gross_margin": 12.22,
            "gross_margin_4q_avg": 240.95,
            "net_income": -32659,
            "revenue": 1506,
            "common_shares": 1365361,
            "book_valuer_per_share": 21.6,
            "book_valuer_per_share_4q_avg": 21.79,
            "equity": 2948975,
            "current_ratio": 132.39,
            "debt_ratio": 82.17,
            "inventory_turnover_ratio": 0,
            "account_receivable_turnover_ratio": 0.02,
            "reinvestment_rate": 0.39,
            "research_to_sale_ratio": null,
            "price_fair": 136.4,
            "eps_avg_yearly": 3.9,
            "eps_latest_yearly": 6.28,
            "eps_growth_yearly": 246.19
        },
        "20222": {
            "year_quarter": 20222,
            "year": 2022,
            "quarter": 2,
            "eps": -0.3,
            "eps_growth_year": -119.11,
            "eps_4q": -0.71,
            "eps_4q_growth_year": -113.91,
            "roe": -1.61,
            "roe_4q": -3.7100000000000004,
            "gross_profit": 398,
            "gross_margin": 31.36,
            "gross_margin_4q_avg": 244.15,
            "net_income": -45285,
            "revenue": 1269,
            "common_shares": 1499861,
            "book_valuer_per_share": 17.84,
            "book_valuer_per_share_4q_avg": 20.67,
            "equity": 2675798,
            "current_ratio": 127.06,
            "debt_ratio": 84.78,
            "inventory_turnover_ratio": 0,
            "account_receivable_turnover_ratio": 0.03,
            "reinvestment_rate": 0.34,
            "research_to_sale_ratio": null,
            "price_fair": 136.4,
            "eps_avg_yearly": 3.9,
            "eps_latest_yearly": 6.28,
            "eps_growth_yearly": 246.19
        },
        "20223": {
            "year_quarter": 20223,
            "year": 2022,
            "quarter": 3,
            "eps": -0.15,
            "eps_growth_year": null,
            "eps_4q": -0.75,
            "eps_4q_growth_year": -116.42,
            "roe": -0.86,
            "roe_4q": -4.010000000000001,
            "gross_profit": 1034,
            "gross_margin": 5.56,
            "gross_margin_4q_avg": 240.79,
            "net_income": -22810,
            "revenue": 18611,
            "common_shares": 1499861,
            "book_valuer_per_share": 17.69,
            "book_valuer_per_share_4q_avg": 19.54,
            "equity": 2652988,
            "current_ratio": 122.22,
            "debt_ratio": 85.61,
            "inventory_turnover_ratio": 0,
            "account_receivable_turnover_ratio": 0.74,
            "reinvestment_rate": -0.51,
            "research_to_sale_ratio": null,
            "price_fair": 136.4,
            "eps_avg_yearly": 3.9,
            "eps_latest_yearly": 6.28,
            "eps_growth_yearly": 246.19
        },
        "20224": {
            "year_quarter": 20224,
            "year": 2022,
            "quarter": 4,
            "eps": 2.85,
            "eps_growth_year": null,
            "eps_4q": 2.18,
            "eps_4q_growth_year": -29.13,
            "roe": 14.93,
            "roe_4q": 11.34,
            "gross_profit": 701786,
            "gross_margin": 28.41,
            "gross_margin_4q_avg": 19.39,
            "net_income": 428002,
            "revenue": 2470049,
            "common_shares": 1499861,
            "book_valuer_per_share": 20.54,
            "book_valuer_per_share_4q_avg": 19.42,
            "equity": 3080990,
            "current_ratio": 129.89,
            "debt_ratio": 82.81,
            "inventory_turnover_ratio": 0.12,
            "account_receivable_turnover_ratio": 30.38,
            "reinvestment_rate": -0.4,
            "research_to_sale_ratio": null,
            "price_fair": 136.4,
            "eps_avg_yearly": 3.9,
            "eps_latest_yearly": 6.28,
            "eps_growth_yearly": 246.19
        },
        "20231": {
            "year_quarter": 20231,
            "year": 2023,
            "quarter": 1,
            "eps": 0.23,
            "eps_growth_year": null,
            "eps_4q": 2.63,
            "eps_4q_growth_year": 171.52,
            "roe": 1.14,
            "roe_4q": 13.600000000000001,
            "gross_profit": 90105,
            "gross_margin": 28.88,
            "gross_margin_4q_avg": 23.55,
            "net_income": 35187,
            "revenue": 311944,
            "common_shares": 1499861,
            "book_valuer_per_share": 20.78,
            "book_valuer_per_share_4q_avg": 19.21,
            "equity": 3116177,
            "current_ratio": 128.27,
            "debt_ratio": 83.47,
            "inventory_turnover_ratio": 0.01,
            "account_receivable_turnover_ratio": 3.59,
            "reinvestment_rate": -0.4,
            "research_to_sale_ratio": null,
            "price_fair": 140.8,
            "eps_avg_yearly": 4.02,
            "eps_latest_yearly": 0.92,
            "eps_growth_yearly": 250.1
        },
        "20232": {
            "year_quarter": 20232,
            "year": 2023,
            "quarter": 2,
            "eps": 0.1,
            "eps_growth_year": null,
            "eps_4q": 3.04,
            "eps_4q_growth_year": null,
            "roe": 0.51,
            "roe_4q": 15.719999999999999,
            "gross_profit": 46130,
            "gross_margin": 21.72,
            "gross_margin_4q_avg": 21.14,
            "net_income": 15018,
            "revenue": 212350,
            "common_shares": 1499861,
            "book_valuer_per_share": 18.68,
            "book_valuer_per_share_4q_avg": 19.42,
            "equity": 2801225,
            "current_ratio": 124.25,
            "debt_ratio": 85.76,
            "inventory_turnover_ratio": 0.01,
            "account_receivable_turnover_ratio": 7.58,
            "reinvestment_rate": -0.4,
            "research_to_sale_ratio": null,
            "price_fair": 124.95,
            "eps_avg_yearly": 3.57,
            "eps_latest_yearly": 0.4,
            "eps_growth_yearly": 190.58
        }
    },
    "months": {
        "2002-08": {
            "month": "2002-08",
            "price": "24.55",
            "revenue": 59168
        },
        "2002-09": {
            "month": "2002-09",
            "price": "21.26",
            "revenue": 81050
        },
        "2002-10": {
            "month": "2002-10",
            "price": "17.11",
            "revenue": 92769
        },
        "2002-11": {
            "month": "2002-11",
            "price": "17.88",
            "revenue": 117860
        },
        "2002-12": {
            "month": "2002-12",
            "price": "15.98",
            "revenue": 159519
        },
        "2003-01": {
            "month": "2003-01",
            "price": "15.92",
            "revenue": 58350
        },
        "2003-02": {
            "month": "2003-02",
            "price": "14.21",
            "revenue": 73091
        },
        "2003-03": {
            "month": "2003-03",
            "price": "12.53",
            "revenue": 54952
        },
        "2003-04": {
            "month": "2003-04",
            "price": "12.45",
            "revenue": 75343
        },
        "2003-05": {
            "month": "2003-05",
            "price": "10.47",
            "revenue": 84971
        },
        "2003-06": {
            "month": "2003-06",
            "price": "13.48",
            "revenue": 82923
        },
        "2003-07": {
            "month": "2003-07",
            "price": "19.70",
            "revenue": 75804
        },
        "2003-08": {
            "month": "2003-08",
            "price": "17.20",
            "revenue": 76148
        },
        "2003-09": {
            "month": "2003-09",
            "price": "16.82",
            "revenue": 98402
        },
        "2003-10": {
            "month": "2003-10",
            "price": "16.36",
            "revenue": 85019
        },
        "2003-11": {
            "month": "2003-11",
            "price": "15.48",
            "revenue": 66498
        },
        "2003-12": {
            "month": "2003-12",
            "price": "16.76",
            "revenue": 64873
        },
        "2004-01": {
            "month": "2004-01",
            "price": "17.26",
            "revenue": 56825
        },
        "2004-02": {
            "month": "2004-02",
            "price": "18.64",
            "revenue": 69856
        },
        "2004-03": {
            "month": "2004-03",
            "price": "17.21",
            "revenue": 95467
        },
        "2004-04": {
            "month": "2004-04",
            "price": "17.57",
            "revenue": 71842
        },
        "2004-05": {
            "month": "2004-05",
            "price": "15.81",
            "revenue": 76068
        },
        "2004-06": {
            "month": "2004-06",
            "price": "14.14",
            "revenue": 69552
        },
        "2004-07": {
            "month": "2004-07",
            "price": "12.03",
            "revenue": 69296
        },
        "2004-08": {
            "month": "2004-08",
            "price": "10.48",
            "revenue": 58999
        },
        "2004-09": {
            "month": "2004-09",
            "price": "8.53",
            "revenue": 65161
        },
        "2004-10": {
            "month": "2004-10",
            "price": "7.82",
            "revenue": 41354
        },
        "2004-11": {
            "month": "2004-11",
            "price": "8.28",
            "revenue": 67215
        },
        "2004-12": {
            "month": "2004-12",
            "price": "9.82",
            "revenue": 74696
        },
        "2005-01": {
            "month": "2005-01",
            "price": "9.36",
            "revenue": 29718
        },
        "2005-02": {
            "month": "2005-02",
            "price": "8.86",
            "revenue": 36716
        },
        "2005-03": {
            "month": "2005-03",
            "price": "8.73",
            "revenue": 63087
        },
        "2005-04": {
            "month": "2005-04",
            "price": "7.62",
            "revenue": 26048
        },
        "2005-05": {
            "month": "2005-05",
            "price": "7.00",
            "revenue": 23882
        },
        "2005-06": {
            "month": "2005-06",
            "price": "9.07",
            "revenue": 35445
        },
        "2005-07": {
            "month": "2005-07",
            "price": "12.64",
            "revenue": 48426
        },
        "2005-08": {
            "month": "2005-08",
            "price": "12.36",
            "revenue": 87660
        },
        "2005-09": {
            "month": "2005-09",
            "price": "11.87",
            "revenue": 121972
        },
        "2005-10": {
            "month": "2005-10",
            "price": "11.62",
            "revenue": 62549
        },
        "2005-11": {
            "month": "2005-11",
            "price": "11.18",
            "revenue": 105080
        },
        "2005-12": {
            "month": "2005-12",
            "price": "12.38",
            "revenue": 130032
        },
        "2006-01": {
            "month": "2006-01",
            "price": "15.77",
            "revenue": 123262
        },
        "2006-02": {
            "month": "2006-02",
            "price": "20.59",
            "revenue": 119666
        },
        "2006-03": {
            "month": "2006-03",
            "price": "20.04",
            "revenue": 136716
        },
        "2006-04": {
            "month": "2006-04",
            "price": "20.18",
            "revenue": 95002
        },
        "2006-05": {
            "month": "2006-05",
            "price": "18.66",
            "revenue": 113769
        },
        "2006-06": {
            "month": "2006-06",
            "price": "17.05",
            "revenue": 87460
        },
        "2006-07": {
            "month": "2006-07",
            "price": "16.00",
            "revenue": 108071
        },
        "2006-08": {
            "month": "2006-08",
            "price": "16.15",
            "revenue": 136597
        },
        "2006-09": {
            "month": "2006-09",
            "price": "15.33",
            "revenue": 117486
        },
        "2006-10": {
            "month": "2006-10",
            "price": "19.28",
            "revenue": 106205
        },
        "2006-11": {
            "month": "2006-11",
            "price": "19.18",
            "revenue": 78808
        },
        "2006-12": {
            "month": "2006-12",
            "price": "18.57",
            "revenue": 93067
        },
        "2007-01": {
            "month": "2007-01",
            "price": "23.54",
            "revenue": 71784
        },
        "2007-02": {
            "month": "2007-02",
            "price": "20.93",
            "revenue": 81028
        },
        "2007-03": {
            "month": "2007-03",
            "price": "22.49",
            "revenue": 112380
        },
        "2007-04": {
            "month": "2007-04",
            "price": "26.99",
            "revenue": 129980
        },
        "2007-05": {
            "month": "2007-05",
            "price": "29.79",
            "revenue": 178608
        },
        "2007-06": {
            "month": "2007-06",
            "price": "35.00",
            "revenue": 189837
        },
        "2007-07": {
            "month": "2007-07",
            "price": "38.27",
            "revenue": 177643
        },
        "2007-08": {
            "month": "2007-08",
            "price": "29.05",
            "revenue": 203156
        },
        "2007-09": {
            "month": "2007-09",
            "price": "28.92",
            "revenue": 160174
        },
        "2007-10": {
            "month": "2007-10",
            "price": "25.57",
            "revenue": 142969
        },
        "2007-11": {
            "month": "2007-11",
            "price": "17.17",
            "revenue": 120290
        },
        "2007-12": {
            "month": "2007-12",
            "price": "15.58",
            "revenue": 162846
        },
        "2008-01": {
            "month": "2008-01",
            "price": "14.30",
            "revenue": 247154
        },
        "2008-02": {
            "month": "2008-02",
            "price": "15.90",
            "revenue": 203052
        },
        "2008-03": {
            "month": "2008-03",
            "price": "23.34",
            "revenue": 266524
        },
        "2008-04": {
            "month": "2008-04",
            "price": "20.39",
            "revenue": 253089
        },
        "2008-05": {
            "month": "2008-05",
            "price": "14.51",
            "revenue": 96709
        },
        "2008-06": {
            "month": "2008-06",
            "price": "11.85",
            "revenue": 91684
        },
        "2008-07": {
            "month": "2008-07",
            "price": "9.48",
            "revenue": 46352
        },
        "2008-08": {
            "month": "2008-08",
            "price": "7.89",
            "revenue": 65763
        },
        "2008-09": {
            "month": "2008-09",
            "price": "6.47",
            "revenue": 4251
        },
        "2008-10": {
            "month": "2008-10",
            "price": "3.73",
            "revenue": 18012
        },
        "2008-11": {
            "month": "2008-11",
            "price": "1.74",
            "revenue": 16293
        },
        "2008-12": {
            "month": "2008-12",
            "price": "1.78",
            "revenue": 10673
        },
        "2009-01": {
            "month": "2009-01",
            "price": "2.79",
            "revenue": 12430
        },
        "2009-02": {
            "month": "2009-02",
            "price": "2.35",
            "revenue": 17612
        },
        "2009-03": {
            "month": "2009-03",
            "price": "2.34",
            "revenue": 69634
        },
        "2009-04": {
            "month": "2009-04",
            "price": "2.97",
            "revenue": 57510
        },
        "2009-05": {
            "month": "2009-05",
            "price": "3.04",
            "revenue": 34754
        },
        "2009-06": {
            "month": "2009-06",
            "price": "2.74",
            "revenue": 50604
        },
        "2009-07": {
            "month": "2009-07",
            "price": "2.80",
            "revenue": 59902
        },
        "2009-08": {
            "month": "2009-08",
            "price": "2.54",
            "revenue": 71650
        },
        "2009-09": {
            "month": "2009-09",
            "price": "3.28",
            "revenue": 101834
        },
        "2009-10": {
            "month": "2009-10",
            "price": "3.88",
            "revenue": 60440
        },
        "2009-11": {
            "month": "2009-11",
            "price": "16.36",
            "revenue": 57665
        },
        "2009-12": {
            "month": "2009-12",
            "price": "26.00",
            "revenue": 76958
        },
        "2010-01": {
            "month": "2010-01",
            "price": "25.50",
            "revenue": 40553
        },
        "2010-02": {
            "month": "2010-02",
            "price": "18.68",
            "revenue": 9132
        },
        "2010-03": {
            "month": "2010-03",
            "price": "25.69",
            "revenue": 19538
        },
        "2010-04": {
            "month": "2010-04",
            "price": "24.83",
            "revenue": 279
        },
        "2010-05": {
            "month": "2010-05",
            "price": "22.00",
            "revenue": 3304
        },
        "2010-06": {
            "month": "2010-06",
            "price": "20.28",
            "revenue": 610
        },
        "2010-07": {
            "month": "2010-07",
            "price": "20.07",
            "revenue": 21697
        },
        "2010-08": {
            "month": "2010-08",
            "price": "21.10",
            "revenue": 1927
        },
        "2010-09": {
            "month": "2010-09",
            "price": "20.30",
            "revenue": 28093
        },
        "2010-10": {
            "month": "2010-10",
            "price": "18.43",
            "revenue": 26991
        },
        "2010-11": {
            "month": "2010-11",
            "price": "15.82",
            "revenue": 0
        },
        "2010-12": {
            "month": "2010-12",
            "price": "16.48",
            "revenue": 161
        },
        "2011-01": {
            "month": "2011-01",
            "price": "16.78",
            "revenue": 0
        },
        "2011-02": {
            "month": "2011-02",
            "price": "17.97",
            "revenue": 0
        },
        "2011-03": {
            "month": "2011-03",
            "price": "17.40",
            "revenue": 241
        },
        "2011-04": {
            "month": "2011-04",
            "price": "16.27",
            "revenue": 243
        },
        "2011-05": {
            "month": "2011-05",
            "price": "14.35",
            "revenue": 215
        },
        "2011-06": {
            "month": "2011-06",
            "price": "13.63",
            "revenue": 330
        },
        "2011-07": {
            "month": "2011-07",
            "price": "15.89",
            "revenue": 0
        },
        "2011-08": {
            "month": "2011-08",
            "price": "18.11",
            "revenue": 0
        },
        "2011-09": {
            "month": "2011-09",
            "price": "17.69",
            "revenue": 61
        },
        "2011-10": {
            "month": "2011-10",
            "price": "16.22",
            "revenue": 333
        },
        "2011-11": {
            "month": "2011-11",
            "price": "14.59",
            "revenue": 23282
        },
        "2011-12": {
            "month": "2011-12",
            "price": "13.99",
            "revenue": 45450
        },
        "2012-01": {
            "month": "2012-01",
            "price": "13.73",
            "revenue": 95
        },
        "2012-02": {
            "month": "2012-02",
            "price": "15.98",
            "revenue": 163
        },
        "2012-03": {
            "month": "2012-03",
            "price": "16.60",
            "revenue": 135
        },
        "2012-04": {
            "month": "2012-04",
            "price": "17.17",
            "revenue": 130
        },
        "2012-05": {
            "month": "2012-05",
            "price": "16.50",
            "revenue": 133
        },
        "2012-06": {
            "month": "2012-06",
            "price": "16.35",
            "revenue": 109
        },
        "2012-07": {
            "month": "2012-07",
            "price": "16.24",
            "revenue": 65
        },
        "2012-08": {
            "month": "2012-08",
            "price": "16.66",
            "revenue": 30
        },
        "2012-09": {
            "month": "2012-09",
            "price": "16.48",
            "revenue": 3
        },
        "2012-10": {
            "month": "2012-10",
            "price": "16.36",
            "revenue": 0
        },
        "2012-11": {
            "month": "2012-11",
            "price": "16.40",
            "revenue": 401846
        },
        "2012-12": {
            "month": "2012-12",
            "price": "21.34",
            "revenue": 98471
        },
        "2013-01": {
            "month": "2013-01",
            "price": "25.77",
            "revenue": 0
        },
        "2013-02": {
            "month": "2013-02",
            "price": "28.35",
            "revenue": 0
        },
        "2013-03": {
            "month": "2013-03",
            "price": "25.69",
            "revenue": 0
        },
        "2013-04": {
            "month": "2013-04",
            "price": "27.98",
            "revenue": 0
        },
        "2013-05": {
            "month": "2013-05",
            "price": "36.10",
            "revenue": 0
        },
        "2013-06": {
            "month": "2013-06",
            "price": "34.58",
            "revenue": 0
        },
        "2013-07": {
            "month": "2013-07",
            "price": "35.06",
            "revenue": 0
        },
        "2013-08": {
            "month": "2013-08",
            "price": "34.99",
            "revenue": 0
        },
        "2013-09": {
            "month": "2013-09",
            "price": "39.12",
            "revenue": 0
        },
        "2013-10": {
            "month": "2013-10",
            "price": "37.27",
            "revenue": 0
        },
        "2013-11": {
            "month": "2013-11",
            "price": "38.36",
            "revenue": 0
        },
        "2013-12": {
            "month": "2013-12",
            "price": "39.10",
            "revenue": 1875299
        },
        "2014-01": {
            "month": "2014-01",
            "price": "37.43",
            "revenue": 101637
        },
        "2014-02": {
            "month": "2014-02",
            "price": "34.89",
            "revenue": 109644
        },
        "2014-03": {
            "month": "2014-03",
            "price": "34.11",
            "revenue": 133803
        },
        "2014-04": {
            "month": "2014-04",
            "price": "34.13",
            "revenue": 139843
        },
        "2014-05": {
            "month": "2014-05",
            "price": "33.78",
            "revenue": 24847
        },
        "2014-06": {
            "month": "2014-06",
            "price": "31.36",
            "revenue": 0
        },
        "2014-07": {
            "month": "2014-07",
            "price": "29.70",
            "revenue": 0
        },
        "2014-08": {
            "month": "2014-08",
            "price": "28.13",
            "revenue": 0
        },
        "2014-09": {
            "month": "2014-09",
            "price": "28.02",
            "revenue": 0
        },
        "2014-10": {
            "month": "2014-10",
            "price": "27.10",
            "revenue": 0
        },
        "2014-11": {
            "month": "2014-11",
            "price": "28.44",
            "revenue": 0
        },
        "2014-12": {
            "month": "2014-12",
            "price": "28.11",
            "revenue": 621489
        },
        "2015-01": {
            "month": "2015-01",
            "price": "27.60",
            "revenue": 132963
        },
        "2015-02": {
            "month": "2015-02",
            "price": "26.53",
            "revenue": 125900
        },
        "2015-03": {
            "month": "2015-03",
            "price": "28.41",
            "revenue": 108252
        },
        "2015-04": {
            "month": "2015-04",
            "price": "29.85",
            "revenue": 60098
        },
        "2015-05": {
            "month": "2015-05",
            "price": "28.06",
            "revenue": 12374
        },
        "2015-06": {
            "month": "2015-06",
            "price": "27.30",
            "revenue": 36445
        },
        "2015-07": {
            "month": "2015-07",
            "price": "25.80",
            "revenue": 0
        },
        "2015-08": {
            "month": "2015-08",
            "price": "23.17",
            "revenue": 0
        },
        "2015-09": {
            "month": "2015-09",
            "price": "23.20",
            "revenue": 10339
        },
        "2015-10": {
            "month": "2015-10",
            "price": "23.06",
            "revenue": 0
        },
        "2015-11": {
            "month": "2015-11",
            "price": "23.39",
            "revenue": 0
        },
        "2015-12": {
            "month": "2015-12",
            "price": "22.26",
            "revenue": 1241313
        },
        "2016-01": {
            "month": "2016-01",
            "price": "20.77",
            "revenue": 152515
        },
        "2016-02": {
            "month": "2016-02",
            "price": "19.62",
            "revenue": 25716
        },
        "2016-03": {
            "month": "2016-03",
            "price": "22.45",
            "revenue": 57429
        },
        "2016-04": {
            "month": "2016-04",
            "price": "24.15",
            "revenue": 82922
        },
        "2016-05": {
            "month": "2016-05",
            "price": "23.50",
            "revenue": 81973
        },
        "2016-06": {
            "month": "2016-06",
            "price": "24.50",
            "revenue": 47537
        },
        "2016-07": {
            "month": "2016-07",
            "price": "24.54",
            "revenue": 403322
        },
        "2016-08": {
            "month": "2016-08",
            "price": "24.83",
            "revenue": 505138
        },
        "2016-09": {
            "month": "2016-09",
            "price": "22.65",
            "revenue": 264304
        },
        "2016-10": {
            "month": "2016-10",
            "price": "22.51",
            "revenue": 170748
        },
        "2016-11": {
            "month": "2016-11",
            "price": "21.98",
            "revenue": 397283
        },
        "2016-12": {
            "month": "2016-12",
            "price": "22.33",
            "revenue": 81783
        },
        "2017-01": {
            "month": "2017-01",
            "price": "22.25",
            "revenue": 26002
        },
        "2017-02": {
            "month": "2017-02",
            "price": "23.30",
            "revenue": 53441
        },
        "2017-03": {
            "month": "2017-03",
            "price": "24.25",
            "revenue": 211507
        },
        "2017-04": {
            "month": "2017-04",
            "price": "23.61",
            "revenue": 131558
        },
        "2017-05": {
            "month": "2017-05",
            "price": "22.58",
            "revenue": 15413
        },
        "2017-06": {
            "month": "2017-06",
            "price": "22.56",
            "revenue": 76372
        },
        "2017-07": {
            "month": "2017-07",
            "price": "22.37",
            "revenue": 17233
        },
        "2017-08": {
            "month": "2017-08",
            "price": "21.16",
            "revenue": 76212
        },
        "2017-09": {
            "month": "2017-09",
            "price": "18.56",
            "revenue": 6649
        },
        "2017-10": {
            "month": "2017-10",
            "price": "17.79",
            "revenue": 128777
        },
        "2017-11": {
            "month": "2017-11",
            "price": "16.80",
            "revenue": 267689
        },
        "2017-12": {
            "month": "2017-12",
            "price": "15.36",
            "revenue": 119412
        },
        "2018-01": {
            "month": "2018-01",
            "price": "15.13",
            "revenue": 65573
        },
        "2018-02": {
            "month": "2018-02",
            "price": "14.92",
            "revenue": 44097
        },
        "2018-03": {
            "month": "2018-03",
            "price": "13.43",
            "revenue": 31036
        },
        "2018-04": {
            "month": "2018-04",
            "price": "13.48",
            "revenue": 31479
        },
        "2018-05": {
            "month": "2018-05",
            "price": "15.85",
            "revenue": 38751
        },
        "2018-06": {
            "month": "2018-06",
            "price": "15.79",
            "revenue": 25145
        },
        "2018-07": {
            "month": "2018-07",
            "price": "15.47",
            "revenue": 209291
        },
        "2018-08": {
            "month": "2018-08",
            "price": "16.51",
            "revenue": 59309
        },
        "2018-09": {
            "month": "2018-09",
            "price": "16.63",
            "revenue": 51484
        },
        "2018-10": {
            "month": "2018-10",
            "price": "17.95",
            "revenue": 107276
        },
        "2018-11": {
            "month": "2018-11",
            "price": "16.85",
            "revenue": 61306
        },
        "2018-12": {
            "month": "2018-12",
            "price": "16.40",
            "revenue": 616934
        },
        "2019-01": {
            "month": "2019-01",
            "price": "17.57",
            "revenue": 50940
        },
        "2019-02": {
            "month": "2019-02",
            "price": "19.70",
            "revenue": 32407
        },
        "2019-03": {
            "month": "2019-03",
            "price": "19.15",
            "revenue": 68268
        },
        "2019-04": {
            "month": "2019-04",
            "price": "19.07",
            "revenue": 49337
        },
        "2019-05": {
            "month": "2019-05",
            "price": "20.02",
            "revenue": 70833
        },
        "2019-06": {
            "month": "2019-06",
            "price": "22.11",
            "revenue": 8683
        },
        "2019-07": {
            "month": "2019-07",
            "price": "22.26",
            "revenue": 31255
        },
        "2019-08": {
            "month": "2019-08",
            "price": "24.28",
            "revenue": 8458
        },
        "2019-09": {
            "month": "2019-09",
            "price": "26.17",
            "revenue": 0
        },
        "2019-10": {
            "month": "2019-10",
            "price": "28.05",
            "revenue": 0
        },
        "2019-11": {
            "month": "2019-11",
            "price": "32.08",
            "revenue": 947445
        },
        "2019-12": {
            "month": "2019-12",
            "price": "32.29",
            "revenue": 1523035
        },
        "2020-01": {
            "month": "2020-01",
            "price": "31.41",
            "revenue": 426031
        },
        "2020-02": {
            "month": "2020-02",
            "price": "28.50",
            "revenue": 351510
        },
        "2020-03": {
            "month": "2020-03",
            "price": "24.82",
            "revenue": 333468
        },
        "2020-04": {
            "month": "2020-04",
            "price": "27.80",
            "revenue": 258511
        },
        "2020-05": {
            "month": "2020-05",
            "price": "30.13",
            "revenue": 15409
        },
        "2020-06": {
            "month": "2020-06",
            "price": "30.39",
            "revenue": 2089
        },
        "2020-07": {
            "month": "2020-07",
            "price": "31.60",
            "revenue": 4181
        },
        "2020-08": {
            "month": "2020-08",
            "price": "27.51",
            "revenue": 9538
        },
        "2020-09": {
            "month": "2020-09",
            "price": "28.20",
            "revenue": 77798
        },
        "2020-10": {
            "month": "2020-10",
            "price": "27.79",
            "revenue": 22535
        },
        "2020-11": {
            "month": "2020-11",
            "price": "28.23",
            "revenue": 20848
        },
        "2020-12": {
            "month": "2020-12",
            "price": "29.86",
            "revenue": 1335701
        },
        "2021-01": {
            "month": "2021-01",
            "price": "28.36",
            "revenue": 512514
        },
        "2021-02": {
            "month": "2021-02",
            "price": "28.15",
            "revenue": 109495
        },
        "2021-03": {
            "month": "2021-03",
            "price": "29.19",
            "revenue": 1328586
        },
        "2021-04": {
            "month": "2021-04",
            "price": "29.40",
            "revenue": 736807
        },
        "2021-05": {
            "month": "2021-05",
            "price": "27.59",
            "revenue": 375238
        },
        "2021-06": {
            "month": "2021-06",
            "price": "27.89",
            "revenue": 835253
        },
        "2021-07": {
            "month": "2021-07",
            "price": "28.68",
            "revenue": 17407
        },
        "2021-08": {
            "month": "2021-08",
            "price": "28.70",
            "revenue": 34304
        },
        "2021-09": {
            "month": "2021-09",
            "price": "29.37",
            "revenue": 18913
        },
        "2021-10": {
            "month": "2021-10",
            "price": "27.75",
            "revenue": 0
        },
        "2021-11": {
            "month": "2021-11",
            "price": "27.16",
            "revenue": 0
        },
        "2021-12": {
            "month": "2021-12",
            "price": "26.61",
            "revenue": 2877
        },
        "2022-01": {
            "month": "2022-01",
            "price": "26.02",
            "revenue": 0
        },
        "2022-02": {
            "month": "2022-02",
            "price": "26.23",
            "revenue": 1506
        },
        "2022-03": {
            "month": "2022-03",
            "price": "26.61",
            "revenue": 0
        },
        "2022-04": {
            "month": "2022-04",
            "price": "26.93",
            "revenue": 1269
        },
        "2022-05": {
            "month": "2022-05",
            "price": "26.87",
            "revenue": 0
        },
        "2022-06": {
            "month": "2022-06",
            "price": "26.99",
            "revenue": 0
        },
        "2022-07": {
            "month": "2022-07",
            "price": "25.99",
            "revenue": 0
        },
        "2022-08": {
            "month": "2022-08",
            "price": "26.81",
            "revenue": 0
        },
        "2022-09": {
            "month": "2022-09",
            "price": "29.87",
            "revenue": 18611
        },
        "2022-10": {
            "month": "2022-10",
            "price": "28.43",
            "revenue": 12524
        },
        "2022-11": {
            "month": "2022-11",
            "price": "28.20",
            "revenue": 14440
        },
        "2022-12": {
            "month": "2022-12",
            "price": "33.41",
            "revenue": 2443085
        },
        "2023-01": {
            "month": "2023-01",
            "price": "35.53",
            "revenue": 139310
        },
        "2023-02": {
            "month": "2023-02",
            "price": "35.86",
            "revenue": 9789
        },
        "2023-03": {
            "month": "2023-03",
            "price": "38.72",
            "revenue": 162844
        },
        "2023-04": {
            "month": "2023-04",
            "price": "42.98",
            "revenue": 1022
        },
        "2023-05": {
            "month": "2023-05",
            "price": "43.47",
            "revenue": 52945
        },
        "2023-06": {
            "month": "2023-06",
            "price": "42.76",
            "revenue": 158383
        },
        "2023-07": {
            "month": "2023-07",
            "price": "44.72",
            "revenue": 144219
        },
        "2023-08": {
            "month": "2023-08",
            "price": "48.76",
            "revenue": 200594
        }
    }
}
