{
    "summary": {
        "stock_name": "萬潤",
        "stock_id": "6187",
        "category": "其他電子",
        "main_business": "機械設備製造業<br>光學儀器製造業<br>國際貿易業",
        "website_url": "http://www.allring-tech.com.tw",
        "ceo": "歐承恩",
        "pe_ratio": 100,
        "report_year_from": 2001,
        "report_year_to": 2023,
        "age": 23,
        "eps_negative_percentage": 9,
        "eps_growth_avg": {
            "last_all": 8.62,
            "last_2y": 6.72,
            "last_4y": 9.38,
            "last_8y": 10.93,
            "last_12y": 5.78,
            "last_16y": 16.12,
            "last_20y": 8.29,
            "at_2006_last_3y": -21.1,
            "at_2007_last_3y": 3.21,
            "at_2008_last_3y": 16.25,
            "at_2009_last_3y": 15.37,
            "at_2010_last_3y": 44.58,
            "at_2011_last_3y": -0.72,
            "at_2012_last_3y": -18.1,
            "at_2013_last_3y": -5.03,
            "at_2014_last_3y": -17.43,
            "at_2015_last_3y": 38.34,
            "at_2016_last_3y": 42.47,
            "at_2017_last_3y": 28.12,
            "at_2018_last_3y": 12.88,
            "at_2019_last_3y": -8.32,
            "at_2020_last_3y": 4,
            "at_2021_last_3y": 32.73,
            "at_2022_last_3y": 29.8,
            "at_2023_last_3y": 30.04,
            "at_2024_last_3y": 30.04,
            "at_2006_last_all": -13.9,
            "at_2007_last_all": 1.95,
            "at_2008_last_all": 9.01,
            "at_2009_last_all": 2.36,
            "at_2010_last_all": 12.09,
            "at_2011_last_all": 0.88,
            "at_2012_last_all": 0.88,
            "at_2013_last_all": 0.88,
            "at_2014_last_all": 6.72,
            "at_2015_last_all": 7.12,
            "at_2016_last_all": 10.48,
            "at_2017_last_all": 8.66,
            "at_2018_last_all": 8.36,
            "at_2019_last_all": 3.26,
            "at_2020_last_all": 8.95,
            "at_2021_last_all": 14.01,
            "at_2022_last_all": 12.88,
            "at_2023_last_all": 8.62,
            "at_2024_last_all": 8.62
        },
        "latest_eps": 1.69,
        "latest_price": 270,
        "latest_roe": 5.62,
        "latest_gross_margin": 61.04,
        "latest_equity": 2481351,
        "latest_revenue": 369999,
        "latest_gross_profit": 225856,
        "latest_net_income": 65006,
        "latest_debt_ratio": 44.72,
        "latest_current_ratio": 261.74,
        "latest_account_receivable_turnover_ratio": 0.75,
        "latest_inventory_turnover_ratio": 0.16,
        "latest_reinvestment_rate": 43.3,
        "latest_research_to_sale_ratio": 25.67
    },
    "eps_dividends": {
        "2000": {
            "cash": 0,
            "stock": 2.8,
            "eps": 0
        },
        "2001": {
            "cash": 0,
            "stock": 5,
            "eps": 2.82
        },
        "2002": {
            "cash": 0,
            "stock": 2.4,
            "eps": 3.24
        },
        "2003": {
            "cash": 0.5,
            "stock": 2,
            "eps": 2.72
        },
        "2004": {
            "cash": 0.83,
            "stock": 0.83,
            "eps": 2.7
        },
        "2005": {
            "cash": 0.67,
            "stock": 1.12,
            "eps": 1.6
        },
        "2006": {
            "cash": 1,
            "stock": 0,
            "eps": 1.17
        },
        "2007": {
            "cash": 0.81,
            "stock": 0,
            "eps": 2.12
        },
        "2008": {
            "cash": 0.58,
            "stock": 0.58,
            "eps": 3.21
        },
        "2009": {
            "cash": 0.8,
            "stock": 0.45,
            "eps": 1.79
        },
        "2010": {
            "cash": 0.99,
            "stock": 0,
            "eps": 3.4
        },
        "2011": {
            "cash": 0,
            "stock": 0,
            "eps": -3.52
        },
        "2012": {
            "cash": 0,
            "stock": 0,
            "eps": -1.46
        },
        "2013": {
            "cash": 0,
            "stock": 0,
            "eps": 1.52
        },
        "2014": {
            "cash": 1.2,
            "stock": 0,
            "eps": 2.51
        },
        "2015": {
            "cash": 1.75,
            "stock": 0,
            "eps": 2.8
        },
        "2016": {
            "cash": 2,
            "stock": 0,
            "eps": 4.22
        },
        "2017": {
            "cash": 3,
            "stock": 0,
            "eps": 3.59
        },
        "2018": {
            "cash": 3.1,
            "stock": 0,
            "eps": 3.74
        },
        "2019": {
            "cash": 3.1,
            "stock": 0,
            "eps": 1
        },
        "2020": {
            "cash": 1.5,
            "stock": 0,
            "eps": 3.02
        },
        "2021": {
            "cash": 3,
            "stock": 0,
            "eps": 6.64
        },
        "2022": {
            "cash": 4.5,
            "stock": 0,
            "eps": 6.14
        },
        "2023": {
            "cash": 3.1,
            "stock": 0,
            "eps": 1.7
        },
        "2024": {
            "cash": 1.6,
            "stock": 0,
            "eps": 0
        }
    },
    "dividends": {
        "2000-07-08": {
            "cash": 0,
            "stock": 2.8
        },
        "2001-05-12": {
            "cash": 0,
            "stock": 5
        },
        "2002-05-27": {
            "cash": 0,
            "stock": 2.4
        },
        "2003-06-03": {
            "cash": 0.5,
            "stock": 2
        },
        "2004-03-27": {
            "cash": 0.83,
            "stock": 0.83
        },
        "2005-03-18": {
            "cash": 0.67,
            "stock": 1.12
        },
        "2006-04-25": {
            "cash": 1,
            "stock": 0
        },
        "2007-03-30": {
            "cash": 0.81,
            "stock": 0
        },
        "2008-03-14": {
            "cash": 0.58,
            "stock": 0.58
        },
        "2009-03-18": {
            "cash": 0.8,
            "stock": 0.45
        },
        "2010-04-01": {
            "cash": 0.99,
            "stock": 0
        },
        "2014-06-12": {
            "cash": 1.2,
            "stock": 0
        },
        "2015-07-16": {
            "cash": 1.75,
            "stock": 0
        },
        "2016-08-18": {
            "cash": 2,
            "stock": 0
        },
        "2017-08-07": {
            "cash": 3,
            "stock": 0
        },
        "2018-07-25": {
            "cash": 3.1,
            "stock": 0
        },
        "2019-07-24": {
            "cash": 3.1,
            "stock": 0
        },
        "2020-08-04": {
            "cash": 1.5,
            "stock": 0
        },
        "2021-09-03": {
            "cash": 3,
            "stock": 0
        },
        "2022-08-05": {
            "cash": 4.5,
            "stock": 0
        },
        "2023-08-17": {
            "cash": 3.1,
            "stock": 0
        },
        "2024-02-26": {
            "cash": 1.6,
            "stock": 0
        }
    },
    "prices": {
        "200101": "無",
        "200102": "無",
        "200103": "無",
        "200104": "無",
        "200105": "無",
        "200106": "無",
        "200107": "無",
        "200108": "無",
        "200109": "無",
        "200110": "無",
        "200111": "無",
        "200112": "無",
        "200201": "無",
        "200202": "無",
        "200203": "無",
        "200204": "無",
        "200205": "無",
        "200206": "無",
        "200207": "無",
        "200208": "無",
        "200209": "49.70",
        "200210": "39.80",
        "200211": "40.95",
        "200212": "38.29",
        "200301": "37.43",
        "200302": "36.25",
        "200303": "31.82",
        "200304": "29.35",
        "200305": "28.50",
        "200306": "32.66",
        "200307": "31.19",
        "200308": "28.42",
        "200309": "28.37",
        "200310": "31.89",
        "200311": "38.34",
        "200312": "47.58",
        "200401": "52.97",
        "200402": "58.05",
        "200403": "52.57",
        "200404": "52.23",
        "200405": "50.87",
        "200406": "44.01",
        "200407": "36.30",
        "200408": "33.04",
        "200409": "41.44",
        "200410": "38.08",
        "200411": "29.29",
        "200412": "25.80",
        "200501": "23.65",
        "200502": "26.75",
        "200503": "26.32",
        "200504": "24.38",
        "200505": "22.92",
        "200506": "22.97",
        "200507": "24.37",
        "200508": "22.23",
        "200509": "19.55",
        "200510": "17.12",
        "200511": "17.74",
        "200512": "21.88",
        "200601": "31.43",
        "200602": "34.42",
        "200603": "33.38",
        "200604": "33.97",
        "200605": "29.63",
        "200606": "21.84",
        "200607": "20.72",
        "200608": "20.65",
        "200609": "20.70",
        "200610": "20.61",
        "200611": "20.67",
        "200612": "22.11",
        "200701": "21.27",
        "200702": "19.58",
        "200703": "21.86",
        "200704": "28.30",
        "200705": "33.58",
        "200706": "35.59",
        "200707": "33.89",
        "200708": "25.18",
        "200709": "25.24",
        "200710": "24.84",
        "200711": "25.40",
        "200712": "24.55",
        "200801": "24.78",
        "200802": "25.04",
        "200803": "28.13",
        "200804": "32.44",
        "200805": "42.74",
        "200806": "35.08",
        "200807": "25.45",
        "200808": "24.74",
        "200809": "21.64",
        "200810": "18.98",
        "200811": "15.59",
        "200812": "13.84",
        "200901": "14.17",
        "200902": "14.78",
        "200903": "16.02",
        "200904": "18.91",
        "200905": "18.31",
        "200906": "18.64",
        "200907": "21.94",
        "200908": "20.88",
        "200909": "27.80",
        "200910": "35.14",
        "200911": "43.59",
        "200912": "45.25",
        "201001": "40.50",
        "201002": "34.44",
        "201003": "42.16",
        "201004": "44.15",
        "201005": "50.22",
        "201006": "57.15",
        "201007": "54.22",
        "201008": "54.41",
        "201009": "56.24",
        "201010": "53.39",
        "201011": "42.17",
        "201012": "42.87",
        "201101": "38.62",
        "201102": "35.69",
        "201103": "34.57",
        "201104": "33.61",
        "201105": "36.24",
        "201106": "25.85",
        "201107": "19.74",
        "201108": "19.66",
        "201109": "19.04",
        "201110": "14.64",
        "201111": "13.58",
        "201112": "12.59",
        "201201": "13.68",
        "201202": "16.23",
        "201203": "17.88",
        "201204": "16.94",
        "201205": "16.55",
        "201206": "14.94",
        "201207": "15.15",
        "201208": "15.68",
        "201209": "15.57",
        "201210": "14.17",
        "201211": "13.77",
        "201212": "14.77",
        "201301": "14.68",
        "201302": "15.01",
        "201303": "15.05",
        "201304": "14.48",
        "201305": "16.00",
        "201306": "17.33",
        "201307": "19.45",
        "201308": "25.69",
        "201309": "26.12",
        "201310": "30.41",
        "201311": "30.08",
        "201312": "29.59",
        "201401": "29.81",
        "201402": "38.31",
        "201403": "51.96",
        "201404": "58.21",
        "201405": "56.66",
        "201406": "62.44",
        "201407": "56.59",
        "201408": "47.84",
        "201409": "42.63",
        "201410": "35.97",
        "201411": "38.06",
        "201412": "40.84",
        "201501": "42.72",
        "201502": "45.95",
        "201503": "55.40",
        "201504": "60.74",
        "201505": "56.57",
        "201506": "53.10",
        "201507": "45.28",
        "201508": "38.01",
        "201509": "37.82",
        "201510": "37.59",
        "201511": "39.59",
        "201512": "42.14",
        "201601": "39.35",
        "201602": "44.34",
        "201603": "50.20",
        "201604": "54.52",
        "201605": "51.59",
        "201606": "62.63",
        "201607": "67.71",
        "201608": "63.50",
        "201609": "59.52",
        "201610": "52.20",
        "201611": "48.89",
        "201612": "52.47",
        "201701": "56.82",
        "201702": "66.89",
        "201703": "74.36",
        "201704": "70.74",
        "201705": "72.58",
        "201706": "64.12",
        "201707": "58.60",
        "201708": "55.33",
        "201709": "57.50",
        "201710": "68.59",
        "201711": "66.73",
        "201712": "63.15",
        "201801": "65.88",
        "201802": "67.12",
        "201803": "71.73",
        "201804": "65.47",
        "201805": "67.19",
        "201806": "67.31",
        "201807": "65.81",
        "201808": "60.80",
        "201809": "57.72",
        "201810": "48.36",
        "201811": "44.23",
        "201812": "44.74",
        "201901": "43.77",
        "201902": "46.40",
        "201903": "46.48",
        "201904": "47.43",
        "201905": "43.53",
        "201906": "42.83",
        "201907": "39.04",
        "201908": "35.80",
        "201909": "35.66",
        "201910": "36.76",
        "201911": "40.51",
        "201912": "41.01",
        "202001": "41.32",
        "202002": "43.52",
        "202003": "36.42",
        "202004": "37.93",
        "202005": "42.73",
        "202006": "42.70",
        "202007": "51.87",
        "202008": "61.39",
        "202009": "65.52",
        "202010": "70.83",
        "202011": "84.53",
        "202012": "87.26",
        "202101": "112.44",
        "202102": "117.08",
        "202103": "106.00",
        "202104": "142.29",
        "202105": "127.29",
        "202106": "131.90",
        "202107": "142.50",
        "202108": "135.14",
        "202109": "119.35",
        "202110": "106.44",
        "202111": "116.11",
        "202112": "116.43",
        "202201": "127.39",
        "202202": "130.57",
        "202203": "139.52",
        "202204": "118.66",
        "202205": "106.25",
        "202206": "92.50",
        "202207": "75.87",
        "202208": "77.64",
        "202209": "78.49",
        "202210": "60.14",
        "202211": "61.05",
        "202212": "67.17",
        "202301": "63.45",
        "202302": "68.81",
        "202303": "68.77",
        "202304": "65.39",
        "202305": "63.76",
        "202306": "86.80",
        "202307": "119.26",
        "202308": "113.86",
        "202309": "101.80",
        "202310": "129.10",
        "202311": "130.77",
        "202312": "135.50"
    },
    "quarters": {
        "20011": {
            "year_quarter": 20011,
            "year": 2001,
            "quarter": 1,
            "eps": 1.22,
            "eps_growth_year": null,
            "eps_4q": null,
            "eps_4q_growth_year": null,
            "roe": 6.75,
            "roe_4q": 6.75,
            "gross_profit": 33747,
            "gross_margin": 44.81,
            "gross_margin_4q_avg": 44.81,
            "net_income": 16042,
            "net_income_4q": null,
            "revenue": 75303,
            "revenue_4q": null,
            "common_shares": 131200,
            "book_valuer_per_share": 18.72,
            "book_valuer_per_share_4q_avg": 18.72,
            "equity": 245551,
            "current_ratio": 299.87,
            "debt_ratio": 26.51,
            "inventory_turnover_ratio": 0.59,
            "account_receivable_turnover_ratio": null,
            "reinvestment_rate": null,
            "research_to_sale_ratio": null,
            "price_fair": 0,
            "eps_avg_yearly": 0,
            "eps_latest_yearly": 0,
            "eps_growth_yearly": 0
        },
        "20012": {
            "year_quarter": 20012,
            "year": 2001,
            "quarter": 2,
            "eps": 0.95,
            "eps_growth_year": null,
            "eps_4q": null,
            "eps_4q_growth_year": null,
            "roe": 7.58,
            "roe_4q": 14.33,
            "gross_profit": 39069,
            "gross_margin": 47.05,
            "gross_margin_4q_avg": 45.93,
            "net_income": 19324,
            "net_income_4q": null,
            "revenue": 83031,
            "revenue_4q": null,
            "common_shares": 204171,
            "book_valuer_per_share": 12.94,
            "book_valuer_per_share_4q_avg": 15.83,
            "equity": 264138,
            "current_ratio": 351.37,
            "debt_ratio": 23.02,
            "inventory_turnover_ratio": 0.85,
            "account_receivable_turnover_ratio": null,
            "reinvestment_rate": null,
            "research_to_sale_ratio": null,
            "price_fair": 0,
            "eps_avg_yearly": 0,
            "eps_latest_yearly": 0,
            "eps_growth_yearly": 0
        },
        "20013": {
            "year_quarter": 20013,
            "year": 2001,
            "quarter": 3,
            "eps": 0.36,
            "eps_growth_year": null,
            "eps_4q": null,
            "eps_4q_growth_year": null,
            "roe": 2.75,
            "roe_4q": 17.08,
            "gross_profit": 20396,
            "gross_margin": 45.64,
            "gross_margin_4q_avg": 45.83,
            "net_income": 7378,
            "net_income_4q": null,
            "revenue": 44689,
            "revenue_4q": null,
            "common_shares": 204171,
            "book_valuer_per_share": 13.3,
            "book_valuer_per_share_4q_avg": 14.99,
            "equity": 271643,
            "current_ratio": 489.79,
            "debt_ratio": 15.79,
            "inventory_turnover_ratio": 0.48,
            "account_receivable_turnover_ratio": null,
            "reinvestment_rate": null,
            "research_to_sale_ratio": null,
            "price_fair": 0,
            "eps_avg_yearly": 0,
            "eps_latest_yearly": 0,
            "eps_growth_yearly": 0
        },
        "20014": {
            "year_quarter": 20014,
            "year": 2001,
            "quarter": 4,
            "eps": 0.29,
            "eps_growth_year": null,
            "eps_4q": 2.42,
            "eps_4q_growth_year": null,
            "roe": 2.12,
            "roe_4q": 19.2,
            "gross_profit": 16250,
            "gross_margin": 38.26,
            "gross_margin_4q_avg": 43.94,
            "net_income": 5821,
            "net_income_4q": null,
            "revenue": 42468,
            "revenue_4q": null,
            "common_shares": 204171,
            "book_valuer_per_share": 13.6,
            "book_valuer_per_share_4q_avg": 14.64,
            "equity": 277590,
            "current_ratio": 569.02,
            "debt_ratio": 13.47,
            "inventory_turnover_ratio": 0.52,
            "account_receivable_turnover_ratio": null,
            "reinvestment_rate": null,
            "research_to_sale_ratio": null,
            "price_fair": 0,
            "eps_avg_yearly": 0,
            "eps_latest_yearly": 0,
            "eps_growth_yearly": 0
        },
        "20021": {
            "year_quarter": 20021,
            "year": 2002,
            "quarter": 1,
            "eps": 0.65,
            "eps_growth_year": -46.72,
            "eps_4q": 1.9,
            "eps_4q_growth_year": null,
            "roe": 5.9,
            "roe_4q": 18.35,
            "gross_profit": 35820,
            "gross_margin": 33.17,
            "gross_margin_4q_avg": 41.03,
            "net_income": 16886,
            "net_income_4q": null,
            "revenue": 107995,
            "revenue_4q": null,
            "common_shares": 204171,
            "book_valuer_per_share": 14.42,
            "book_valuer_per_share_4q_avg": 13.57,
            "equity": 294476,
            "current_ratio": 413.08,
            "debt_ratio": 18.65,
            "inventory_turnover_ratio": 1.27,
            "account_receivable_turnover_ratio": null,
            "reinvestment_rate": null,
            "research_to_sale_ratio": null,
            "price_fair": 91,
            "eps_avg_yearly": 2.6,
            "eps_latest_yearly": 2.6,
            "eps_growth_yearly": 496.55
        },
        "20022": {
            "year_quarter": 20022,
            "year": 2002,
            "quarter": 2,
            "eps": 1.42,
            "eps_growth_year": 49.47,
            "eps_4q": 2.58,
            "eps_4q_growth_year": null,
            "roe": 11.8,
            "roe_4q": 22.570000000000004,
            "gross_profit": 49189,
            "gross_margin": 22.17,
            "gross_margin_4q_avg": 34.81,
            "net_income": 36841,
            "net_income_4q": null,
            "revenue": 221889,
            "revenue_4q": null,
            "common_shares": 204171,
            "book_valuer_per_share": 16.16,
            "book_valuer_per_share_4q_avg": 14.37,
            "equity": 330009,
            "current_ratio": 246.2,
            "debt_ratio": 33.04,
            "inventory_turnover_ratio": 2.05,
            "account_receivable_turnover_ratio": null,
            "reinvestment_rate": null,
            "research_to_sale_ratio": null,
            "price_fair": 144.9,
            "eps_avg_yearly": 4.14,
            "eps_latest_yearly": 5.68,
            "eps_growth_yearly": 485.2
        },
        "20023": {
            "year_quarter": 20023,
            "year": 2002,
            "quarter": 3,
            "eps": 0.77,
            "eps_growth_year": 113.89,
            "eps_4q": 3.07,
            "eps_4q_growth_year": null,
            "roe": 5.85,
            "roe_4q": 25.669999999999998,
            "gross_profit": 42598,
            "gross_margin": 25.07,
            "gross_margin_4q_avg": 29.67,
            "net_income": 19905,
            "net_income_4q": null,
            "revenue": 169896,
            "revenue_4q": null,
            "common_shares": 260000,
            "book_valuer_per_share": 13.49,
            "book_valuer_per_share_4q_avg": 14.42,
            "equity": 350653,
            "current_ratio": 255.02,
            "debt_ratio": 31.68,
            "inventory_turnover_ratio": 1.3,
            "account_receivable_turnover_ratio": null,
            "reinvestment_rate": null,
            "research_to_sale_ratio": null,
            "price_fair": 132.53,
            "eps_avg_yearly": 3.79,
            "eps_latest_yearly": 3.08,
            "eps_growth_yearly": 262.43
        },
        "20024": {
            "year_quarter": 20024,
            "year": 2002,
            "quarter": 4,
            "eps": 0.4,
            "eps_growth_year": 37.93,
            "eps_4q": 3.21,
            "eps_4q_growth_year": 32.88,
            "roe": 2.94,
            "roe_4q": 26.490000000000002,
            "gross_profit": 35071,
            "gross_margin": 26.44,
            "gross_margin_4q_avg": 26.71,
            "net_income": 10463,
            "net_income_4q": null,
            "revenue": 132632,
            "revenue_4q": null,
            "common_shares": 260000,
            "book_valuer_per_share": 13.89,
            "book_valuer_per_share_4q_avg": 14.49,
            "equity": 361034,
            "current_ratio": 291.6,
            "debt_ratio": 26.17,
            "inventory_turnover_ratio": 1.01,
            "account_receivable_turnover_ratio": null,
            "reinvestment_rate": null,
            "research_to_sale_ratio": null,
            "price_fair": 113.4,
            "eps_avg_yearly": 3.24,
            "eps_latest_yearly": 1.6,
            "eps_growth_yearly": 148.77
        },
        "20031": {
            "year_quarter": 20031,
            "year": 2003,
            "quarter": 1,
            "eps": 0.52,
            "eps_growth_year": -20,
            "eps_4q": 3.1,
            "eps_4q_growth_year": 62.8,
            "roe": 3.69,
            "roe_4q": 24.28,
            "gross_profit": 38399,
            "gross_margin": 27.06,
            "gross_margin_4q_avg": 25.19,
            "net_income": 13565,
            "net_income_4q": null,
            "revenue": 141925,
            "revenue_4q": null,
            "common_shares": 260000,
            "book_valuer_per_share": 14.41,
            "book_valuer_per_share_4q_avg": 14.49,
            "equity": 374599,
            "current_ratio": 283.05,
            "debt_ratio": 27.43,
            "inventory_turnover_ratio": 0.89,
            "account_receivable_turnover_ratio": null,
            "reinvestment_rate": null,
            "research_to_sale_ratio": null,
            "price_fair": 105.28,
            "eps_avg_yearly": 3.01,
            "eps_latest_yearly": 2.08,
            "eps_growth_yearly": 143.02
        },
        "20032": {
            "year_quarter": 20032,
            "year": 2003,
            "quarter": 2,
            "eps": 0.61,
            "eps_growth_year": -57.04,
            "eps_4q": 1.98,
            "eps_4q_growth_year": -23.43,
            "roe": 5.2,
            "roe_4q": 17.68,
            "gross_profit": 40610,
            "gross_margin": 22.45,
            "gross_margin_4q_avg": 25.26,
            "net_income": 19630,
            "net_income_4q": null,
            "revenue": 180916,
            "revenue_4q": null,
            "common_shares": 260000,
            "book_valuer_per_share": 14.62,
            "book_valuer_per_share_4q_avg": 14.1,
            "equity": 380229,
            "current_ratio": 413.17,
            "debt_ratio": 46.43,
            "inventory_turnover_ratio": 1.06,
            "account_receivable_turnover_ratio": null,
            "reinvestment_rate": null,
            "research_to_sale_ratio": null,
            "price_fair": 101.97,
            "eps_avg_yearly": 2.91,
            "eps_latest_yearly": 2.44,
            "eps_growth_yearly": 130.72
        },
        "20033": {
            "year_quarter": 20033,
            "year": 2003,
            "quarter": 3,
            "eps": 0.59,
            "eps_growth_year": -23.38,
            "eps_4q": 1.96,
            "eps_4q_growth_year": -36.34,
            "roe": 4.83,
            "roe_4q": 16.66,
            "gross_profit": 50262,
            "gross_margin": 25.33,
            "gross_margin_4q_avg": 25.32,
            "net_income": 18847,
            "net_income_4q": null,
            "revenue": 198397,
            "revenue_4q": null,
            "common_shares": 320000,
            "book_valuer_per_share": 12.51,
            "book_valuer_per_share_4q_avg": 13.86,
            "equity": 400290,
            "current_ratio": 319.82,
            "debt_ratio": 48.22,
            "inventory_turnover_ratio": 0.98,
            "account_receivable_turnover_ratio": null,
            "reinvestment_rate": null,
            "research_to_sale_ratio": null,
            "price_fair": 99.2,
            "eps_avg_yearly": 2.83,
            "eps_latest_yearly": 2.36,
            "eps_growth_yearly": 110.17
        },
        "20034": {
            "year_quarter": 20034,
            "year": 2003,
            "quarter": 4,
            "eps": 1,
            "eps_growth_year": 150,
            "eps_4q": 2.61,
            "eps_4q_growth_year": -18.88,
            "roe": 7.14,
            "roe_4q": 20.86,
            "gross_profit": 53985,
            "gross_margin": 22.76,
            "gross_margin_4q_avg": 24.4,
            "net_income": 32365,
            "net_income_4q": null,
            "revenue": 237203,
            "revenue_4q": null,
            "common_shares": 350327,
            "book_valuer_per_share": 14.44,
            "book_valuer_per_share_4q_avg": 14,
            "equity": 505885,
            "current_ratio": 299.02,
            "debt_ratio": 38.29,
            "inventory_turnover_ratio": 1.12,
            "account_receivable_turnover_ratio": null,
            "reinvestment_rate": null,
            "research_to_sale_ratio": null,
            "price_fair": 104.3,
            "eps_avg_yearly": 2.98,
            "eps_latest_yearly": 4,
            "eps_growth_yearly": 131.15
        },
        "20041": {
            "year_quarter": 20041,
            "year": 2004,
            "quarter": 1,
            "eps": 1.02,
            "eps_growth_year": 96.15,
            "eps_4q": 3,
            "eps_4q_growth_year": -3.02,
            "roe": 6.64,
            "roe_4q": 23.81,
            "gross_profit": 71860,
            "gross_margin": 30.83,
            "gross_margin_4q_avg": 25.34,
            "net_income": 36444,
            "net_income_4q": null,
            "revenue": 233066,
            "revenue_4q": null,
            "common_shares": 370368,
            "book_valuer_per_share": 15.98,
            "book_valuer_per_share_4q_avg": 14.39,
            "equity": 591675,
            "current_ratio": 281.95,
            "debt_ratio": 32.78,
            "inventory_turnover_ratio": 0.91,
            "account_receivable_turnover_ratio": null,
            "reinvestment_rate": null,
            "research_to_sale_ratio": null,
            "price_fair": 108.58,
            "eps_avg_yearly": 3.1,
            "eps_latest_yearly": 4.08,
            "eps_growth_yearly": 117.46
        },
        "20042": {
            "year_quarter": 20042,
            "year": 2004,
            "quarter": 2,
            "eps": 1.45,
            "eps_growth_year": 137.7,
            "eps_4q": 3.56,
            "eps_4q_growth_year": 80.07,
            "roe": 9.68,
            "roe_4q": 28.29,
            "gross_profit": 86449,
            "gross_margin": 28.04,
            "gross_margin_4q_avg": 26.74,
            "net_income": 60332,
            "net_income_4q": null,
            "revenue": 308253,
            "revenue_4q": null,
            "common_shares": 396392,
            "book_valuer_per_share": 16.52,
            "book_valuer_per_share_4q_avg": 14.86,
            "equity": 654837,
            "current_ratio": 344.4,
            "debt_ratio": 47.95,
            "inventory_turnover_ratio": 1.08,
            "account_receivable_turnover_ratio": null,
            "reinvestment_rate": null,
            "research_to_sale_ratio": null,
            "price_fair": 118.02,
            "eps_avg_yearly": 3.37,
            "eps_latest_yearly": 5.8,
            "eps_growth_yearly": 122.58
        },
        "20043": {
            "year_quarter": 20043,
            "year": 2004,
            "quarter": 3,
            "eps": 1.35,
            "eps_growth_year": 128.81,
            "eps_4q": 4.38,
            "eps_4q_growth_year": 123.98,
            "roe": 8.26,
            "roe_4q": 31.72,
            "gross_profit": 81039,
            "gross_margin": 25.06,
            "gross_margin_4q_avg": 26.67,
            "net_income": 57489,
            "net_income_4q": null,
            "revenue": 323436,
            "revenue_4q": null,
            "common_shares": 460104,
            "book_valuer_per_share": 16.01,
            "book_valuer_per_share_4q_avg": 15.74,
            "equity": 736787,
            "current_ratio": 402.39,
            "debt_ratio": 42.28,
            "inventory_turnover_ratio": 1.24,
            "account_receivable_turnover_ratio": null,
            "reinvestment_rate": null,
            "research_to_sale_ratio": null,
            "price_fair": 124.47,
            "eps_avg_yearly": 3.56,
            "eps_latest_yearly": 5.4,
            "eps_growth_yearly": 108.93
        },
        "20044": {
            "year_quarter": 20044,
            "year": 2004,
            "quarter": 4,
            "eps": -1.12,
            "eps_growth_year": -212,
            "eps_4q": 2.46,
            "eps_4q_growth_year": -5.67,
            "roe": -6.92,
            "roe_4q": 17.66,
            "gross_profit": 17116,
            "gross_margin": 14.65,
            "gross_margin_4q_avg": 24.65,
            "net_income": -48098,
            "net_income_4q": null,
            "revenue": 116825,
            "revenue_4q": null,
            "common_shares": 460149,
            "book_valuer_per_share": 14.21,
            "book_valuer_per_share_4q_avg": 15.68,
            "equity": 653793,
            "current_ratio": 473.62,
            "debt_ratio": 42.28,
            "inventory_turnover_ratio": 0.57,
            "account_receivable_turnover_ratio": null,
            "reinvestment_rate": 41.34,
            "research_to_sale_ratio": null,
            "price_fair": 124.47,
            "eps_avg_yearly": 3.56,
            "eps_latest_yearly": 5.4,
            "eps_growth_yearly": 108.93
        },
        "20051": {
            "year_quarter": 20051,
            "year": 2005,
            "quarter": 1,
            "eps": 0.2,
            "eps_growth_year": -80.39,
            "eps_4q": 1.77,
            "eps_4q_growth_year": -41.03,
            "roe": 1.35,
            "roe_4q": 12.37,
            "gross_profit": 36394,
            "gross_margin": 22.36,
            "gross_margin_4q_avg": 22.53,
            "net_income": 8878,
            "net_income_4q": null,
            "revenue": 162758,
            "revenue_4q": null,
            "common_shares": 463879,
            "book_valuer_per_share": 14.34,
            "book_valuer_per_share_4q_avg": 15.27,
            "equity": 665336,
            "current_ratio": 468.43,
            "debt_ratio": 36.27,
            "inventory_turnover_ratio": 0.74,
            "account_receivable_turnover_ratio": null,
            "reinvestment_rate": 42.78,
            "research_to_sale_ratio": null,
            "price_fair": 124.47,
            "eps_avg_yearly": 3.56,
            "eps_latest_yearly": 5.4,
            "eps_growth_yearly": 108.93
        },
        "20052": {
            "year_quarter": 20052,
            "year": 2005,
            "quarter": 2,
            "eps": 0.66,
            "eps_growth_year": -54.48,
            "eps_4q": 1.07,
            "eps_4q_growth_year": -69.84,
            "roe": 4.41,
            "roe_4q": 7.1,
            "gross_profit": 53965,
            "gross_margin": 31.96,
            "gross_margin_4q_avg": 23.51,
            "net_income": 29216,
            "net_income_4q": null,
            "revenue": 168876,
            "revenue_4q": null,
            "common_shares": 463879,
            "book_valuer_per_share": 14.23,
            "book_valuer_per_share_4q_avg": 14.7,
            "equity": 660238,
            "current_ratio": 410.16,
            "debt_ratio": 38.15,
            "inventory_turnover_ratio": 0.77,
            "account_receivable_turnover_ratio": null,
            "reinvestment_rate": 31.52,
            "research_to_sale_ratio": null,
            "price_fair": 121.8,
            "eps_avg_yearly": 3.48,
            "eps_latest_yearly": 2.64,
            "eps_growth_yearly": 176.52
        },
        "20053": {
            "year_quarter": 20053,
            "year": 2005,
            "quarter": 3,
            "eps": 0.39,
            "eps_growth_year": -71.11,
            "eps_4q": 0.19,
            "eps_4q_growth_year": -95.6,
            "roe": 2.95,
            "roe_4q": 1.790000000000001,
            "gross_profit": 42572,
            "gross_margin": 30.33,
            "gross_margin_4q_avg": 24.83,
            "net_income": 19787,
            "net_income_4q": null,
            "revenue": 140382,
            "revenue_4q": null,
            "common_shares": 518879,
            "book_valuer_per_share": 13.16,
            "book_valuer_per_share_4q_avg": 13.99,
            "equity": 682861,
            "current_ratio": 503.65,
            "debt_ratio": 34.56,
            "inventory_turnover_ratio": 0.76,
            "account_receivable_turnover_ratio": null,
            "reinvestment_rate": 30.71,
            "research_to_sale_ratio": null,
            "price_fair": 116.63,
            "eps_avg_yearly": 3.33,
            "eps_latest_yearly": 1.56,
            "eps_growth_yearly": 150.35
        },
        "20054": {
            "year_quarter": 20054,
            "year": 2005,
            "quarter": 4,
            "eps": 0.35,
            "eps_growth_year": null,
            "eps_4q": 1.51,
            "eps_4q_growth_year": -38.74,
            "roe": 2.56,
            "roe_4q": 11.27,
            "gross_profit": 52760,
            "gross_margin": 30.92,
            "gross_margin_4q_avg": 28.89,
            "net_income": 17510,
            "net_income_4q": null,
            "revenue": 170623,
            "revenue_4q": null,
            "common_shares": 511119,
            "book_valuer_per_share": 13.42,
            "book_valuer_per_share_4q_avg": 13.79,
            "equity": 685873,
            "current_ratio": 382.49,
            "debt_ratio": 39.22,
            "inventory_turnover_ratio": 0.93,
            "account_receivable_turnover_ratio": null,
            "reinvestment_rate": 32.25,
            "research_to_sale_ratio": null,
            "price_fair": 111.8,
            "eps_avg_yearly": 3.19,
            "eps_latest_yearly": 1.4,
            "eps_growth_yearly": 136.68
        },
        "20061": {
            "year_quarter": 20061,
            "year": 2006,
            "quarter": 1,
            "eps": 0.69,
            "eps_growth_year": 245,
            "eps_4q": 2.04,
            "eps_4q_growth_year": 15.41,
            "roe": 4.71,
            "roe_4q": 14.629999999999999,
            "gross_profit": 73046,
            "gross_margin": 35.32,
            "gross_margin_4q_avg": 32.13,
            "net_income": 33908,
            "net_income_4q": null,
            "revenue": 206816,
            "revenue_4q": null,
            "common_shares": 527233,
            "book_valuer_per_share": 14.31,
            "book_valuer_per_share_4q_avg": 13.78,
            "equity": 754468,
            "current_ratio": 442.69,
            "debt_ratio": 34.66,
            "inventory_turnover_ratio": 1.07,
            "account_receivable_turnover_ratio": null,
            "reinvestment_rate": 27,
            "research_to_sale_ratio": null,
            "price_fair": 112.2,
            "eps_avg_yearly": 3.21,
            "eps_latest_yearly": 2.76,
            "eps_growth_yearly": 128.97
        },
        "20062": {
            "year_quarter": 20062,
            "year": 2006,
            "quarter": 2,
            "eps": 0.45,
            "eps_growth_year": -31.82,
            "eps_4q": 1.88,
            "eps_4q_growth_year": 74.94,
            "roe": 3.04,
            "roe_4q": 13.260000000000002,
            "gross_profit": 55038,
            "gross_margin": 34.54,
            "gross_margin_4q_avg": 32.78,
            "net_income": 22461,
            "net_income_4q": null,
            "revenue": 159329,
            "revenue_4q": null,
            "common_shares": 528276,
            "book_valuer_per_share": 13.66,
            "book_valuer_per_share_4q_avg": 13.64,
            "equity": 721618,
            "current_ratio": 387.66,
            "debt_ratio": 37.11,
            "inventory_turnover_ratio": 0.91,
            "account_receivable_turnover_ratio": null,
            "reinvestment_rate": 26.01,
            "research_to_sale_ratio": null,
            "price_fair": 102.5,
            "eps_avg_yearly": 2.93,
            "eps_latest_yearly": 1.8,
            "eps_growth_yearly": 85.19
        },
        "20063": {
            "year_quarter": 20063,
            "year": 2006,
            "quarter": 3,
            "eps": 0.39,
            "eps_growth_year": 0,
            "eps_4q": 1.86,
            "eps_4q_growth_year": 867.18,
            "roe": 2.67,
            "roe_4q": 12.98,
            "gross_profit": 53934,
            "gross_margin": 38.32,
            "gross_margin_4q_avg": 34.78,
            "net_income": 19535,
            "net_income_4q": null,
            "revenue": 140741,
            "revenue_4q": null,
            "common_shares": 528276,
            "book_valuer_per_share": 14.09,
            "book_valuer_per_share_4q_avg": 13.87,
            "equity": 744109,
            "current_ratio": 481.4,
            "debt_ratio": 33.4,
            "inventory_turnover_ratio": 0.79,
            "account_receivable_turnover_ratio": null,
            "reinvestment_rate": 24.31,
            "research_to_sale_ratio": null,
            "price_fair": 98.7,
            "eps_avg_yearly": 2.82,
            "eps_latest_yearly": 1.56,
            "eps_growth_yearly": 94.45
        },
        "20064": {
            "year_quarter": 20064,
            "year": 2006,
            "quarter": 4,
            "eps": -0.36,
            "eps_growth_year": -202.86,
            "eps_4q": 1.14,
            "eps_4q_growth_year": -24.35,
            "roe": -2.49,
            "roe_4q": 7.93,
            "gross_profit": 47246,
            "gross_margin": 35.66,
            "gross_margin_4q_avg": 35.96,
            "net_income": -18341,
            "net_income_4q": null,
            "revenue": 132507,
            "revenue_4q": null,
            "common_shares": 529476,
            "book_valuer_per_share": 13.74,
            "book_valuer_per_share_4q_avg": 13.95,
            "equity": 727284,
            "current_ratio": 543.67,
            "debt_ratio": 35.5,
            "inventory_turnover_ratio": 0.81,
            "account_receivable_turnover_ratio": null,
            "reinvestment_rate": 29.72,
            "research_to_sale_ratio": null,
            "price_fair": 101.98,
            "eps_avg_yearly": 2.91,
            "eps_latest_yearly": 1.56,
            "eps_growth_yearly": 116.51
        },
        "20071": {
            "year_quarter": 20071,
            "year": 2007,
            "quarter": 1,
            "eps": 0.44,
            "eps_growth_year": -36.23,
            "eps_4q": 0.9,
            "eps_4q_growth_year": -56.01,
            "roe": 3.07,
            "roe_4q": 6.289999999999999,
            "gross_profit": 54743,
            "gross_margin": 33.81,
            "gross_margin_4q_avg": 35.58,
            "net_income": 22675,
            "net_income_4q": null,
            "revenue": 161915,
            "revenue_4q": null,
            "common_shares": 529476,
            "book_valuer_per_share": 14.19,
            "book_valuer_per_share_4q_avg": 13.92,
            "equity": 751415,
            "current_ratio": 357,
            "debt_ratio": 31.11,
            "inventory_turnover_ratio": 0.92,
            "account_receivable_turnover_ratio": null,
            "reinvestment_rate": 24.51,
            "research_to_sale_ratio": null,
            "price_fair": 104.42,
            "eps_avg_yearly": 2.98,
            "eps_latest_yearly": 1.56,
            "eps_growth_yearly": 116.21
        },
        "20072": {
            "year_quarter": 20072,
            "year": 2007,
            "quarter": 2,
            "eps": 0.73,
            "eps_growth_year": 62.22,
            "eps_4q": 1.2,
            "eps_4q_growth_year": -36.29,
            "roe": 4.91,
            "roe_4q": 8.16,
            "gross_profit": 82543,
            "gross_margin": 31.85,
            "gross_margin_4q_avg": 34.91,
            "net_income": 37433,
            "net_income_4q": null,
            "revenue": 259142,
            "revenue_4q": null,
            "common_shares": 524056,
            "book_valuer_per_share": 14.76,
            "book_valuer_per_share_4q_avg": 14.2,
            "equity": 773416,
            "current_ratio": 274.97,
            "debt_ratio": 32.26,
            "inventory_turnover_ratio": 1.48,
            "account_receivable_turnover_ratio": null,
            "reinvestment_rate": 22.1,
            "research_to_sale_ratio": null,
            "price_fair": 105.82,
            "eps_avg_yearly": 3.02,
            "eps_latest_yearly": 2.92,
            "eps_growth_yearly": 132.41
        },
        "20073": {
            "year_quarter": 20073,
            "year": 2007,
            "quarter": 3,
            "eps": 0.53,
            "eps_growth_year": 35.9,
            "eps_4q": 1.33,
            "eps_4q_growth_year": -28.49,
            "roe": 3.48,
            "roe_4q": 8.97,
            "gross_profit": 67793,
            "gross_margin": 31.73,
            "gross_margin_4q_avg": 33.26,
            "net_income": 27546,
            "net_income_4q": null,
            "revenue": 213647,
            "revenue_4q": null,
            "common_shares": 527556,
            "book_valuer_per_share": 15.34,
            "book_valuer_per_share_4q_avg": 14.51,
            "equity": 809065,
            "current_ratio": 238.73,
            "debt_ratio": 29.02,
            "inventory_turnover_ratio": 1.5,
            "account_receivable_turnover_ratio": null,
            "reinvestment_rate": 12.58,
            "research_to_sale_ratio": null,
            "price_fair": 105.12,
            "eps_avg_yearly": 3,
            "eps_latest_yearly": 2.12,
            "eps_growth_yearly": 124.38
        },
        "20074": {
            "year_quarter": 20074,
            "year": 2007,
            "quarter": 4,
            "eps": 0.42,
            "eps_growth_year": null,
            "eps_4q": 2.12,
            "eps_4q_growth_year": 85.82,
            "roe": 2.64,
            "roe_4q": 14.100000000000001,
            "gross_profit": 55589,
            "gross_margin": 31.07,
            "gross_margin_4q_avg": 32.12,
            "net_income": 21677,
            "net_income_4q": null,
            "revenue": 178937,
            "revenue_4q": null,
            "common_shares": 527556,
            "book_valuer_per_share": 15.77,
            "book_valuer_per_share_4q_avg": 15.02,
            "equity": 832048,
            "current_ratio": 308.3,
            "debt_ratio": 26.67,
            "inventory_turnover_ratio": 1.26,
            "account_receivable_turnover_ratio": null,
            "reinvestment_rate": 2.21,
            "research_to_sale_ratio": null,
            "price_fair": 98.35,
            "eps_avg_yearly": 2.81,
            "eps_latest_yearly": 1.68,
            "eps_growth_yearly": 94.29
        },
        "20081": {
            "year_quarter": 20081,
            "year": 2008,
            "quarter": 1,
            "eps": 0.45,
            "eps_growth_year": 2.27,
            "eps_4q": 2.09,
            "eps_4q_growth_year": 132.81,
            "roe": 2.81,
            "roe_4q": 13.84,
            "gross_profit": 72884,
            "gross_margin": 33,
            "gross_margin_4q_avg": 31.91,
            "net_income": 23734,
            "net_income_4q": null,
            "revenue": 220880,
            "revenue_4q": null,
            "common_shares": 529206,
            "book_valuer_per_share": 16.15,
            "book_valuer_per_share_4q_avg": 15.51,
            "equity": 854704,
            "current_ratio": 297.51,
            "debt_ratio": 32.48,
            "inventory_turnover_ratio": 0.98,
            "account_receivable_turnover_ratio": null,
            "reinvestment_rate": -4.5,
            "research_to_sale_ratio": null,
            "price_fair": 91.7,
            "eps_avg_yearly": 2.62,
            "eps_latest_yearly": 1.8,
            "eps_growth_yearly": 96.01
        },
        "20082": {
            "year_quarter": 20082,
            "year": 2008,
            "quarter": 2,
            "eps": 0.86,
            "eps_growth_year": 17.81,
            "eps_4q": 2.16,
            "eps_4q_growth_year": 80.41,
            "roe": 5.48,
            "roe_4q": 14.410000000000002,
            "gross_profit": 117033,
            "gross_margin": 36.58,
            "gross_margin_4q_avg": 33.1,
            "net_income": 48382,
            "net_income_4q": null,
            "revenue": 319919,
            "revenue_4q": null,
            "common_shares": 542982,
            "book_valuer_per_share": 16.8,
            "book_valuer_per_share_4q_avg": 16.02,
            "equity": 912353,
            "current_ratio": 262.1,
            "debt_ratio": 31.74,
            "inventory_turnover_ratio": 1.18,
            "account_receivable_turnover_ratio": null,
            "reinvestment_rate": -4.51,
            "research_to_sale_ratio": null,
            "price_fair": 84.82,
            "eps_avg_yearly": 2.42,
            "eps_latest_yearly": 3.44,
            "eps_growth_yearly": 112.33
        },
        "20083": {
            "year_quarter": 20083,
            "year": 2008,
            "quarter": 3,
            "eps": 1.57,
            "eps_growth_year": 196.23,
            "eps_4q": 3.2,
            "eps_4q_growth_year": 139.63,
            "roe": 9.45,
            "roe_4q": 20.38,
            "gross_profit": 144161,
            "gross_margin": 41.31,
            "gross_margin_4q_avg": 35.49,
            "net_income": 90580,
            "net_income_4q": null,
            "revenue": 348964,
            "revenue_4q": null,
            "common_shares": 580605,
            "book_valuer_per_share": 17.3,
            "book_valuer_per_share_4q_avg": 16.51,
            "equity": 1004180,
            "current_ratio": 292.33,
            "debt_ratio": 28.63,
            "inventory_turnover_ratio": 1.23,
            "account_receivable_turnover_ratio": null,
            "reinvestment_rate": -5.34,
            "research_to_sale_ratio": null,
            "price_fair": 87.38,
            "eps_avg_yearly": 2.5,
            "eps_latest_yearly": 6.28,
            "eps_growth_yearly": 142.14
        },
        "20084": {
            "year_quarter": 20084,
            "year": 2008,
            "quarter": 4,
            "eps": 0.33,
            "eps_growth_year": -21.43,
            "eps_4q": 3.23,
            "eps_4q_growth_year": 52.54,
            "roe": 1.83,
            "roe_4q": 19.569999999999997,
            "gross_profit": 58532,
            "gross_margin": 23.73,
            "gross_margin_4q_avg": 33.66,
            "net_income": 18505,
            "net_income_4q": null,
            "revenue": 246708,
            "revenue_4q": null,
            "common_shares": 570745,
            "book_valuer_per_share": 17.82,
            "book_valuer_per_share_4q_avg": 17.02,
            "equity": 1016898,
            "current_ratio": 316.91,
            "debt_ratio": 26.1,
            "inventory_turnover_ratio": 1.31,
            "account_receivable_turnover_ratio": 1.1,
            "reinvestment_rate": -8.93,
            "research_to_sale_ratio": null,
            "price_fair": 84.22,
            "eps_avg_yearly": 2.41,
            "eps_latest_yearly": 1.32,
            "eps_growth_yearly": 106.91
        },
        "20091": {
            "year_quarter": 20091,
            "year": 2009,
            "quarter": 1,
            "eps": 0.15,
            "eps_growth_year": -66.67,
            "eps_4q": 2.86,
            "eps_4q_growth_year": 36.88,
            "roe": 0.85,
            "roe_4q": 17.61,
            "gross_profit": 23630,
            "gross_margin": 26.88,
            "gross_margin_4q_avg": 32.13,
            "net_income": 8700,
            "net_income_4q": null,
            "revenue": 87911,
            "revenue_4q": null,
            "common_shares": 570745,
            "book_valuer_per_share": 18.05,
            "book_valuer_per_share_4q_avg": 17.49,
            "equity": 1030274,
            "current_ratio": 392.07,
            "debt_ratio": 20.5,
            "inventory_turnover_ratio": 0.67,
            "account_receivable_turnover_ratio": 0.2,
            "reinvestment_rate": -9.72,
            "research_to_sale_ratio": null,
            "price_fair": 79.7,
            "eps_avg_yearly": 2.28,
            "eps_latest_yearly": 0.6,
            "eps_growth_yearly": 83.69
        },
        "20092": {
            "year_quarter": 20092,
            "year": 2009,
            "quarter": 2,
            "eps": 0.47,
            "eps_growth_year": -45.35,
            "eps_4q": 2.45,
            "eps_4q_growth_year": 13.75,
            "roe": 2.73,
            "roe_4q": 14.86,
            "gross_profit": 58054,
            "gross_margin": 43.95,
            "gross_margin_4q_avg": 33.97,
            "net_income": 27911,
            "net_income_4q": null,
            "revenue": 132084,
            "revenue_4q": null,
            "common_shares": 570745,
            "book_valuer_per_share": 17.79,
            "book_valuer_per_share_4q_avg": 17.74,
            "equity": 1015197,
            "current_ratio": 350.95,
            "debt_ratio": 21.68,
            "inventory_turnover_ratio": 0.79,
            "account_receivable_turnover_ratio": 0.29,
            "reinvestment_rate": -2.65,
            "research_to_sale_ratio": null,
            "price_fair": 77.8,
            "eps_avg_yearly": 2.22,
            "eps_latest_yearly": 1.88,
            "eps_growth_yearly": 78.93
        },
        "20093": {
            "year_quarter": 20093,
            "year": 2009,
            "quarter": 3,
            "eps": 0.41,
            "eps_growth_year": -73.89,
            "eps_4q": 1.34,
            "eps_4q_growth_year": -58.15,
            "roe": 2.36,
            "roe_4q": 7.77,
            "gross_profit": 69369,
            "gross_margin": 37.86,
            "gross_margin_4q_avg": 33.11,
            "net_income": 24370,
            "net_income_4q": null,
            "revenue": 183225,
            "revenue_4q": null,
            "common_shares": 609464,
            "book_valuer_per_share": 17.25,
            "book_valuer_per_share_4q_avg": 17.73,
            "equity": 1051365,
            "current_ratio": 381.03,
            "debt_ratio": 20.01,
            "inventory_turnover_ratio": 1.03,
            "account_receivable_turnover_ratio": 0.37,
            "reinvestment_rate": -3.27,
            "research_to_sale_ratio": null,
            "price_fair": 78,
            "eps_avg_yearly": 2.23,
            "eps_latest_yearly": 1.64,
            "eps_growth_yearly": 86.97
        },
        "20094": {
            "year_quarter": 20094,
            "year": 2009,
            "quarter": 4,
            "eps": 0.76,
            "eps_growth_year": 130.3,
            "eps_4q": 1.73,
            "eps_4q_growth_year": -46.57,
            "roe": 4.2,
            "roe_4q": 10.14,
            "gross_profit": 91991,
            "gross_margin": 36.05,
            "gross_margin_4q_avg": 36.19,
            "net_income": 45345,
            "net_income_4q": null,
            "revenue": 255146,
            "revenue_4q": null,
            "common_shares": 615814,
            "book_valuer_per_share": 18,
            "book_valuer_per_share_4q_avg": 17.77,
            "equity": 1108183,
            "current_ratio": 384.37,
            "debt_ratio": 20.09,
            "inventory_turnover_ratio": 1.51,
            "account_receivable_turnover_ratio": 0.91,
            "reinvestment_rate": 2.71,
            "research_to_sale_ratio": null,
            "price_fair": 82.1,
            "eps_avg_yearly": 2.35,
            "eps_latest_yearly": 3.04,
            "eps_growth_yearly": 114.29
        },
        "20101": {
            "year_quarter": 20101,
            "year": 2010,
            "quarter": 1,
            "eps": 0.69,
            "eps_growth_year": 360,
            "eps_4q": 2.26,
            "eps_4q_growth_year": -20.96,
            "roe": 3.75,
            "roe_4q": 13.040000000000001,
            "gross_profit": 106182,
            "gross_margin": 45.99,
            "gross_margin_4q_avg": 40.96,
            "net_income": 42491,
            "net_income_4q": null,
            "revenue": 230859,
            "revenue_4q": null,
            "common_shares": 618764,
            "book_valuer_per_share": 18.67,
            "book_valuer_per_share_4q_avg": 17.93,
            "equity": 1155348,
            "current_ratio": 393.17,
            "debt_ratio": 19.77,
            "inventory_turnover_ratio": 1.11,
            "account_receivable_turnover_ratio": 0.4,
            "reinvestment_rate": 8.18,
            "research_to_sale_ratio": 11.99,
            "price_fair": 82.1,
            "eps_avg_yearly": 2.35,
            "eps_latest_yearly": 2.76,
            "eps_growth_yearly": 83.9
        },
        "20102": {
            "year_quarter": 20102,
            "year": 2010,
            "quarter": 2,
            "eps": 1.1,
            "eps_growth_year": 133.36,
            "eps_4q": 2.9,
            "eps_4q_growth_year": 18.23,
            "roe": 5.87,
            "roe_4q": 16.18,
            "gross_profit": 140744,
            "gross_margin": 36.7,
            "gross_margin_4q_avg": 39.15,
            "net_income": 68224,
            "net_income_4q": null,
            "revenue": 383520,
            "revenue_4q": null,
            "common_shares": 622039,
            "book_valuer_per_share": 18.82,
            "book_valuer_per_share_4q_avg": 18.19,
            "equity": 1170806,
            "current_ratio": 273.6,
            "debt_ratio": 28.44,
            "inventory_turnover_ratio": 1.72,
            "account_receivable_turnover_ratio": 0.61,
            "reinvestment_rate": 7.59,
            "research_to_sale_ratio": 7.07,
            "price_fair": 88.6,
            "eps_avg_yearly": 2.53,
            "eps_latest_yearly": 4.4,
            "eps_growth_yearly": 110.82
        },
        "20103": {
            "year_quarter": 20103,
            "year": 2010,
            "quarter": 3,
            "eps": 1.37,
            "eps_growth_year": 235.31,
            "eps_4q": 3.85,
            "eps_4q_growth_year": 188.02,
            "roe": 7.11,
            "roe_4q": 20.93,
            "gross_profit": 168968,
            "gross_margin": 36.36,
            "gross_margin_4q_avg": 38.78,
            "net_income": 86621,
            "net_income_4q": null,
            "revenue": 464685,
            "revenue_4q": null,
            "common_shares": 628719,
            "book_valuer_per_share": 20.16,
            "book_valuer_per_share_4q_avg": 18.91,
            "equity": 1267401,
            "current_ratio": 309.52,
            "debt_ratio": 25.74,
            "inventory_turnover_ratio": 1.74,
            "account_receivable_turnover_ratio": 0.61,
            "reinvestment_rate": 6.51,
            "research_to_sale_ratio": 6.1,
            "price_fair": 98.4,
            "eps_avg_yearly": 2.81,
            "eps_latest_yearly": 5.48,
            "eps_growth_yearly": 121.64
        },
        "20104": {
            "year_quarter": 20104,
            "year": 2010,
            "quarter": 4,
            "eps": 0.24,
            "eps_growth_year": -68.67,
            "eps_4q": 3.34,
            "eps_4q_growth_year": 93.43,
            "roe": 1.18,
            "roe_4q": 17.91,
            "gross_profit": 103724,
            "gross_margin": 36.38,
            "gross_margin_4q_avg": 38.86,
            "net_income": 15149,
            "net_income_4q": null,
            "revenue": 285125,
            "revenue_4q": null,
            "common_shares": 636239,
            "book_valuer_per_share": 20.32,
            "book_valuer_per_share_4q_avg": 19.49,
            "equity": 1292606,
            "current_ratio": 341.16,
            "debt_ratio": 25.6,
            "inventory_turnover_ratio": 1.1,
            "account_receivable_turnover_ratio": 0.34,
            "reinvestment_rate": 13.67,
            "research_to_sale_ratio": 13.02,
            "price_fair": 94.08,
            "eps_avg_yearly": 2.69,
            "eps_latest_yearly": 0.96,
            "eps_growth_yearly": 91.53
        },
        "20111": {
            "year_quarter": 20111,
            "year": 2011,
            "quarter": 1,
            "eps": 0.42,
            "eps_growth_year": -39.13,
            "eps_4q": 3.07,
            "eps_4q_growth_year": 35.68,
            "roe": 2.05,
            "roe_4q": 16.21,
            "gross_profit": 84922,
            "gross_margin": 38.89,
            "gross_margin_4q_avg": 37.08,
            "net_income": 26961,
            "net_income_4q": null,
            "revenue": 218357,
            "revenue_4q": null,
            "common_shares": 641029,
            "book_valuer_per_share": 20.8,
            "book_valuer_per_share_4q_avg": 20.03,
            "equity": 1333041,
            "current_ratio": 371.86,
            "debt_ratio": 23.61,
            "inventory_turnover_ratio": 0.83,
            "account_receivable_turnover_ratio": 0.29,
            "reinvestment_rate": 18.07,
            "research_to_sale_ratio": 14.94,
            "price_fair": 91.88,
            "eps_avg_yearly": 2.63,
            "eps_latest_yearly": 1.68,
            "eps_growth_yearly": 104.56
        },
        "20112": {
            "year_quarter": 20112,
            "year": 2011,
            "quarter": 2,
            "eps": -4.04,
            "eps_growth_year": -468.14,
            "eps_4q": -2.03,
            "eps_4q_growth_year": -170.07,
            "roe": -21.16,
            "roe_4q": -10.82,
            "gross_profit": 105128,
            "gross_margin": 37.9,
            "gross_margin_4q_avg": 37.38,
            "net_income": -259229,
            "net_income_4q": null,
            "revenue": 277355,
            "revenue_4q": null,
            "common_shares": 642029,
            "book_valuer_per_share": 17.4,
            "book_valuer_per_share_4q_avg": 19.67,
            "equity": 1117159,
            "current_ratio": 191.04,
            "debt_ratio": 58.94,
            "inventory_turnover_ratio": 1,
            "account_receivable_turnover_ratio": 0.42,
            "reinvestment_rate": 42.63,
            "research_to_sale_ratio": 6.35,
            "price_fair": 91.19,
            "eps_avg_yearly": 2.61,
            "eps_latest_yearly": 1.68,
            "eps_growth_yearly": 93.96
        },
        "20113": {
            "year_quarter": 20113,
            "year": 2011,
            "quarter": 3,
            "eps": 0.25,
            "eps_growth_year": -81.55,
            "eps_4q": -3.13,
            "eps_4q_growth_year": -181.22,
            "roe": 1.43,
            "roe_4q": -16.5,
            "gross_profit": 88330,
            "gross_margin": 36.5,
            "gross_margin_4q_avg": 37.42,
            "net_income": 16284,
            "net_income_4q": null,
            "revenue": 241984,
            "revenue_4q": null,
            "common_shares": 642029,
            "book_valuer_per_share": 18.05,
            "book_valuer_per_share_4q_avg": 19.14,
            "equity": 1158619,
            "current_ratio": 200.58,
            "debt_ratio": 56.82,
            "inventory_turnover_ratio": 0.86,
            "account_receivable_turnover_ratio": 0.37,
            "reinvestment_rate": 58.8,
            "research_to_sale_ratio": 12.92,
            "price_fair": 92.4,
            "eps_avg_yearly": 2.64,
            "eps_latest_yearly": 1.68,
            "eps_growth_yearly": 108.5
        },
        "20114": {
            "year_quarter": 20114,
            "year": 2011,
            "quarter": 4,
            "eps": -0.15,
            "eps_growth_year": -163.71,
            "eps_4q": -3.52,
            "eps_4q_growth_year": -205.27,
            "roe": -0.84,
            "roe_4q": -18.52,
            "gross_profit": 57499,
            "gross_margin": 42.1,
            "gross_margin_4q_avg": 38.85,
            "net_income": -9739,
            "net_income_4q": null,
            "revenue": 136593,
            "revenue_4q": null,
            "common_shares": 642029,
            "book_valuer_per_share": 17.9,
            "book_valuer_per_share_4q_avg": 18.54,
            "equity": 1149310,
            "current_ratio": 204.77,
            "debt_ratio": 55.32,
            "inventory_turnover_ratio": 0.48,
            "account_receivable_turnover_ratio": 0.23,
            "reinvestment_rate": 64.46,
            "research_to_sale_ratio": 25.41,
            "price_fair": 94.98,
            "eps_avg_yearly": 2.71,
            "eps_latest_yearly": 1.68,
            "eps_growth_yearly": 123.23
        },
        "20121": {
            "year_quarter": 20121,
            "year": 2012,
            "quarter": 1,
            "eps": 0.22,
            "eps_growth_year": -47.62,
            "eps_4q": -3.71,
            "eps_4q_growth_year": -220.86,
            "roe": 1.24,
            "roe_4q": -19.33,
            "gross_profit": 77572,
            "gross_margin": 41.64,
            "gross_margin_4q_avg": 39.54,
            "net_income": 14281,
            "net_income_4q": null,
            "revenue": 186305,
            "revenue_4q": null,
            "common_shares": 642029,
            "book_valuer_per_share": 18.04,
            "book_valuer_per_share_4q_avg": 17.85,
            "equity": 1158195,
            "current_ratio": 221.25,
            "debt_ratio": 52.7,
            "inventory_turnover_ratio": 0.74,
            "account_receivable_turnover_ratio": 0.33,
            "reinvestment_rate": 62.76,
            "research_to_sale_ratio": 13.41,
            "price_fair": 97.65,
            "eps_avg_yearly": 2.79,
            "eps_latest_yearly": 1.68,
            "eps_growth_yearly": 131.12
        },
        "20122": {
            "year_quarter": 20122,
            "year": 2012,
            "quarter": 2,
            "eps": 0.08,
            "eps_growth_year": null,
            "eps_4q": 0.4,
            "eps_4q_growth_year": null,
            "roe": 0.44,
            "roe_4q": 2.27,
            "gross_profit": 73286,
            "gross_margin": 37.95,
            "gross_margin_4q_avg": 39.55,
            "net_income": 5035,
            "net_income_4q": null,
            "revenue": 193104,
            "revenue_4q": null,
            "common_shares": 642029,
            "book_valuer_per_share": 18.02,
            "book_valuer_per_share_4q_avg": 18,
            "equity": 1156771,
            "current_ratio": 159.45,
            "debt_ratio": 52.58,
            "inventory_turnover_ratio": 0.84,
            "account_receivable_turnover_ratio": 0.36,
            "reinvestment_rate": 74.58,
            "research_to_sale_ratio": 13.52,
            "price_fair": 88.55,
            "eps_avg_yearly": 2.53,
            "eps_latest_yearly": 0.32,
            "eps_growth_yearly": 79.53
        },
        "20123": {
            "year_quarter": 20123,
            "year": 2012,
            "quarter": 3,
            "eps": 0.03,
            "eps_growth_year": -88.22,
            "eps_4q": 0.15,
            "eps_4q_growth_year": null,
            "roe": 0.19,
            "roe_4q": 1.0300000000000002,
            "gross_profit": 83069,
            "gross_margin": 39.83,
            "gross_margin_4q_avg": 40.38,
            "net_income": 2397,
            "net_income_4q": null,
            "revenue": 208536,
            "revenue_4q": null,
            "common_shares": 802029,
            "book_valuer_per_share": 16.8,
            "book_valuer_per_share_4q_avg": 17.69,
            "equity": 1347397,
            "current_ratio": 201.49,
            "debt_ratio": 46.01,
            "inventory_turnover_ratio": 0.85,
            "account_receivable_turnover_ratio": 0.44,
            "reinvestment_rate": 119.52,
            "research_to_sale_ratio": 15.29,
            "price_fair": 70.58,
            "eps_avg_yearly": 2.02,
            "eps_latest_yearly": 0.12,
            "eps_growth_yearly": 31.18
        },
        "20124": {
            "year_quarter": 20124,
            "year": 2012,
            "quarter": 4,
            "eps": -1.79,
            "eps_growth_year": null,
            "eps_4q": -1.52,
            "eps_4q_growth_year": null,
            "roe": -11.22,
            "roe_4q": -9.350000000000001,
            "gross_profit": 59741,
            "gross_margin": 28.37,
            "gross_margin_4q_avg": 36.95,
            "net_income": -143237,
            "net_income_4q": null,
            "revenue": 210554,
            "revenue_4q": null,
            "common_shares": 802029,
            "book_valuer_per_share": 15.03,
            "book_valuer_per_share_4q_avg": 16.97,
            "equity": 1205826,
            "current_ratio": 185.41,
            "debt_ratio": 35.59,
            "inventory_turnover_ratio": 0.94,
            "account_receivable_turnover_ratio": 0.45,
            "reinvestment_rate": null,
            "research_to_sale_ratio": 19.67,
            "price_fair": 72.8,
            "eps_avg_yearly": 2.08,
            "eps_latest_yearly": 0.12,
            "eps_growth_yearly": 62.74
        },
        "20131": {
            "year_quarter": 20131,
            "year": 2013,
            "quarter": 1,
            "eps": 0.17,
            "eps_growth_year": -22.73,
            "eps_4q": -1.53,
            "eps_4q_growth_year": null,
            "roe": 1.11,
            "roe_4q": -9.480000000000002,
            "gross_profit": 76750,
            "gross_margin": 37.14,
            "gross_margin_4q_avg": 35.82,
            "net_income": 13422,
            "net_income_4q": null,
            "revenue": 206676,
            "revenue_4q": null,
            "common_shares": 802029,
            "book_valuer_per_share": 15.15,
            "book_valuer_per_share_4q_avg": 16.25,
            "equity": 1215022,
            "current_ratio": 237.05,
            "debt_ratio": 33.97,
            "inventory_turnover_ratio": 0.73,
            "account_receivable_turnover_ratio": 0.4,
            "reinvestment_rate": null,
            "research_to_sale_ratio": 15.61,
            "price_fair": 77.98,
            "eps_avg_yearly": 2.23,
            "eps_latest_yearly": 0.12,
            "eps_growth_yearly": 90.83
        },
        "20132": {
            "year_quarter": 20132,
            "year": 2013,
            "quarter": 2,
            "eps": 0.6,
            "eps_growth_year": 665.08,
            "eps_4q": -0.99,
            "eps_4q_growth_year": -345.55,
            "roe": 3.87,
            "roe_4q": -6.05,
            "gross_profit": 127675,
            "gross_margin": 42.79,
            "gross_margin_4q_avg": 37.03,
            "net_income": 48090,
            "net_income_4q": null,
            "revenue": 298346,
            "revenue_4q": null,
            "common_shares": 802029,
            "book_valuer_per_share": 15.87,
            "book_valuer_per_share_4q_avg": 15.71,
            "equity": 1272899,
            "current_ratio": 261.01,
            "debt_ratio": 31.06,
            "inventory_turnover_ratio": 0.79,
            "account_receivable_turnover_ratio": 0.5,
            "reinvestment_rate": null,
            "research_to_sale_ratio": 12.98,
            "price_fair": 79.8,
            "eps_avg_yearly": 2.28,
            "eps_latest_yearly": 2.4,
            "eps_growth_yearly": 106.67
        },
        "20133": {
            "year_quarter": 20133,
            "year": 2013,
            "quarter": 3,
            "eps": 0.63,
            "eps_growth_year": 2007.94,
            "eps_4q": -0.38,
            "eps_4q_growth_year": -356.42,
            "roe": 3.91,
            "roe_4q": -2.33,
            "gross_profit": 143842,
            "gross_margin": 37.33,
            "gross_margin_4q_avg": 36.41,
            "net_income": 50822,
            "net_income_4q": null,
            "revenue": 385321,
            "revenue_4q": null,
            "common_shares": 807239,
            "book_valuer_per_share": 16.47,
            "book_valuer_per_share_4q_avg": 15.63,
            "equity": 1329836,
            "current_ratio": 290.15,
            "debt_ratio": 28.22,
            "inventory_turnover_ratio": 1.04,
            "account_receivable_turnover_ratio": 0.6,
            "reinvestment_rate": 713.37,
            "research_to_sale_ratio": 9.66,
            "price_fair": 82.88,
            "eps_avg_yearly": 2.37,
            "eps_latest_yearly": 2.52,
            "eps_growth_yearly": 113.78
        },
        "20134": {
            "year_quarter": 20134,
            "year": 2013,
            "quarter": 4,
            "eps": 0.12,
            "eps_growth_year": null,
            "eps_4q": 1.52,
            "eps_4q_growth_year": null,
            "roe": 0.75,
            "roe_4q": 9.64,
            "gross_profit": 79454,
            "gross_margin": 34.76,
            "gross_margin_4q_avg": 38.01,
            "net_income": 10069,
            "net_income_4q": null,
            "revenue": 228602,
            "revenue_4q": null,
            "common_shares": 807239,
            "book_valuer_per_share": 16.66,
            "book_valuer_per_share_4q_avg": 16.04,
            "equity": 1344574,
            "current_ratio": 419.51,
            "debt_ratio": 19.6,
            "inventory_turnover_ratio": 0.72,
            "account_receivable_turnover_ratio": 0.37,
            "reinvestment_rate": null,
            "research_to_sale_ratio": 18.92,
            "price_fair": 73.92,
            "eps_avg_yearly": 2.11,
            "eps_latest_yearly": 0.48,
            "eps_growth_yearly": 47.25
        },
        "20141": {
            "year_quarter": 20141,
            "year": 2014,
            "quarter": 1,
            "eps": 0.32,
            "eps_growth_year": 88.24,
            "eps_4q": 1.67,
            "eps_4q_growth_year": null,
            "roe": 1.89,
            "roe_4q": 10.42,
            "gross_profit": 90839,
            "gross_margin": 44.29,
            "gross_margin_4q_avg": 39.79,
            "net_income": 25686,
            "net_income_4q": null,
            "revenue": 205095,
            "revenue_4q": null,
            "common_shares": 807239,
            "book_valuer_per_share": 17.01,
            "book_valuer_per_share_4q_avg": 16.5,
            "equity": 1373340,
            "current_ratio": 440.07,
            "debt_ratio": 18.8,
            "inventory_turnover_ratio": 0.6,
            "account_receivable_turnover_ratio": 0.35,
            "reinvestment_rate": null,
            "research_to_sale_ratio": 19.08,
            "price_fair": 68.74,
            "eps_avg_yearly": 1.96,
            "eps_latest_yearly": 1.28,
            "eps_growth_yearly": 117.6
        },
        "20142": {
            "year_quarter": 20142,
            "year": 2014,
            "quarter": 2,
            "eps": 0.87,
            "eps_growth_year": 45,
            "eps_4q": 1.94,
            "eps_4q_growth_year": null,
            "roe": 5.16,
            "roe_4q": 11.71,
            "gross_profit": 188739,
            "gross_margin": 43.01,
            "gross_margin_4q_avg": 39.85,
            "net_income": 69979,
            "net_income_4q": null,
            "revenue": 438861,
            "revenue_4q": null,
            "common_shares": 807239,
            "book_valuer_per_share": 16.59,
            "book_valuer_per_share_4q_avg": 16.68,
            "equity": 1338834,
            "current_ratio": 226.85,
            "debt_ratio": 36.38,
            "inventory_turnover_ratio": 0.93,
            "account_receivable_turnover_ratio": 0.71,
            "reinvestment_rate": null,
            "research_to_sale_ratio": 14.26,
            "price_fair": 65.52,
            "eps_avg_yearly": 1.87,
            "eps_latest_yearly": 3.48,
            "eps_growth_yearly": 162.58
        },
        "20143": {
            "year_quarter": 20143,
            "year": 2014,
            "quarter": 3,
            "eps": 0.85,
            "eps_growth_year": 34.92,
            "eps_4q": 2.16,
            "eps_4q_growth_year": null,
            "roe": 4.96,
            "roe_4q": 12.760000000000002,
            "gross_profit": 180333,
            "gross_margin": 38.25,
            "gross_margin_4q_avg": 40.08,
            "net_income": 68274,
            "net_income_4q": null,
            "revenue": 471416,
            "revenue_4q": null,
            "common_shares": 807239,
            "book_valuer_per_share": 17.49,
            "book_valuer_per_share_4q_avg": 16.94,
            "equity": 1411968,
            "current_ratio": 249.33,
            "debt_ratio": 32.33,
            "inventory_turnover_ratio": 0.83,
            "account_receivable_turnover_ratio": 0.74,
            "reinvestment_rate": null,
            "research_to_sale_ratio": 13.52,
            "price_fair": 58.24,
            "eps_avg_yearly": 1.66,
            "eps_latest_yearly": 3.4,
            "eps_growth_yearly": 151.85
        },
        "20144": {
            "year_quarter": 20144,
            "year": 2014,
            "quarter": 4,
            "eps": 0.47,
            "eps_growth_year": 279.43,
            "eps_4q": 2.51,
            "eps_4q_growth_year": 65.62,
            "roe": 2.65,
            "roe_4q": 14.66,
            "gross_profit": 132936,
            "gross_margin": 32.87,
            "gross_margin_4q_avg": 39.61,
            "net_income": 38070,
            "net_income_4q": null,
            "revenue": 404434,
            "revenue_4q": null,
            "common_shares": 807239,
            "book_valuer_per_share": 18.12,
            "book_valuer_per_share_4q_avg": 17.3,
            "equity": 1457927,
            "current_ratio": 299.47,
            "debt_ratio": 27.18,
            "inventory_turnover_ratio": 0.84,
            "account_receivable_turnover_ratio": 0.62,
            "reinvestment_rate": null,
            "research_to_sale_ratio": 16.28,
            "price_fair": 61.46,
            "eps_avg_yearly": 1.76,
            "eps_latest_yearly": 1.88,
            "eps_growth_yearly": 166.96
        },
        "20151": {
            "year_quarter": 20151,
            "year": 2015,
            "quarter": 1,
            "eps": 0.6,
            "eps_growth_year": 87.5,
            "eps_4q": 2.79,
            "eps_4q_growth_year": 67.51,
            "roe": 3.26,
            "roe_4q": 16.03,
            "gross_profit": 141784,
            "gross_margin": 41.37,
            "gross_margin_4q_avg": 38.88,
            "net_income": 48264,
            "net_income_4q": null,
            "revenue": 342743,
            "revenue_4q": null,
            "common_shares": 803679,
            "book_valuer_per_share": 18.71,
            "book_valuer_per_share_4q_avg": 17.73,
            "equity": 1504016,
            "current_ratio": 275.81,
            "debt_ratio": 28.39,
            "inventory_turnover_ratio": 0.67,
            "account_receivable_turnover_ratio": 0.51,
            "reinvestment_rate": null,
            "research_to_sale_ratio": 15.83,
            "price_fair": 63.98,
            "eps_avg_yearly": 1.83,
            "eps_latest_yearly": 2.4,
            "eps_growth_yearly": 148.02
        },
        "20152": {
            "year_quarter": 20152,
            "year": 2015,
            "quarter": 2,
            "eps": 1.43,
            "eps_growth_year": 64.37,
            "eps_4q": 3.35,
            "eps_4q_growth_year": 72.7,
            "roe": 7.69,
            "roe_4q": 18.56,
            "gross_profit": 246747,
            "gross_margin": 45.52,
            "gross_margin_4q_avg": 39.5,
            "net_income": 114570,
            "net_income_4q": null,
            "revenue": 542095,
            "revenue_4q": null,
            "common_shares": 803679,
            "book_valuer_per_share": 18.34,
            "book_valuer_per_share_4q_avg": 18.17,
            "equity": 1473990,
            "current_ratio": 219.32,
            "debt_ratio": 35.67,
            "inventory_turnover_ratio": 0.9,
            "account_receivable_turnover_ratio": 0.83,
            "reinvestment_rate": 35.86,
            "research_to_sale_ratio": 13.33,
            "price_fair": 76.36,
            "eps_avg_yearly": 2.18,
            "eps_latest_yearly": 5.72,
            "eps_growth_yearly": 184.87
        },
        "20153": {
            "year_quarter": 20153,
            "year": 2015,
            "quarter": 3,
            "eps": 0.74,
            "eps_growth_year": -12.94,
            "eps_4q": 3.08,
            "eps_4q_growth_year": 42.77,
            "roe": 3.9,
            "roe_4q": 17.5,
            "gross_profit": 143082,
            "gross_margin": 41.58,
            "gross_margin_4q_avg": 40.34,
            "net_income": 62956,
            "net_income_4q": null,
            "revenue": 344104,
            "revenue_4q": null,
            "common_shares": 863679,
            "book_valuer_per_share": 20.49,
            "book_valuer_per_share_4q_avg": 18.92,
            "equity": 1756759,
            "current_ratio": 344.39,
            "debt_ratio": 22.78,
            "inventory_turnover_ratio": 0.61,
            "account_receivable_turnover_ratio": 0.58,
            "reinvestment_rate": 26.89,
            "research_to_sale_ratio": 16.81,
            "price_fair": 78.63,
            "eps_avg_yearly": 2.25,
            "eps_latest_yearly": 2.96,
            "eps_growth_yearly": 153.38
        },
        "20154": {
            "year_quarter": 20154,
            "year": 2015,
            "quarter": 4,
            "eps": 0.03,
            "eps_growth_year": -93.28,
            "eps_4q": 2.68,
            "eps_4q_growth_year": 6.62,
            "roe": 0.16,
            "roe_4q": 15.01,
            "gross_profit": 92816,
            "gross_margin": 33.37,
            "gross_margin_4q_avg": 40.46,
            "net_income": 2716,
            "net_income_4q": null,
            "revenue": 278140,
            "revenue_4q": null,
            "common_shares": 853359,
            "book_valuer_per_share": 20.16,
            "book_valuer_per_share_4q_avg": 19.43,
            "equity": 1720504,
            "current_ratio": 359.86,
            "debt_ratio": 21.49,
            "inventory_turnover_ratio": 0.62,
            "account_receivable_turnover_ratio": 0.55,
            "reinvestment_rate": 28.93,
            "research_to_sale_ratio": 18.1,
            "price_fair": 72.91,
            "eps_avg_yearly": 2.08,
            "eps_latest_yearly": 0.12,
            "eps_growth_yearly": 112.06
        },
        "20161": {
            "year_quarter": 20161,
            "year": 2016,
            "quarter": 1,
            "eps": 0.12,
            "eps_growth_year": -80,
            "eps_4q": 2.23,
            "eps_4q_growth_year": -20.27,
            "roe": 0.57,
            "roe_4q": 12.32,
            "gross_profit": 109973,
            "gross_margin": 37.77,
            "gross_margin_4q_avg": 39.56,
            "net_income": 9901,
            "net_income_4q": null,
            "revenue": 291132,
            "revenue_4q": null,
            "common_shares": 853359,
            "book_valuer_per_share": 20.33,
            "book_valuer_per_share_4q_avg": 19.83,
            "equity": 1735080,
            "current_ratio": 306.63,
            "debt_ratio": 24.48,
            "inventory_turnover_ratio": 0.59,
            "account_receivable_turnover_ratio": 0.58,
            "reinvestment_rate": 44.76,
            "research_to_sale_ratio": 19.9,
            "price_fair": 68.9,
            "eps_avg_yearly": 1.97,
            "eps_latest_yearly": 0.48,
            "eps_growth_yearly": 189.77
        },
        "20162": {
            "year_quarter": 20162,
            "year": 2016,
            "quarter": 2,
            "eps": 1.46,
            "eps_growth_year": 2.1,
            "eps_4q": 2.36,
            "eps_4q_growth_year": -29.42,
            "roe": 7.38,
            "roe_4q": 12.01,
            "gross_profit": 287153,
            "gross_margin": 45.97,
            "gross_margin_4q_avg": 39.67,
            "net_income": 124568,
            "net_income_4q": null,
            "revenue": 624695,
            "revenue_4q": null,
            "common_shares": 853359,
            "book_valuer_per_share": 19.38,
            "book_valuer_per_share_4q_avg": 20.09,
            "equity": 1641047,
            "current_ratio": 176.37,
            "debt_ratio": 45.02,
            "inventory_turnover_ratio": 0.7,
            "account_receivable_turnover_ratio": 0.99,
            "reinvestment_rate": 35.71,
            "research_to_sale_ratio": 13.53,
            "price_fair": 82.7,
            "eps_avg_yearly": 2.36,
            "eps_latest_yearly": 5.84,
            "eps_growth_yearly": 527
        },
        "20163": {
            "year_quarter": 20163,
            "year": 2016,
            "quarter": 3,
            "eps": 2.11,
            "eps_growth_year": 185.14,
            "eps_4q": 3.74,
            "eps_4q_growth_year": 21.56,
            "roe": 10.41,
            "roe_4q": 18.52,
            "gross_profit": 388406,
            "gross_margin": 46.97,
            "gross_margin_4q_avg": 41.02,
            "net_income": 177953,
            "net_income_4q": null,
            "revenue": 826870,
            "revenue_4q": null,
            "common_shares": 842389,
            "book_valuer_per_share": 21.12,
            "book_valuer_per_share_4q_avg": 20.25,
            "equity": 1779191,
            "current_ratio": 206.45,
            "debt_ratio": 38.91,
            "inventory_turnover_ratio": 0.87,
            "account_receivable_turnover_ratio": 1.46,
            "reinvestment_rate": 27.87,
            "research_to_sale_ratio": 10.41,
            "price_fair": 103.5,
            "eps_avg_yearly": 2.96,
            "eps_latest_yearly": 8.44,
            "eps_growth_yearly": 557.57
        },
        "20164": {
            "year_quarter": 20164,
            "year": 2016,
            "quarter": 4,
            "eps": 0.53,
            "eps_growth_year": 1563.29,
            "eps_4q": 4.24,
            "eps_4q_growth_year": 58.27,
            "roe": 2.48,
            "roe_4q": 20.84,
            "gross_profit": 149911,
            "gross_margin": 40.54,
            "gross_margin_4q_avg": 42.81,
            "net_income": 44594,
            "net_income_4q": null,
            "revenue": 369762,
            "revenue_4q": null,
            "common_shares": 842389,
            "book_valuer_per_share": 21.63,
            "book_valuer_per_share_4q_avg": 20.62,
            "equity": 1822083,
            "current_ratio": 276.94,
            "debt_ratio": 27.67,
            "inventory_turnover_ratio": 0.6,
            "account_receivable_turnover_ratio": 0.84,
            "reinvestment_rate": 21.84,
            "research_to_sale_ratio": 18.24,
            "price_fair": 101.55,
            "eps_avg_yearly": 2.9,
            "eps_latest_yearly": 2.12,
            "eps_growth_yearly": 500.43
        },
        "20171": {
            "year_quarter": 20171,
            "year": 2017,
            "quarter": 1,
            "eps": 0.26,
            "eps_growth_year": 116.67,
            "eps_4q": 4.38,
            "eps_4q_growth_year": 96.59,
            "roe": 1.2,
            "roe_4q": 21.47,
            "gross_profit": 160263,
            "gross_margin": 45.24,
            "gross_margin_4q_avg": 44.68,
            "net_income": 21879,
            "net_income_4q": null,
            "revenue": 354282,
            "revenue_4q": null,
            "common_shares": 842389,
            "book_valuer_per_share": 21.66,
            "book_valuer_per_share_4q_avg": 20.95,
            "equity": 1824516,
            "current_ratio": 271.77,
            "debt_ratio": 28.46,
            "inventory_turnover_ratio": 0.55,
            "account_receivable_turnover_ratio": 0.69,
            "reinvestment_rate": 20.83,
            "research_to_sale_ratio": 13.44,
            "price_fair": 97.48,
            "eps_avg_yearly": 2.79,
            "eps_latest_yearly": 1.04,
            "eps_growth_yearly": 456.42
        },
        "20172": {
            "year_quarter": 20172,
            "year": 2017,
            "quarter": 2,
            "eps": 1.46,
            "eps_growth_year": 0,
            "eps_4q": 4.36,
            "eps_4q_growth_year": 84.57,
            "roe": 6.98,
            "roe_4q": 21.07,
            "gross_profit": 251842,
            "gross_margin": 44.44,
            "gross_margin_4q_avg": 44.3,
            "net_income": 123145,
            "net_income_4q": null,
            "revenue": 566701,
            "revenue_4q": null,
            "common_shares": 842389,
            "book_valuer_per_share": 20.2,
            "book_valuer_per_share_4q_avg": 21.15,
            "equity": 1701664,
            "current_ratio": 199.28,
            "debt_ratio": 39.48,
            "inventory_turnover_ratio": 0.81,
            "account_receivable_turnover_ratio": 0.87,
            "reinvestment_rate": 18.79,
            "research_to_sale_ratio": 12.35,
            "price_fair": 105,
            "eps_avg_yearly": 3,
            "eps_latest_yearly": 5.84,
            "eps_growth_yearly": 508.57
        },
        "20173": {
            "year_quarter": 20173,
            "year": 2017,
            "quarter": 3,
            "eps": 1.37,
            "eps_growth_year": -35.07,
            "eps_4q": 3.63,
            "eps_4q_growth_year": -3.1,
            "roe": 6.56,
            "roe_4q": 17.22,
            "gross_profit": 246727,
            "gross_margin": 45.93,
            "gross_margin_4q_avg": 44.04,
            "net_income": 115755,
            "net_income_4q": null,
            "revenue": 537203,
            "revenue_4q": null,
            "common_shares": 842389,
            "book_valuer_per_share": 21.71,
            "book_valuer_per_share_4q_avg": 21.3,
            "equity": 1828827,
            "current_ratio": 247.33,
            "debt_ratio": 31.72,
            "inventory_turnover_ratio": 0.76,
            "account_receivable_turnover_ratio": 0.64,
            "reinvestment_rate": 18.21,
            "research_to_sale_ratio": 13.74,
            "price_fair": 111.48,
            "eps_avg_yearly": 3.19,
            "eps_latest_yearly": 5.48,
            "eps_growth_yearly": 505.78
        },
        "20174": {
            "year_quarter": 20174,
            "year": 2017,
            "quarter": 4,
            "eps": 0.5,
            "eps_growth_year": -4.88,
            "eps_4q": 3.6,
            "eps_4q_growth_year": -15.07,
            "roe": 2.3,
            "roe_4q": 17.04,
            "gross_profit": 187926,
            "gross_margin": 45.99,
            "gross_margin_4q_avg": 45.4,
            "net_income": 42417,
            "net_income_4q": null,
            "revenue": 408667,
            "revenue_4q": null,
            "common_shares": 842389,
            "book_valuer_per_share": 22.1,
            "book_valuer_per_share_4q_avg": 21.42,
            "equity": 1861819,
            "current_ratio": 298.54,
            "debt_ratio": 26.57,
            "inventory_turnover_ratio": 0.65,
            "account_receivable_turnover_ratio": 0.53,
            "reinvestment_rate": 16.53,
            "research_to_sale_ratio": 17.74,
            "price_fair": 114.8,
            "eps_avg_yearly": 3.28,
            "eps_latest_yearly": 2,
            "eps_growth_yearly": 510.14
        },
        "20181": {
            "year_quarter": 20181,
            "year": 2018,
            "quarter": 1,
            "eps": 0.77,
            "eps_growth_year": 196.15,
            "eps_4q": 4.1,
            "eps_4q_growth_year": -6.29,
            "roe": 3.4,
            "roe_4q": 19.24,
            "gross_profit": 197202,
            "gross_margin": 42.1,
            "gross_margin_4q_avg": 44.62,
            "net_income": 64478,
            "net_income_4q": null,
            "revenue": 468364,
            "revenue_4q": null,
            "common_shares": 842389,
            "book_valuer_per_share": 22.94,
            "book_valuer_per_share_4q_avg": 21.74,
            "equity": 1932160,
            "current_ratio": 316.73,
            "debt_ratio": 25.43,
            "inventory_turnover_ratio": 0.77,
            "account_receivable_turnover_ratio": 0.7,
            "reinvestment_rate": 10.33,
            "research_to_sale_ratio": 14.19,
            "price_fair": 118.74,
            "eps_avg_yearly": 3.39,
            "eps_latest_yearly": 3.08,
            "eps_growth_yearly": 481.97
        },
        "20182": {
            "year_quarter": 20182,
            "year": 2018,
            "quarter": 2,
            "eps": 1.76,
            "eps_growth_year": 20.55,
            "eps_4q": 4.41,
            "eps_4q_growth_year": 0.96,
            "roe": 7.79,
            "roe_4q": 20.049999999999997,
            "gross_profit": 262872,
            "gross_margin": 43.65,
            "gross_margin_4q_avg": 44.42,
            "net_income": 148451,
            "net_income_4q": null,
            "revenue": 602251,
            "revenue_4q": null,
            "common_shares": 842389,
            "book_valuer_per_share": 22.29,
            "book_valuer_per_share_4q_avg": 22.26,
            "equity": 1877987,
            "current_ratio": 197.68,
            "debt_ratio": 40.68,
            "inventory_turnover_ratio": 0.87,
            "account_receivable_turnover_ratio": 0.75,
            "reinvestment_rate": 9.96,
            "research_to_sale_ratio": 12.34,
            "price_fair": 126.53,
            "eps_avg_yearly": 3.62,
            "eps_latest_yearly": 7.04,
            "eps_growth_yearly": 471.15
        },
        "20183": {
            "year_quarter": 20183,
            "year": 2018,
            "quarter": 3,
            "eps": 0.86,
            "eps_growth_year": -37.23,
            "eps_4q": 3.9,
            "eps_4q_growth_year": 7.58,
            "roe": 3.82,
            "roe_4q": 17.31,
            "gross_profit": 190585,
            "gross_margin": 37.05,
            "gross_margin_4q_avg": 42.2,
            "net_income": 72073,
            "net_income_4q": null,
            "revenue": 514351,
            "revenue_4q": null,
            "common_shares": 842389,
            "book_valuer_per_share": 22.62,
            "book_valuer_per_share_4q_avg": 22.49,
            "equity": 1899128,
            "current_ratio": 269.84,
            "debt_ratio": 29.53,
            "inventory_turnover_ratio": 0.9,
            "account_receivable_turnover_ratio": 0.56,
            "reinvestment_rate": 5.98,
            "research_to_sale_ratio": 13,
            "price_fair": 126.61,
            "eps_avg_yearly": 3.62,
            "eps_latest_yearly": 3.44,
            "eps_growth_yearly": 458.94
        },
        "20184": {
            "year_quarter": 20184,
            "year": 2018,
            "quarter": 4,
            "eps": 0.35,
            "eps_growth_year": -29.89,
            "eps_4q": 3.77,
            "eps_4q_growth_year": 4.84,
            "roe": 1.56,
            "roe_4q": 16.57,
            "gross_profit": 149274,
            "gross_margin": 43.79,
            "gross_margin_4q_avg": 41.65,
            "net_income": 29414,
            "net_income_4q": null,
            "revenue": 340903,
            "revenue_4q": null,
            "common_shares": 842389,
            "book_valuer_per_share": 22.43,
            "book_valuer_per_share_4q_avg": 22.57,
            "equity": 1869148,
            "current_ratio": 312.61,
            "debt_ratio": 25.82,
            "inventory_turnover_ratio": 0.69,
            "account_receivable_turnover_ratio": 0.41,
            "reinvestment_rate": 7.84,
            "research_to_sale_ratio": 22.75,
            "price_fair": 125.56,
            "eps_avg_yearly": 3.59,
            "eps_latest_yearly": 1.4,
            "eps_growth_yearly": 455.29
        },
        "20191": {
            "year_quarter": 20191,
            "year": 2019,
            "quarter": 1,
            "eps": 0.34,
            "eps_growth_year": -55.84,
            "eps_4q": 3.33,
            "eps_4q_growth_year": -18.76,
            "roe": 1.48,
            "roe_4q": 14.649999999999999,
            "gross_profit": 122337,
            "gross_margin": 48.41,
            "gross_margin_4q_avg": 43.23,
            "net_income": 27940,
            "net_income_4q": null,
            "revenue": 252735,
            "revenue_4q": null,
            "common_shares": 833239,
            "book_valuer_per_share": 22.92,
            "book_valuer_per_share_4q_avg": 22.57,
            "equity": 1909785,
            "current_ratio": 389.53,
            "debt_ratio": 22.06,
            "inventory_turnover_ratio": 0.52,
            "account_receivable_turnover_ratio": 0.36,
            "reinvestment_rate": 1.83,
            "research_to_sale_ratio": 22.27,
            "price_fair": 123.29,
            "eps_avg_yearly": 3.52,
            "eps_latest_yearly": 1.36,
            "eps_growth_yearly": 447.66
        },
        "20192": {
            "year_quarter": 20192,
            "year": 2019,
            "quarter": 2,
            "eps": 0.39,
            "eps_growth_year": -77.84,
            "eps_4q": 1.94,
            "eps_4q_growth_year": -55.88,
            "roe": 1.81,
            "roe_4q": 8.67,
            "gross_profit": 123562,
            "gross_margin": 44.06,
            "gross_margin_4q_avg": 43.33,
            "net_income": 32516,
            "net_income_4q": null,
            "revenue": 280470,
            "revenue_4q": null,
            "common_shares": 833239,
            "book_valuer_per_share": 20.19,
            "book_valuer_per_share_4q_avg": 22.04,
            "equity": 1682649,
            "current_ratio": 253.94,
            "debt_ratio": 32.28,
            "inventory_turnover_ratio": 0.64,
            "account_receivable_turnover_ratio": 0.44,
            "reinvestment_rate": -1.01,
            "research_to_sale_ratio": 21.1,
            "price_fair": 114.19,
            "eps_avg_yearly": 3.26,
            "eps_latest_yearly": 1.56,
            "eps_growth_yearly": 416.75
        },
        "20193": {
            "year_quarter": 20193,
            "year": 2019,
            "quarter": 3,
            "eps": 0.39,
            "eps_growth_year": -54.65,
            "eps_4q": 1.47,
            "eps_4q_growth_year": -62.24,
            "roe": 1.94,
            "roe_4q": 6.790000000000001,
            "gross_profit": 120842,
            "gross_margin": 44.39,
            "gross_margin_4q_avg": 45.16,
            "net_income": 32848,
            "net_income_4q": null,
            "revenue": 272239,
            "revenue_4q": null,
            "common_shares": 833239,
            "book_valuer_per_share": 20.37,
            "book_valuer_per_share_4q_avg": 21.48,
            "equity": 1697684,
            "current_ratio": 382.5,
            "debt_ratio": 22.22,
            "inventory_turnover_ratio": 0.7,
            "account_receivable_turnover_ratio": 0.51,
            "reinvestment_rate": -3.33,
            "research_to_sale_ratio": 21.39,
            "price_fair": 111.13,
            "eps_avg_yearly": 3.18,
            "eps_latest_yearly": 1.56,
            "eps_growth_yearly": 428.82
        },
        "20194": {
            "year_quarter": 20194,
            "year": 2019,
            "quarter": 4,
            "eps": -0.12,
            "eps_growth_year": -133.53,
            "eps_4q": 1,
            "eps_4q_growth_year": -73.46,
            "roe": -0.58,
            "roe_4q": 4.65,
            "gross_profit": 99297,
            "gross_margin": 43.76,
            "gross_margin_4q_avg": 45.16,
            "net_income": -9863,
            "net_income_4q": null,
            "revenue": 226932,
            "revenue_4q": null,
            "common_shares": 833239,
            "book_valuer_per_share": 20.26,
            "book_valuer_per_share_4q_avg": 20.94,
            "equity": 1688470,
            "current_ratio": 376.31,
            "debt_ratio": 22.16,
            "inventory_turnover_ratio": 0.64,
            "account_receivable_turnover_ratio": 0.51,
            "reinvestment_rate": -4.1,
            "research_to_sale_ratio": 26.58,
            "price_fair": 118.25,
            "eps_avg_yearly": 3.38,
            "eps_latest_yearly": 1.56,
            "eps_growth_yearly": 482.99
        },
        "20201": {
            "year_quarter": 20201,
            "year": 2020,
            "quarter": 1,
            "eps": 0.44,
            "eps_growth_year": 29.41,
            "eps_4q": 1.12,
            "eps_4q_growth_year": -66.55,
            "roe": 2.16,
            "roe_4q": 5.33,
            "gross_profit": 136192,
            "gross_margin": 53.61,
            "gross_margin_4q_avg": 46.46,
            "net_income": 36453,
            "net_income_4q": null,
            "revenue": 254036,
            "revenue_4q": null,
            "common_shares": 833239,
            "book_valuer_per_share": 20.52,
            "book_valuer_per_share_4q_avg": 20.34,
            "equity": 1691421,
            "current_ratio": 378.63,
            "debt_ratio": 22.3,
            "inventory_turnover_ratio": 0.52,
            "account_receivable_turnover_ratio": 0.61,
            "reinvestment_rate": -9.25,
            "research_to_sale_ratio": 24.46,
            "price_fair": 125.5,
            "eps_avg_yearly": 3.59,
            "eps_latest_yearly": 1.56,
            "eps_growth_yearly": 431.78
        },
        "20202": {
            "year_quarter": 20202,
            "year": 2020,
            "quarter": 2,
            "eps": 0.84,
            "eps_growth_year": 115.38,
            "eps_4q": 1.58,
            "eps_4q_growth_year": -18.83,
            "roe": 4.14,
            "roe_4q": 7.66,
            "gross_profit": 197229,
            "gross_margin": 50.73,
            "gross_margin_4q_avg": 48.12,
            "net_income": 69058,
            "net_income_4q": null,
            "revenue": 388774,
            "revenue_4q": null,
            "common_shares": 833239,
            "book_valuer_per_share": 20.24,
            "book_valuer_per_share_4q_avg": 20.35,
            "equity": 1648431,
            "current_ratio": 247.29,
            "debt_ratio": 31.95,
            "inventory_turnover_ratio": 0.67,
            "account_receivable_turnover_ratio": 0.81,
            "reinvestment_rate": -10.03,
            "research_to_sale_ratio": 17.28,
            "price_fair": 119.3,
            "eps_avg_yearly": 3.41,
            "eps_latest_yearly": 3.36,
            "eps_growth_yearly": 138.7
        },
        "20203": {
            "year_quarter": 20203,
            "year": 2020,
            "quarter": 3,
            "eps": 1.2,
            "eps_growth_year": 207.69,
            "eps_4q": 2.37,
            "eps_4q_growth_year": 60.92,
            "roe": 5.64,
            "roe_4q": 11.36,
            "gross_profit": 222757,
            "gross_margin": 50.4,
            "gross_margin_4q_avg": 49.63,
            "net_income": 97397,
            "net_income_4q": null,
            "revenue": 441960,
            "revenue_4q": null,
            "common_shares": 833239,
            "book_valuer_per_share": 22.14,
            "book_valuer_per_share_4q_avg": 20.79,
            "equity": 1803564,
            "current_ratio": 297.28,
            "debt_ratio": 26.25,
            "inventory_turnover_ratio": 0.71,
            "account_receivable_turnover_ratio": 0.8,
            "reinvestment_rate": -8.82,
            "research_to_sale_ratio": 15.19,
            "price_fair": 110.2,
            "eps_avg_yearly": 3.15,
            "eps_latest_yearly": 4.8,
            "eps_growth_yearly": 138.23
        },
        "20204": {
            "year_quarter": 20204,
            "year": 2020,
            "quarter": 4,
            "eps": 0.54,
            "eps_growth_year": null,
            "eps_4q": 3.03,
            "eps_4q_growth_year": 202.62,
            "roe": 2.37,
            "roe_4q": 14.309999999999999,
            "gross_profit": 182596,
            "gross_margin": 43.32,
            "gross_margin_4q_avg": 49.52,
            "net_income": 43936,
            "net_income_4q": null,
            "revenue": 421550,
            "revenue_4q": null,
            "common_shares": 833239,
            "book_valuer_per_share": 23.37,
            "book_valuer_per_share_4q_avg": 21.57,
            "equity": 1903739,
            "current_ratio": 254.62,
            "debt_ratio": 29.13,
            "inventory_turnover_ratio": 0.72,
            "account_receivable_turnover_ratio": 0.79,
            "reinvestment_rate": -1.35,
            "research_to_sale_ratio": 16.31,
            "price_fair": 110.3,
            "eps_avg_yearly": 3.15,
            "eps_latest_yearly": 2.16,
            "eps_growth_yearly": 143.91
        },
        "20211": {
            "year_quarter": 20211,
            "year": 2021,
            "quarter": 1,
            "eps": 1.64,
            "eps_growth_year": 272.73,
            "eps_4q": 4.22,
            "eps_4q_growth_year": 278.39,
            "roe": 6.5,
            "roe_4q": 18.650000000000002,
            "gross_profit": 288341,
            "gross_margin": 50.22,
            "gross_margin_4q_avg": 48.67,
            "net_income": 133473,
            "net_income_4q": null,
            "revenue": 574120,
            "revenue_4q": null,
            "common_shares": 833239,
            "book_valuer_per_share": 27.08,
            "book_valuer_per_share_4q_avg": 23.21,
            "equity": 2205973,
            "current_ratio": 229.8,
            "debt_ratio": 31.43,
            "inventory_turnover_ratio": 0.61,
            "account_receivable_turnover_ratio": 0.9,
            "reinvestment_rate": 1.24,
            "research_to_sale_ratio": 13.08,
            "price_fair": 124.1,
            "eps_avg_yearly": 3.55,
            "eps_latest_yearly": 6.56,
            "eps_growth_yearly": 216.66
        },
        "20212": {
            "year_quarter": 20212,
            "year": 2021,
            "quarter": 2,
            "eps": 1.95,
            "eps_growth_year": 132.14,
            "eps_4q": 5.33,
            "eps_4q_growth_year": 237.63,
            "roe": 7.01,
            "roe_4q": 21.52,
            "gross_profit": 351226,
            "gross_margin": 44.89,
            "gross_margin_4q_avg": 47.21,
            "net_income": 159039,
            "net_income_4q": null,
            "revenue": 782491,
            "revenue_4q": null,
            "common_shares": 833239,
            "book_valuer_per_share": 28.61,
            "book_valuer_per_share_4q_avg": 25.3,
            "equity": 2330310,
            "current_ratio": 214.4,
            "debt_ratio": 35.37,
            "inventory_turnover_ratio": 0.72,
            "account_receivable_turnover_ratio": 0.81,
            "reinvestment_rate": 0.81,
            "research_to_sale_ratio": 11.69,
            "price_fair": 129,
            "eps_avg_yearly": 3.69,
            "eps_latest_yearly": 7.8,
            "eps_growth_yearly": 90.2
        },
        "20213": {
            "year_quarter": 20213,
            "year": 2021,
            "quarter": 3,
            "eps": 2.25,
            "eps_growth_year": 87.5,
            "eps_4q": 6.38,
            "eps_4q_growth_year": 169.28,
            "roe": 8.09,
            "roe_4q": 23.970000000000002,
            "gross_profit": 352660,
            "gross_margin": 43.84,
            "gross_margin_4q_avg": 45.57,
            "net_income": 183383,
            "net_income_4q": null,
            "revenue": 804465,
            "revenue_4q": null,
            "common_shares": 833239,
            "book_valuer_per_share": 27.04,
            "book_valuer_per_share_4q_avg": 26.53,
            "equity": 2202539,
            "current_ratio": 245.33,
            "debt_ratio": 30.7,
            "inventory_turnover_ratio": 0.82,
            "account_receivable_turnover_ratio": 0.69,
            "reinvestment_rate": 0.33,
            "research_to_sale_ratio": 11.32,
            "price_fair": 137.8,
            "eps_avg_yearly": 3.94,
            "eps_latest_yearly": 9,
            "eps_growth_yearly": 96.35
        },
        "20214": {
            "year_quarter": 20214,
            "year": 2021,
            "quarter": 4,
            "eps": 0.8,
            "eps_growth_year": 48.69,
            "eps_4q": 6.64,
            "eps_4q_growth_year": 119.26,
            "roe": 2.9,
            "roe_4q": 24.5,
            "gross_profit": 224956,
            "gross_margin": 50.75,
            "gross_margin_4q_avg": 47.43,
            "net_income": 65328,
            "net_income_4q": null,
            "revenue": 443240,
            "revenue_4q": null,
            "common_shares": 833239,
            "book_valuer_per_share": 28.27,
            "book_valuer_per_share_4q_avg": 27.75,
            "equity": 2302300,
            "current_ratio": 202,
            "debt_ratio": 35.66,
            "inventory_turnover_ratio": 0.37,
            "account_receivable_turnover_ratio": 0.41,
            "reinvestment_rate": 3.96,
            "research_to_sale_ratio": 19.44,
            "price_fair": 140.8,
            "eps_avg_yearly": 4.02,
            "eps_latest_yearly": 3.2,
            "eps_growth_yearly": 96.08
        },
        "20221": {
            "year_quarter": 20221,
            "year": 2022,
            "quarter": 1,
            "eps": 1.83,
            "eps_growth_year": 11.59,
            "eps_4q": 6.84,
            "eps_4q_growth_year": 61.94,
            "roe": 6.05,
            "roe_4q": 24.049999999999997,
            "gross_profit": 292418,
            "gross_margin": 46.45,
            "gross_margin_4q_avg": 46.48,
            "net_income": 149118,
            "net_income_4q": null,
            "revenue": 629591,
            "revenue_4q": null,
            "common_shares": 833239,
            "book_valuer_per_share": 32.3,
            "book_valuer_per_share_4q_avg": 29.06,
            "equity": 2631165,
            "current_ratio": 349.56,
            "debt_ratio": 43.28,
            "inventory_turnover_ratio": 0.46,
            "account_receivable_turnover_ratio": 0.66,
            "reinvestment_rate": 8.9,
            "research_to_sale_ratio": 14.42,
            "price_fair": 151.4,
            "eps_avg_yearly": 4.33,
            "eps_latest_yearly": 7.32,
            "eps_growth_yearly": 117.44
        },
        "20222": {
            "year_quarter": 20222,
            "year": 2022,
            "quarter": 2,
            "eps": 2.07,
            "eps_growth_year": 6.15,
            "eps_4q": 6.95,
            "eps_4q_growth_year": 30.55,
            "roe": 6.76,
            "roe_4q": 23.799999999999997,
            "gross_profit": 335891,
            "gross_margin": 43.91,
            "gross_margin_4q_avg": 46.24,
            "net_income": 168565,
            "net_income_4q": null,
            "revenue": 764883,
            "revenue_4q": null,
            "common_shares": 833239,
            "book_valuer_per_share": 28.91,
            "book_valuer_per_share_4q_avg": 29.13,
            "equity": 2354813,
            "current_ratio": 276.78,
            "debt_ratio": 49,
            "inventory_turnover_ratio": 0.61,
            "account_receivable_turnover_ratio": 0.85,
            "reinvestment_rate": 8.53,
            "research_to_sale_ratio": 13.35,
            "price_fair": 154.5,
            "eps_avg_yearly": 4.41,
            "eps_latest_yearly": 8.28,
            "eps_growth_yearly": 84.45
        },
        "20223": {
            "year_quarter": 20223,
            "year": 2022,
            "quarter": 3,
            "eps": 1.96,
            "eps_growth_year": -12.89,
            "eps_4q": 6.71,
            "eps_4q_growth_year": 5.15,
            "roe": 6.63,
            "roe_4q": 22.34,
            "gross_profit": 275323,
            "gross_margin": 48.82,
            "gross_margin_4q_avg": 47.48,
            "net_income": 159158,
            "net_income_4q": null,
            "revenue": 564004,
            "revenue_4q": null,
            "common_shares": 833239,
            "book_valuer_per_share": 30.26,
            "book_valuer_per_share_4q_avg": 29.94,
            "equity": 2444584,
            "current_ratio": 357.58,
            "debt_ratio": 42.73,
            "inventory_turnover_ratio": 0.43,
            "account_receivable_turnover_ratio": 0.65,
            "reinvestment_rate": 30.81,
            "research_to_sale_ratio": 17.86,
            "price_fair": 165.5,
            "eps_avg_yearly": 4.73,
            "eps_latest_yearly": 7.84,
            "eps_growth_yearly": 97.55
        },
        "20224": {
            "year_quarter": 20224,
            "year": 2022,
            "quarter": 4,
            "eps": 0.28,
            "eps_growth_year": -65.64,
            "eps_4q": 6.19,
            "eps_4q_growth_year": -6.77,
            "roe": 0.91,
            "roe_4q": 20.35,
            "gross_profit": 173900,
            "gross_margin": 59.92,
            "gross_margin_4q_avg": 49.78,
            "net_income": 22198,
            "net_income_4q": null,
            "revenue": 290235,
            "revenue_4q": null,
            "common_shares": 833239,
            "book_valuer_per_share": 30.19,
            "book_valuer_per_share_4q_avg": 30.42,
            "equity": 2431878,
            "current_ratio": 368.39,
            "debt_ratio": 41.61,
            "inventory_turnover_ratio": 0.17,
            "account_receivable_turnover_ratio": 0.39,
            "reinvestment_rate": 31.11,
            "research_to_sale_ratio": 31.67,
            "price_fair": 164.8,
            "eps_avg_yearly": 4.71,
            "eps_latest_yearly": 1.12,
            "eps_growth_yearly": 90
        },
        "20231": {
            "year_quarter": 20231,
            "year": 2023,
            "quarter": 1,
            "eps": 0.17,
            "eps_growth_year": -90.71,
            "eps_4q": 4.52,
            "eps_4q_growth_year": -33.93,
            "roe": 0.56,
            "roe_4q": 14.86,
            "gross_profit": 114580,
            "gross_margin": 50.31,
            "gross_margin_4q_avg": 50.74,
            "net_income": 13921,
            "net_income_4q": null,
            "revenue": 227758,
            "revenue_4q": null,
            "common_shares": 833239,
            "book_valuer_per_share": 31.71,
            "book_valuer_per_share_4q_avg": 30.27,
            "equity": 2554033,
            "current_ratio": 479.24,
            "debt_ratio": 36.4,
            "inventory_turnover_ratio": 0.16,
            "account_receivable_turnover_ratio": 0.4,
            "reinvestment_rate": 31.22,
            "research_to_sale_ratio": 29.47,
            "price_fair": 163.1,
            "eps_avg_yearly": 4.66,
            "eps_latest_yearly": 0.68,
            "eps_growth_yearly": 79.59
        },
        "20232": {
            "year_quarter": 20232,
            "year": 2023,
            "quarter": 2,
            "eps": 0.38,
            "eps_growth_year": -81.64,
            "eps_4q": 2.77,
            "eps_4q_growth_year": -60.19,
            "roe": 1.24,
            "roe_4q": 9.34,
            "gross_profit": 143692,
            "gross_margin": 52.08,
            "gross_margin_4q_avg": 52.78,
            "net_income": 30483,
            "net_income_4q": null,
            "revenue": 275907,
            "revenue_4q": null,
            "common_shares": 833239,
            "book_valuer_per_share": 28.83,
            "book_valuer_per_share_4q_avg": 30.25,
            "equity": 2351177,
            "current_ratio": 317.01,
            "debt_ratio": 43.31,
            "inventory_turnover_ratio": 0.2,
            "account_receivable_turnover_ratio": 0.54,
            "reinvestment_rate": 31.57,
            "research_to_sale_ratio": 32.63,
            "price_fair": 163,
            "eps_avg_yearly": 4.66,
            "eps_latest_yearly": 1.52,
            "eps_growth_yearly": 110.68
        },
        "20233": {
            "year_quarter": 20233,
            "year": 2023,
            "quarter": 3,
            "eps": 0.35,
            "eps_growth_year": -82.14,
            "eps_4q": 1.17,
            "eps_4q_growth_year": -82.58,
            "roe": 1.2,
            "roe_4q": 3.91,
            "gross_profit": 140358,
            "gross_margin": 42.32,
            "gross_margin_4q_avg": 51.16,
            "net_income": 28763,
            "net_income_4q": null,
            "revenue": 331647,
            "revenue_4q": null,
            "common_shares": 833239,
            "book_valuer_per_share": 29.76,
            "book_valuer_per_share_4q_avg": 30.12,
            "equity": 2427053,
            "current_ratio": 399.48,
            "debt_ratio": 38.99,
            "inventory_turnover_ratio": 0.29,
            "account_receivable_turnover_ratio": 0.7,
            "reinvestment_rate": 37.23,
            "research_to_sale_ratio": 26.68,
            "price_fair": 162.6,
            "eps_avg_yearly": 4.65,
            "eps_latest_yearly": 1.4,
            "eps_growth_yearly": 108.43
        },
        "20234": {
            "year_quarter": 20234,
            "year": 2023,
            "quarter": 4,
            "eps": 0.8,
            "eps_growth_year": 189.25,
            "eps_4q": 1.69,
            "eps_4q_growth_year": -72.65,
            "roe": 2.65,
            "roe_4q": 5.65,
            "gross_profit": 225856,
            "gross_margin": 61.04,
            "gross_margin_4q_avg": 51.44,
            "net_income": 65006,
            "net_income_4q": null,
            "revenue": 369999,
            "revenue_4q": null,
            "common_shares": 833239,
            "book_valuer_per_share": 30.43,
            "book_valuer_per_share_4q_avg": 30.18,
            "equity": 2481351,
            "current_ratio": 261.74,
            "debt_ratio": 44.72,
            "inventory_turnover_ratio": 0.16,
            "account_receivable_turnover_ratio": 0.75,
            "reinvestment_rate": 43.3,
            "research_to_sale_ratio": 25.67,
            "price_fair": 159.23,
            "eps_avg_yearly": 4.55,
            "eps_latest_yearly": 3.2,
            "eps_growth_yearly": 135.49
        }
    },
    "months": {
        "2002-09": {
            "month": "2002-09",
            "price": "49.70",
            "revenue": 52461
        },
        "2002-10": {
            "month": "2002-10",
            "price": "39.80",
            "revenue": 51416
        },
        "2002-11": {
            "month": "2002-11",
            "price": "40.95",
            "revenue": 43329
        },
        "2002-12": {
            "month": "2002-12",
            "price": "38.29",
            "revenue": 37887
        },
        "2003-01": {
            "month": "2003-01",
            "price": "37.43",
            "revenue": 60647
        },
        "2003-02": {
            "month": "2003-02",
            "price": "36.25",
            "revenue": 40442
        },
        "2003-03": {
            "month": "2003-03",
            "price": "31.82",
            "revenue": 40824
        },
        "2003-04": {
            "month": "2003-04",
            "price": "29.35",
            "revenue": 50811
        },
        "2003-05": {
            "month": "2003-05",
            "price": "28.50",
            "revenue": 49109
        },
        "2003-06": {
            "month": "2003-06",
            "price": "32.66",
            "revenue": 81043
        },
        "2003-07": {
            "month": "2003-07",
            "price": "31.19",
            "revenue": 65515
        },
        "2003-08": {
            "month": "2003-08",
            "price": "28.42",
            "revenue": 60056
        },
        "2003-09": {
            "month": "2003-09",
            "price": "28.37",
            "revenue": 72828
        },
        "2003-10": {
            "month": "2003-10",
            "price": "31.89",
            "revenue": 90075
        },
        "2003-11": {
            "month": "2003-11",
            "price": "38.34",
            "revenue": 93615
        },
        "2003-12": {
            "month": "2003-12",
            "price": "47.58",
            "revenue": 53513
        },
        "2004-01": {
            "month": "2004-01",
            "price": "52.97",
            "revenue": 63008
        },
        "2004-02": {
            "month": "2004-02",
            "price": "58.05",
            "revenue": 96532
        },
        "2004-03": {
            "month": "2004-03",
            "price": "52.57",
            "revenue": 72024
        },
        "2004-04": {
            "month": "2004-04",
            "price": "52.23",
            "revenue": 99241
        },
        "2004-05": {
            "month": "2004-05",
            "price": "50.87",
            "revenue": 111328
        },
        "2004-06": {
            "month": "2004-06",
            "price": "44.01",
            "revenue": 99196
        },
        "2004-07": {
            "month": "2004-07",
            "price": "36.30",
            "revenue": 87761
        },
        "2004-08": {
            "month": "2004-08",
            "price": "33.04",
            "revenue": 113041
        },
        "2004-09": {
            "month": "2004-09",
            "price": "41.44",
            "revenue": 122633
        },
        "2004-10": {
            "month": "2004-10",
            "price": "38.08",
            "revenue": 34108
        },
        "2004-11": {
            "month": "2004-11",
            "price": "29.29",
            "revenue": 45582
        },
        "2004-12": {
            "month": "2004-12",
            "price": "25.80",
            "revenue": 37135
        },
        "2005-01": {
            "month": "2005-01",
            "price": "23.65",
            "revenue": 52674
        },
        "2005-02": {
            "month": "2005-02",
            "price": "26.75",
            "revenue": 41772
        },
        "2005-03": {
            "month": "2005-03",
            "price": "26.32",
            "revenue": 68312
        },
        "2005-04": {
            "month": "2005-04",
            "price": "24.38",
            "revenue": 60579
        },
        "2005-05": {
            "month": "2005-05",
            "price": "22.92",
            "revenue": 47852
        },
        "2005-06": {
            "month": "2005-06",
            "price": "22.97",
            "revenue": 60445
        },
        "2005-07": {
            "month": "2005-07",
            "price": "24.37",
            "revenue": 46953
        },
        "2005-08": {
            "month": "2005-08",
            "price": "22.23",
            "revenue": 50772
        },
        "2005-09": {
            "month": "2005-09",
            "price": "19.55",
            "revenue": 42657
        },
        "2005-10": {
            "month": "2005-10",
            "price": "17.12",
            "revenue": 62745
        },
        "2005-11": {
            "month": "2005-11",
            "price": "17.74",
            "revenue": 55159
        },
        "2005-12": {
            "month": "2005-12",
            "price": "21.88",
            "revenue": 52718
        },
        "2006-01": {
            "month": "2006-01",
            "price": "31.43",
            "revenue": 70401
        },
        "2006-02": {
            "month": "2006-02",
            "price": "34.42",
            "revenue": 60770
        },
        "2006-03": {
            "month": "2006-03",
            "price": "33.38",
            "revenue": 75644
        },
        "2006-04": {
            "month": "2006-04",
            "price": "33.97",
            "revenue": 49268
        },
        "2006-05": {
            "month": "2006-05",
            "price": "29.63",
            "revenue": 53670
        },
        "2006-06": {
            "month": "2006-06",
            "price": "21.84",
            "revenue": 56392
        },
        "2006-07": {
            "month": "2006-07",
            "price": "20.72",
            "revenue": 41006
        },
        "2006-08": {
            "month": "2006-08",
            "price": "20.65",
            "revenue": 50711
        },
        "2006-09": {
            "month": "2006-09",
            "price": "20.70",
            "revenue": 49023
        },
        "2006-10": {
            "month": "2006-10",
            "price": "20.61",
            "revenue": 48405
        },
        "2006-11": {
            "month": "2006-11",
            "price": "20.67",
            "revenue": 43910
        },
        "2006-12": {
            "month": "2006-12",
            "price": "22.11",
            "revenue": 40192
        },
        "2007-01": {
            "month": "2007-01",
            "price": "21.27",
            "revenue": 49088
        },
        "2007-02": {
            "month": "2007-02",
            "price": "19.58",
            "revenue": 45542
        },
        "2007-03": {
            "month": "2007-03",
            "price": "21.86",
            "revenue": 67285
        },
        "2007-04": {
            "month": "2007-04",
            "price": "28.30",
            "revenue": 74615
        },
        "2007-05": {
            "month": "2007-05",
            "price": "33.58",
            "revenue": 84345
        },
        "2007-06": {
            "month": "2007-06",
            "price": "35.59",
            "revenue": 100183
        },
        "2007-07": {
            "month": "2007-07",
            "price": "33.89",
            "revenue": 70981
        },
        "2007-08": {
            "month": "2007-08",
            "price": "25.18",
            "revenue": 70621
        },
        "2007-09": {
            "month": "2007-09",
            "price": "25.24",
            "revenue": 72045
        },
        "2007-10": {
            "month": "2007-10",
            "price": "24.84",
            "revenue": 76189
        },
        "2007-11": {
            "month": "2007-11",
            "price": "25.40",
            "revenue": 60911
        },
        "2007-12": {
            "month": "2007-12",
            "price": "24.55",
            "revenue": 41837
        },
        "2008-01": {
            "month": "2008-01",
            "price": "24.78",
            "revenue": 63352
        },
        "2008-02": {
            "month": "2008-02",
            "price": "25.04",
            "revenue": 64034
        },
        "2008-03": {
            "month": "2008-03",
            "price": "28.13",
            "revenue": 68926
        },
        "2008-04": {
            "month": "2008-04",
            "price": "32.44",
            "revenue": 102293
        },
        "2008-05": {
            "month": "2008-05",
            "price": "42.74",
            "revenue": 118711
        },
        "2008-06": {
            "month": "2008-06",
            "price": "35.08",
            "revenue": 70284
        },
        "2008-07": {
            "month": "2008-07",
            "price": "25.45",
            "revenue": 93105
        },
        "2008-08": {
            "month": "2008-08",
            "price": "24.74",
            "revenue": 92963
        },
        "2008-09": {
            "month": "2008-09",
            "price": "21.64",
            "revenue": 100368
        },
        "2008-10": {
            "month": "2008-10",
            "price": "18.98",
            "revenue": 105316
        },
        "2008-11": {
            "month": "2008-11",
            "price": "15.59",
            "revenue": 35743
        },
        "2008-12": {
            "month": "2008-12",
            "price": "13.84",
            "revenue": 83782
        },
        "2009-01": {
            "month": "2009-01",
            "price": "14.17",
            "revenue": 30101
        },
        "2009-02": {
            "month": "2009-02",
            "price": "14.78",
            "revenue": 15523
        },
        "2009-03": {
            "month": "2009-03",
            "price": "16.02",
            "revenue": 35323
        },
        "2009-04": {
            "month": "2009-04",
            "price": "18.91",
            "revenue": 30597
        },
        "2009-05": {
            "month": "2009-05",
            "price": "18.31",
            "revenue": 33519
        },
        "2009-06": {
            "month": "2009-06",
            "price": "18.64",
            "revenue": 57396
        },
        "2009-07": {
            "month": "2009-07",
            "price": "21.94",
            "revenue": 31355
        },
        "2009-08": {
            "month": "2009-08",
            "price": "20.88",
            "revenue": 61046
        },
        "2009-09": {
            "month": "2009-09",
            "price": "27.80",
            "revenue": 63975
        },
        "2009-10": {
            "month": "2009-10",
            "price": "35.14",
            "revenue": 73842
        },
        "2009-11": {
            "month": "2009-11",
            "price": "43.59",
            "revenue": 83586
        },
        "2009-12": {
            "month": "2009-12",
            "price": "45.25",
            "revenue": 83522
        },
        "2010-01": {
            "month": "2010-01",
            "price": "40.50",
            "revenue": 60853
        },
        "2010-02": {
            "month": "2010-02",
            "price": "34.44",
            "revenue": 47554
        },
        "2010-03": {
            "month": "2010-03",
            "price": "42.16",
            "revenue": 72036
        },
        "2010-04": {
            "month": "2010-04",
            "price": "44.15",
            "revenue": 69184
        },
        "2010-05": {
            "month": "2010-05",
            "price": "50.22",
            "revenue": 123446
        },
        "2010-06": {
            "month": "2010-06",
            "price": "57.15",
            "revenue": 130014
        },
        "2010-07": {
            "month": "2010-07",
            "price": "54.22",
            "revenue": 103185
        },
        "2010-08": {
            "month": "2010-08",
            "price": "54.41",
            "revenue": 146821
        },
        "2010-09": {
            "month": "2010-09",
            "price": "56.24",
            "revenue": 155081
        },
        "2010-10": {
            "month": "2010-10",
            "price": "53.39",
            "revenue": 102149
        },
        "2010-11": {
            "month": "2010-11",
            "price": "42.17",
            "revenue": 80040
        },
        "2010-12": {
            "month": "2010-12",
            "price": "42.87",
            "revenue": 65123
        },
        "2011-01": {
            "month": "2011-01",
            "price": "38.62",
            "revenue": 56767
        },
        "2011-02": {
            "month": "2011-02",
            "price": "35.69",
            "revenue": 56204
        },
        "2011-03": {
            "month": "2011-03",
            "price": "34.57",
            "revenue": 60463
        },
        "2011-04": {
            "month": "2011-04",
            "price": "33.61",
            "revenue": 58596
        },
        "2011-05": {
            "month": "2011-05",
            "price": "36.24",
            "revenue": 87765
        },
        "2011-06": {
            "month": "2011-06",
            "price": "25.85",
            "revenue": 106605
        },
        "2011-07": {
            "month": "2011-07",
            "price": "19.74",
            "revenue": 90608
        },
        "2011-08": {
            "month": "2011-08",
            "price": "19.66",
            "revenue": 54092
        },
        "2011-09": {
            "month": "2011-09",
            "price": "19.04",
            "revenue": 69810
        },
        "2011-10": {
            "month": "2011-10",
            "price": "14.64",
            "revenue": 56702
        },
        "2011-11": {
            "month": "2011-11",
            "price": "13.58",
            "revenue": 46096
        },
        "2011-12": {
            "month": "2011-12",
            "price": "12.59",
            "revenue": 12894
        },
        "2012-01": {
            "month": "2012-01",
            "price": "13.68",
            "revenue": 21092
        },
        "2012-02": {
            "month": "2012-02",
            "price": "16.23",
            "revenue": 42872
        },
        "2012-03": {
            "month": "2012-03",
            "price": "17.88",
            "revenue": 75524
        },
        "2012-04": {
            "month": "2012-04",
            "price": "16.94",
            "revenue": 34974
        },
        "2012-05": {
            "month": "2012-05",
            "price": "16.55",
            "revenue": 56223
        },
        "2012-06": {
            "month": "2012-06",
            "price": "14.94",
            "revenue": 75151
        },
        "2012-07": {
            "month": "2012-07",
            "price": "15.15",
            "revenue": 68007
        },
        "2012-08": {
            "month": "2012-08",
            "price": "15.68",
            "revenue": 58992
        },
        "2012-09": {
            "month": "2012-09",
            "price": "15.57",
            "revenue": 50165
        },
        "2012-10": {
            "month": "2012-10",
            "price": "14.17",
            "revenue": 62522
        },
        "2012-11": {
            "month": "2012-11",
            "price": "13.77",
            "revenue": 60568
        },
        "2012-12": {
            "month": "2012-12",
            "price": "14.77",
            "revenue": 43320
        },
        "2013-01": {
            "month": "2013-01",
            "price": "14.68",
            "revenue": 75315
        },
        "2013-02": {
            "month": "2013-02",
            "price": "15.01",
            "revenue": 51505
        },
        "2013-03": {
            "month": "2013-03",
            "price": "15.05",
            "revenue": 79856
        },
        "2013-04": {
            "month": "2013-04",
            "price": "14.48",
            "revenue": 91603
        },
        "2013-05": {
            "month": "2013-05",
            "price": "16.00",
            "revenue": 90982
        },
        "2013-06": {
            "month": "2013-06",
            "price": "17.33",
            "revenue": 115760
        },
        "2013-07": {
            "month": "2013-07",
            "price": "19.45",
            "revenue": 123906
        },
        "2013-08": {
            "month": "2013-08",
            "price": "25.69",
            "revenue": 130103
        },
        "2013-09": {
            "month": "2013-09",
            "price": "26.12",
            "revenue": 131311
        },
        "2013-10": {
            "month": "2013-10",
            "price": "30.41",
            "revenue": 105568
        },
        "2013-11": {
            "month": "2013-11",
            "price": "30.08",
            "revenue": 74634
        },
        "2013-12": {
            "month": "2013-12",
            "price": "29.59",
            "revenue": 48400
        },
        "2014-01": {
            "month": "2014-01",
            "price": "29.81",
            "revenue": 60252
        },
        "2014-02": {
            "month": "2014-02",
            "price": "38.31",
            "revenue": 60910
        },
        "2014-03": {
            "month": "2014-03",
            "price": "51.96",
            "revenue": 83933
        },
        "2014-04": {
            "month": "2014-04",
            "price": "58.21",
            "revenue": 102067
        },
        "2014-05": {
            "month": "2014-05",
            "price": "56.66",
            "revenue": 139706
        },
        "2014-06": {
            "month": "2014-06",
            "price": "62.44",
            "revenue": 197088
        },
        "2014-07": {
            "month": "2014-07",
            "price": "56.59",
            "revenue": 159843
        },
        "2014-08": {
            "month": "2014-08",
            "price": "47.84",
            "revenue": 157019
        },
        "2014-09": {
            "month": "2014-09",
            "price": "42.63",
            "revenue": 154554
        },
        "2014-10": {
            "month": "2014-10",
            "price": "35.97",
            "revenue": 150037
        },
        "2014-11": {
            "month": "2014-11",
            "price": "38.06",
            "revenue": 130290
        },
        "2014-12": {
            "month": "2014-12",
            "price": "40.84",
            "revenue": 124107
        },
        "2015-01": {
            "month": "2015-01",
            "price": "42.72",
            "revenue": 113300
        },
        "2015-02": {
            "month": "2015-02",
            "price": "45.95",
            "revenue": 119272
        },
        "2015-03": {
            "month": "2015-03",
            "price": "55.40",
            "revenue": 110170
        },
        "2015-04": {
            "month": "2015-04",
            "price": "60.74",
            "revenue": 140331
        },
        "2015-05": {
            "month": "2015-05",
            "price": "56.57",
            "revenue": 200155
        },
        "2015-06": {
            "month": "2015-06",
            "price": "53.10",
            "revenue": 201609
        },
        "2015-07": {
            "month": "2015-07",
            "price": "45.28",
            "revenue": 143446
        },
        "2015-08": {
            "month": "2015-08",
            "price": "38.01",
            "revenue": 108476
        },
        "2015-09": {
            "month": "2015-09",
            "price": "37.82",
            "revenue": 92182
        },
        "2015-10": {
            "month": "2015-10",
            "price": "37.59",
            "revenue": 94732
        },
        "2015-11": {
            "month": "2015-11",
            "price": "39.59",
            "revenue": 95232
        },
        "2015-12": {
            "month": "2015-12",
            "price": "42.14",
            "revenue": 88176
        },
        "2016-01": {
            "month": "2016-01",
            "price": "39.35",
            "revenue": 90175
        },
        "2016-02": {
            "month": "2016-02",
            "price": "44.34",
            "revenue": 80858
        },
        "2016-03": {
            "month": "2016-03",
            "price": "50.20",
            "revenue": 120099
        },
        "2016-04": {
            "month": "2016-04",
            "price": "54.52",
            "revenue": 151857
        },
        "2016-05": {
            "month": "2016-05",
            "price": "51.59",
            "revenue": 220197
        },
        "2016-06": {
            "month": "2016-06",
            "price": "62.63",
            "revenue": 252641
        },
        "2016-07": {
            "month": "2016-07",
            "price": "67.71",
            "revenue": 280858
        },
        "2016-08": {
            "month": "2016-08",
            "price": "63.50",
            "revenue": 303209
        },
        "2016-09": {
            "month": "2016-09",
            "price": "59.52",
            "revenue": 242804
        },
        "2016-10": {
            "month": "2016-10",
            "price": "52.20",
            "revenue": 135612
        },
        "2016-11": {
            "month": "2016-11",
            "price": "48.89",
            "revenue": 119008
        },
        "2016-12": {
            "month": "2016-12",
            "price": "52.47",
            "revenue": 115142
        },
        "2017-01": {
            "month": "2017-01",
            "price": "56.82",
            "revenue": 111377
        },
        "2017-02": {
            "month": "2017-02",
            "price": "66.89",
            "revenue": 112232
        },
        "2017-03": {
            "month": "2017-03",
            "price": "74.36",
            "revenue": 130673
        },
        "2017-04": {
            "month": "2017-04",
            "price": "70.74",
            "revenue": 162659
        },
        "2017-05": {
            "month": "2017-05",
            "price": "72.58",
            "revenue": 198447
        },
        "2017-06": {
            "month": "2017-06",
            "price": "64.12",
            "revenue": 205596
        },
        "2017-07": {
            "month": "2017-07",
            "price": "58.60",
            "revenue": 187097
        },
        "2017-08": {
            "month": "2017-08",
            "price": "55.33",
            "revenue": 184225
        },
        "2017-09": {
            "month": "2017-09",
            "price": "57.50",
            "revenue": 165881
        },
        "2017-10": {
            "month": "2017-10",
            "price": "68.59",
            "revenue": 146594
        },
        "2017-11": {
            "month": "2017-11",
            "price": "66.73",
            "revenue": 164675
        },
        "2017-12": {
            "month": "2017-12",
            "price": "63.15",
            "revenue": 97399
        },
        "2018-01": {
            "month": "2018-01",
            "price": "65.88",
            "revenue": 177173
        },
        "2018-02": {
            "month": "2018-02",
            "price": "67.12",
            "revenue": 123280
        },
        "2018-03": {
            "month": "2018-03",
            "price": "71.73",
            "revenue": 167911
        },
        "2018-04": {
            "month": "2018-04",
            "price": "65.47",
            "revenue": 196086
        },
        "2018-05": {
            "month": "2018-05",
            "price": "67.19",
            "revenue": 203872
        },
        "2018-06": {
            "month": "2018-06",
            "price": "67.31",
            "revenue": 202294
        },
        "2018-07": {
            "month": "2018-07",
            "price": "65.81",
            "revenue": 174501
        },
        "2018-08": {
            "month": "2018-08",
            "price": "60.80",
            "revenue": 171123
        },
        "2018-09": {
            "month": "2018-09",
            "price": "57.72",
            "revenue": 168727
        },
        "2018-10": {
            "month": "2018-10",
            "price": "48.36",
            "revenue": 125797
        },
        "2018-11": {
            "month": "2018-11",
            "price": "44.23",
            "revenue": 128781
        },
        "2018-12": {
            "month": "2018-12",
            "price": "44.74",
            "revenue": 86325
        },
        "2019-01": {
            "month": "2019-01",
            "price": "43.77",
            "revenue": 87776
        },
        "2019-02": {
            "month": "2019-02",
            "price": "46.40",
            "revenue": 71524
        },
        "2019-03": {
            "month": "2019-03",
            "price": "46.48",
            "revenue": 93436
        },
        "2019-04": {
            "month": "2019-04",
            "price": "47.43",
            "revenue": 83663
        },
        "2019-05": {
            "month": "2019-05",
            "price": "43.53",
            "revenue": 104844
        },
        "2019-06": {
            "month": "2019-06",
            "price": "42.83",
            "revenue": 91963
        },
        "2019-07": {
            "month": "2019-07",
            "price": "39.04",
            "revenue": 95085
        },
        "2019-08": {
            "month": "2019-08",
            "price": "35.80",
            "revenue": 90331
        },
        "2019-09": {
            "month": "2019-09",
            "price": "35.66",
            "revenue": 86823
        },
        "2019-10": {
            "month": "2019-10",
            "price": "36.76",
            "revenue": 84825
        },
        "2019-11": {
            "month": "2019-11",
            "price": "40.51",
            "revenue": 86529
        },
        "2019-12": {
            "month": "2019-12",
            "price": "41.01",
            "revenue": 55578
        },
        "2020-01": {
            "month": "2020-01",
            "price": "41.32",
            "revenue": 81433
        },
        "2020-02": {
            "month": "2020-02",
            "price": "43.52",
            "revenue": 82583
        },
        "2020-03": {
            "month": "2020-03",
            "price": "36.42",
            "revenue": 90020
        },
        "2020-04": {
            "month": "2020-04",
            "price": "37.93",
            "revenue": 120916
        },
        "2020-05": {
            "month": "2020-05",
            "price": "42.73",
            "revenue": 130034
        },
        "2020-06": {
            "month": "2020-06",
            "price": "42.70",
            "revenue": 137824
        },
        "2020-07": {
            "month": "2020-07",
            "price": "51.87",
            "revenue": 140110
        },
        "2020-08": {
            "month": "2020-08",
            "price": "61.39",
            "revenue": 150232
        },
        "2020-09": {
            "month": "2020-09",
            "price": "65.52",
            "revenue": 151619
        },
        "2020-10": {
            "month": "2020-10",
            "price": "70.83",
            "revenue": 152633
        },
        "2020-11": {
            "month": "2020-11",
            "price": "84.53",
            "revenue": 153764
        },
        "2020-12": {
            "month": "2020-12",
            "price": "87.26",
            "revenue": 115154
        },
        "2021-01": {
            "month": "2021-01",
            "price": "112.44",
            "revenue": 165632
        },
        "2021-02": {
            "month": "2021-02",
            "price": "117.08",
            "revenue": 143297
        },
        "2021-03": {
            "month": "2021-03",
            "price": "106.00",
            "revenue": 265191
        },
        "2021-04": {
            "month": "2021-04",
            "price": "142.29",
            "revenue": 250955
        },
        "2021-05": {
            "month": "2021-05",
            "price": "127.29",
            "revenue": 264259
        },
        "2021-06": {
            "month": "2021-06",
            "price": "131.90",
            "revenue": 267277
        },
        "2021-07": {
            "month": "2021-07",
            "price": "142.50",
            "revenue": 270726
        },
        "2021-08": {
            "month": "2021-08",
            "price": "135.14",
            "revenue": 273182
        },
        "2021-09": {
            "month": "2021-09",
            "price": "119.35",
            "revenue": 260556
        },
        "2021-10": {
            "month": "2021-10",
            "price": "106.44",
            "revenue": 200503
        },
        "2021-11": {
            "month": "2021-11",
            "price": "116.11",
            "revenue": 123675
        },
        "2021-12": {
            "month": "2021-12",
            "price": "116.43",
            "revenue": 119061
        },
        "2022-01": {
            "month": "2022-01",
            "price": "127.39",
            "revenue": 157097
        },
        "2022-02": {
            "month": "2022-02",
            "price": "130.57",
            "revenue": 205398
        },
        "2022-03": {
            "month": "2022-03",
            "price": "139.52",
            "revenue": 267096
        },
        "2022-04": {
            "month": "2022-04",
            "price": "118.66",
            "revenue": 248400
        },
        "2022-05": {
            "month": "2022-05",
            "price": "106.25",
            "revenue": 252452
        },
        "2022-06": {
            "month": "2022-06",
            "price": "92.50",
            "revenue": 264031
        },
        "2022-07": {
            "month": "2022-07",
            "price": "75.87",
            "revenue": 198612
        },
        "2022-08": {
            "month": "2022-08",
            "price": "77.64",
            "revenue": 210011
        },
        "2022-09": {
            "month": "2022-09",
            "price": "78.49",
            "revenue": 155381
        },
        "2022-10": {
            "month": "2022-10",
            "price": "60.14",
            "revenue": 116180
        },
        "2022-11": {
            "month": "2022-11",
            "price": "61.05",
            "revenue": 110671
        },
        "2022-12": {
            "month": "2022-12",
            "price": "67.17",
            "revenue": 63385
        },
        "2023-01": {
            "month": "2023-01",
            "price": "63.45",
            "revenue": 74346
        },
        "2023-02": {
            "month": "2023-02",
            "price": "68.81",
            "revenue": 72456
        },
        "2023-03": {
            "month": "2023-03",
            "price": "68.77",
            "revenue": 80955
        },
        "2023-04": {
            "month": "2023-04",
            "price": "65.39",
            "revenue": 83113
        },
        "2023-05": {
            "month": "2023-05",
            "price": "63.76",
            "revenue": 92346
        },
        "2023-06": {
            "month": "2023-06",
            "price": "86.80",
            "revenue": 100448
        },
        "2023-07": {
            "month": "2023-07",
            "price": "119.26",
            "revenue": 101889
        },
        "2023-08": {
            "month": "2023-08",
            "price": "113.86",
            "revenue": 113385
        },
        "2023-09": {
            "month": "2023-09",
            "price": "101.80",
            "revenue": 116374
        },
        "2023-10": {
            "month": "2023-10",
            "price": "129.10",
            "revenue": 117496
        },
        "2023-11": {
            "month": "2023-11",
            "price": "130.77",
            "revenue": 117527
        },
        "2023-12": {
            "month": "2023-12",
            "price": "135.50",
            "revenue": 134976
        }
    }
}
