{
    "summary": {
        "stock_name": "廣明",
        "stock_id": "6188",
        "category": "電腦及週邊設備",
        "main_business": "光電儲存設備及電腦週邊儲存裝置製造與銷售",
        "website_url": "http://www.qsitw.com",
        "ceo": "張嘉峰",
        "pe_ratio": 18,
        "report_year_from": 2001,
        "report_year_to": 2023,
        "age": 22,
        "eps_negative_percentage": 0,
        "eps_growth_avg": {
            "last_all": 6.84,
            "last_2y": 10.74,
            "last_4y": 20.36,
            "last_8y": 3.13,
            "last_12y": 3.22,
            "last_16y": 2.03,
            "last_20y": 6.84,
            "at_2006_last_3y": -3.4,
            "at_2007_last_3y": -1.99,
            "at_2008_last_3y": 11.4,
            "at_2009_last_3y": -1.86,
            "at_2010_last_3y": -9.51,
            "at_2011_last_3y": -18.82,
            "at_2012_last_3y": -15.47,
            "at_2013_last_3y": 3.44,
            "at_2014_last_3y": 19.58,
            "at_2015_last_3y": 8.84,
            "at_2016_last_3y": 16.68,
            "at_2017_last_3y": -18.4,
            "at_2018_last_3y": -13.86,
            "at_2019_last_3y": 11.79,
            "at_2020_last_3y": -12.02,
            "at_2021_last_3y": 23.07,
            "at_2022_last_3y": 18.09,
            "at_2023_last_3y": 18.09,
            "at_2006_last_all": 17.28,
            "at_2007_last_all": 17.36,
            "at_2008_last_all": 11.04,
            "at_2009_last_all": 12.71,
            "at_2010_last_all": 5.37,
            "at_2011_last_all": 2.89,
            "at_2012_last_all": 1.4,
            "at_2013_last_all": 9.62,
            "at_2014_last_all": 9.74,
            "at_2015_last_all": 4.59,
            "at_2016_last_all": 5.48,
            "at_2017_last_all": 2.61,
            "at_2018_last_all": 4.19,
            "at_2019_last_all": 6.19,
            "at_2020_last_all": 1.79,
            "at_2021_last_all": 6.7,
            "at_2022_last_all": 6.84,
            "at_2023_last_all": 6.84
        },
        "latest_eps": 3.69,
        "latest_price": 67.6,
        "latest_roe": 12.29,
        "latest_gross_margin": 24.13,
        "latest_equity": 8686913,
        "latest_revenue": 2546944,
        "latest_gross_profit": 614504,
        "latest_net_income": 196534,
        "latest_debt_ratio": 36.14,
        "latest_current_ratio": 253.13,
        "latest_account_receivable_turnover_ratio": 1.03,
        "latest_inventory_turnover_ratio": 1.57,
        "latest_reinvestment_rate": 35.56,
        "latest_research_to_sale_ratio": 6.22
    },
    "eps_dividends": {
        "2001": {
            "cash": 0,
            "stock": 0,
            "eps": 5.05
        },
        "2002": {
            "cash": 0,
            "stock": 2.5,
            "eps": 15.36
        },
        "2003": {
            "cash": 2,
            "stock": 10,
            "eps": 17.22
        },
        "2004": {
            "cash": 5,
            "stock": 3,
            "eps": 3.37
        },
        "2005": {
            "cash": 2,
            "stock": 0.5,
            "eps": 5.98
        },
        "2006": {
            "cash": 3.5,
            "stock": 0.5,
            "eps": 4.62
        },
        "2007": {
            "cash": 2.75,
            "stock": 0.2,
            "eps": 5.44
        },
        "2008": {
            "cash": 3.5,
            "stock": 0.1,
            "eps": 3.98
        },
        "2009": {
            "cash": 3,
            "stock": 0.1,
            "eps": 4.95
        },
        "2010": {
            "cash": 3.2,
            "stock": 0,
            "eps": 2.31
        },
        "2011": {
            "cash": 2,
            "stock": 0,
            "eps": 1.86
        },
        "2012": {
            "cash": 1.3,
            "stock": 0,
            "eps": 1.61
        },
        "2013": {
            "cash": 1.3,
            "stock": 0,
            "eps": 3.47
        },
        "2014": {
            "cash": 3,
            "stock": 0,
            "eps": 3.86
        },
        "2015": {
            "cash": 3.2,
            "stock": 0,
            "eps": 1.45
        },
        "2016": {
            "cash": 1.2,
            "stock": 0,
            "eps": 1.71
        },
        "2017": {
            "cash": 1.5,
            "stock": 0,
            "eps": 1.02
        },
        "2018": {
            "cash": 1.2,
            "stock": 0,
            "eps": 1.32
        },
        "2019": {
            "cash": 1.5,
            "stock": 0,
            "eps": 1.85
        },
        "2020": {
            "cash": 2,
            "stock": 0,
            "eps": 0.42
        },
        "2021": {
            "cash": 1,
            "stock": 0,
            "eps": 3.57
        },
        "2022": {
            "cash": 2.8,
            "stock": 0,
            "eps": 3.91
        },
        "2023": {
            "cash": 3.2,
            "stock": 0,
            "eps": 0.71
        }
    },
    "dividends": {
        "2002-04-23": {
            "cash": 0,
            "stock": 2.5
        },
        "2003-06-12": {
            "cash": 2,
            "stock": 10
        },
        "2004-04-29": {
            "cash": 5,
            "stock": 3
        },
        "2005-04-28": {
            "cash": 2,
            "stock": 0.5
        },
        "2006-04-25": {
            "cash": 3.5,
            "stock": 0.5
        },
        "2007-04-26": {
            "cash": 2.75,
            "stock": 0.2
        },
        "2008-04-29": {
            "cash": 3.5,
            "stock": 0.1
        },
        "2009-04-29": {
            "cash": 3,
            "stock": 0.1
        },
        "2010-06-14": {
            "cash": 3.2,
            "stock": 0
        },
        "2011-04-28": {
            "cash": 2,
            "stock": 0
        },
        "2012-06-18": {
            "cash": 1.3,
            "stock": 0
        },
        "2013-06-17": {
            "cash": 1.3,
            "stock": 0
        },
        "2014-06-11": {
            "cash": 3,
            "stock": 0
        },
        "2015-08-05": {
            "cash": 3.2,
            "stock": 0
        },
        "2016-08-24": {
            "cash": 1.2,
            "stock": 0
        },
        "2017-08-25": {
            "cash": 1.5,
            "stock": 0
        },
        "2018-08-23": {
            "cash": 1.2,
            "stock": 0
        },
        "2019-08-15": {
            "cash": 1.5,
            "stock": 0
        },
        "2020-08-12": {
            "cash": 2,
            "stock": 0
        },
        "2021-08-25": {
            "cash": 1,
            "stock": 0
        },
        "2022-08-19": {
            "cash": 2.8,
            "stock": 0
        },
        "2023-07-06": {
            "cash": 3.2,
            "stock": 0
        }
    },
    "prices": {
        "200101": "無",
        "200102": "無",
        "200103": "無",
        "200104": "無",
        "200105": "無",
        "200106": "無",
        "200107": "無",
        "200108": "無",
        "200109": "無",
        "200110": "無",
        "200111": "無",
        "200112": "無",
        "200201": "無",
        "200202": "無",
        "200203": "無",
        "200204": "無",
        "200205": "無",
        "200206": "無",
        "200207": "無",
        "200208": "247.50",
        "200209": "270.80",
        "200210": "211.18",
        "200211": "235.52",
        "200212": "234.86",
        "200301": "224.84",
        "200302": "192.50",
        "200303": "190.43",
        "200304": "177.27",
        "200305": "175.24",
        "200306": "238.70",
        "200307": "254.57",
        "200308": "219.52",
        "200309": "241.81",
        "200310": "215.64",
        "200311": "192.45",
        "200312": "181.74",
        "200401": "191.00",
        "200402": "199.05",
        "200403": "180.30",
        "200404": "151.61",
        "200405": "89.00",
        "200406": "81.81",
        "200407": "62.05",
        "200408": "43.90",
        "200409": "38.17",
        "200410": "31.26",
        "200411": "29.65",
        "200412": "32.28",
        "200501": "31.06",
        "200502": "35.38",
        "200503": "37.59",
        "200504": "38.02",
        "200505": "40.69",
        "200506": "45.19",
        "200507": "43.78",
        "200508": "42.66",
        "200509": "45.85",
        "200510": "42.42",
        "200511": "42.87",
        "200512": "42.71",
        "200601": "49.15",
        "200602": "47.46",
        "200603": "43.42",
        "200604": "52.19",
        "200605": "58.50",
        "200606": "51.79",
        "200607": "51.97",
        "200608": "47.26",
        "200609": "44.34",
        "200610": "47.75",
        "200611": "44.05",
        "200612": "46.38",
        "200701": "49.87",
        "200702": "46.20",
        "200703": "44.98",
        "200704": "46.88",
        "200705": "46.66",
        "200706": "55.95",
        "200707": "58.54",
        "200708": "57.13",
        "200709": "54.19",
        "200710": "52.07",
        "200711": "45.92",
        "200712": "43.22",
        "200801": "39.06",
        "200802": "38.78",
        "200803": "40.50",
        "200804": "43.54",
        "200805": "43.07",
        "200806": "39.02",
        "200807": "35.72",
        "200808": "37.96",
        "200809": "34.18",
        "200810": "26.34",
        "200811": "24.29",
        "200812": "22.01",
        "200901": "26.25",
        "200902": "26.80",
        "200903": "29.01",
        "200904": "32.27",
        "200905": "44.80",
        "200906": "44.00",
        "200907": "57.61",
        "200908": "60.00",
        "200909": "64.51",
        "200910": "65.90",
        "200911": "59.11",
        "200912": "58.75",
        "201001": "60.38",
        "201002": "53.69",
        "201003": "55.63",
        "201004": "53.42",
        "201005": "45.51",
        "201006": "46.33",
        "201007": "43.62",
        "201008": "40.10",
        "201009": "36.74",
        "201010": "36.22",
        "201011": "32.34",
        "201012": "32.81",
        "201101": "31.85",
        "201102": "27.94",
        "201103": "25.95",
        "201104": "27.41",
        "201105": "28.07",
        "201106": "26.75",
        "201107": "23.85",
        "201108": "20.42",
        "201109": "21.13",
        "201110": "20.50",
        "201111": "20.71",
        "201112": "18.55",
        "201201": "18.61",
        "201202": "24.42",
        "201203": "24.09",
        "201204": "20.53",
        "201205": "19.63",
        "201206": "19.76",
        "201207": "19.85",
        "201208": "19.91",
        "201209": "21.18",
        "201210": "19.04",
        "201211": "17.03",
        "201212": "17.55",
        "201301": "18.13",
        "201302": "18.28",
        "201303": "18.31",
        "201304": "19.54",
        "201305": "24.06",
        "201306": "29.72",
        "201307": "30.67",
        "201308": "29.56",
        "201309": "29.02",
        "201310": "30.24",
        "201311": "29.60",
        "201312": "30.27",
        "201401": "37.52",
        "201402": "39.40",
        "201403": "37.83",
        "201404": "38.12",
        "201405": "38.64",
        "201406": "41.31",
        "201407": "37.41",
        "201408": "36.44",
        "201409": "36.66",
        "201410": "33.55",
        "201411": "33.79",
        "201412": "34.96",
        "201501": "36.15",
        "201502": "34.50",
        "201503": "34.24",
        "201504": "33.55",
        "201505": "30.23",
        "201506": "28.55",
        "201507": "23.46",
        "201508": "18.82",
        "201509": "20.07",
        "201510": "21.91",
        "201511": "19.49",
        "201512": "21.92",
        "201601": "22.73",
        "201602": "23.37",
        "201603": "24.13",
        "201604": "22.85",
        "201605": "21.16",
        "201606": "22.15",
        "201607": "24.54",
        "201608": "28.49",
        "201609": "31.81",
        "201610": "31.04",
        "201611": "28.06",
        "201612": "28.49",
        "201701": "30.65",
        "201702": "35.36",
        "201703": "39.69",
        "201704": "38.38",
        "201705": "42.66",
        "201706": "43.48",
        "201707": "42.29",
        "201708": "40.08",
        "201709": "41.47",
        "201710": "40.45",
        "201711": "35.72",
        "201712": "31.17",
        "201801": "32.18",
        "201802": "28.60",
        "201803": "27.18",
        "201804": "27.99",
        "201805": "27.62",
        "201806": "29.67",
        "201807": "26.90",
        "201808": "25.90",
        "201809": "24.41",
        "201810": "21.63",
        "201811": "22.66",
        "201812": "23.84",
        "201901": "26.19",
        "201902": "40.15",
        "201903": "42.92",
        "201904": "50.28",
        "201905": "46.83",
        "201906": "42.69",
        "201907": "46.26",
        "201908": "42.83",
        "201909": "44.68",
        "201910": "41.74",
        "201911": "38.64",
        "201912": "40.67",
        "202001": "34.20",
        "202002": "32.62",
        "202003": "26.88",
        "202004": "31.64",
        "202005": "34.98",
        "202006": "31.12",
        "202007": "33.69",
        "202008": "37.18",
        "202009": "39.07",
        "202010": "36.76",
        "202011": "37.70",
        "202012": "39.11",
        "202101": "38.82",
        "202102": "39.28",
        "202103": "40.02",
        "202104": "47.13",
        "202105": "41.50",
        "202106": "40.48",
        "202107": "38.55",
        "202108": "36.55",
        "202109": "36.00",
        "202110": "37.11",
        "202111": "39.82",
        "202112": "45.33",
        "202201": "45.30",
        "202202": "46.20",
        "202203": "43.58",
        "202204": "41.21",
        "202205": "38.50",
        "202206": "38.51",
        "202207": "40.18",
        "202208": "41.97",
        "202209": "40.69",
        "202210": "37.85",
        "202211": "39.77",
        "202212": "40.88",
        "202301": "42.00",
        "202302": "47.26",
        "202303": "54.68",
        "202304": "56.44",
        "202305": "56.08",
        "202306": "69.49"
    },
    "quarters": {
        "20011": {
            "year_quarter": 20011,
            "year": 2001,
            "quarter": 1,
            "eps": -0.19,
            "eps_growth_year": null,
            "eps_4q": null,
            "eps_4q_growth_year": null,
            "roe": -1.85,
            "roe_4q": -1.85,
            "gross_profit": 27748,
            "gross_margin": 12.34,
            "gross_margin_4q_avg": 12.34,
            "net_income": -9417,
            "revenue": 224909,
            "common_shares": 500000,
            "book_valuer_per_share": 10.09,
            "book_valuer_per_share_4q_avg": 10.09,
            "equity": 504694,
            "current_ratio": 274.25,
            "debt_ratio": 33.84,
            "inventory_turnover_ratio": 0.51,
            "account_receivable_turnover_ratio": null,
            "reinvestment_rate": null,
            "research_to_sale_ratio": null,
            "price_fair": 0,
            "eps_avg_yearly": 0,
            "eps_latest_yearly": 0,
            "eps_growth_yearly": 0
        },
        "20012": {
            "year_quarter": 20012,
            "year": 2001,
            "quarter": 2,
            "eps": 1.59,
            "eps_growth_year": null,
            "eps_4q": null,
            "eps_4q_growth_year": null,
            "roe": 14.58,
            "roe_4q": 12.73,
            "gross_profit": 145823,
            "gross_margin": 23.74,
            "gross_margin_4q_avg": 18.04,
            "net_income": 79398,
            "revenue": 614156,
            "common_shares": 500000,
            "book_valuer_per_share": 11.68,
            "book_valuer_per_share_4q_avg": 10.89,
            "equity": 584092,
            "current_ratio": 179.38,
            "debt_ratio": 53.16,
            "inventory_turnover_ratio": 1.12,
            "account_receivable_turnover_ratio": null,
            "reinvestment_rate": null,
            "research_to_sale_ratio": null,
            "price_fair": 0,
            "eps_avg_yearly": 0,
            "eps_latest_yearly": 0,
            "eps_growth_yearly": 0
        },
        "20013": {
            "year_quarter": 20013,
            "year": 2001,
            "quarter": 3,
            "eps": 0.92,
            "eps_growth_year": null,
            "eps_4q": null,
            "eps_4q_growth_year": null,
            "roe": 7.59,
            "roe_4q": 20.32,
            "gross_profit": 141699,
            "gross_margin": 22.04,
            "gross_margin_4q_avg": 19.37,
            "net_income": 46073,
            "revenue": 642968,
            "common_shares": 500000,
            "book_valuer_per_share": 12.6,
            "book_valuer_per_share_4q_avg": 11.46,
            "equity": 630165,
            "current_ratio": 180.27,
            "debt_ratio": 52.81,
            "inventory_turnover_ratio": 1.2,
            "account_receivable_turnover_ratio": null,
            "reinvestment_rate": null,
            "research_to_sale_ratio": null,
            "price_fair": 0,
            "eps_avg_yearly": 0,
            "eps_latest_yearly": 0,
            "eps_growth_yearly": 0
        },
        "20014": {
            "year_quarter": 20014,
            "year": 2001,
            "quarter": 4,
            "eps": 2.73,
            "eps_growth_year": null,
            "eps_4q": 5.05,
            "eps_4q_growth_year": null,
            "roe": 19.52,
            "roe_4q": 39.839999999999996,
            "gross_profit": 230276,
            "gross_margin": 24.89,
            "gross_margin_4q_avg": 20.75,
            "net_income": 136282,
            "revenue": 925197,
            "common_shares": 500000,
            "book_valuer_per_share": 15.33,
            "book_valuer_per_share_4q_avg": 12.43,
            "equity": 766447,
            "current_ratio": 192.47,
            "debt_ratio": 49.44,
            "inventory_turnover_ratio": 2.21,
            "account_receivable_turnover_ratio": null,
            "reinvestment_rate": null,
            "research_to_sale_ratio": null,
            "price_fair": 0,
            "eps_avg_yearly": 0,
            "eps_latest_yearly": 0,
            "eps_growth_yearly": 0
        },
        "20021": {
            "year_quarter": 20021,
            "year": 2002,
            "quarter": 1,
            "eps": 2.74,
            "eps_growth_year": null,
            "eps_4q": 7.97,
            "eps_4q_growth_year": null,
            "roe": 16.42,
            "roe_4q": 58.11,
            "gross_profit": 285968,
            "gross_margin": 30.38,
            "gross_margin_4q_avg": 25.26,
            "net_income": 137112,
            "revenue": 941230,
            "common_shares": 500000,
            "book_valuer_per_share": 18.07,
            "book_valuer_per_share_4q_avg": 14.42,
            "equity": 903559,
            "current_ratio": 175.11,
            "debt_ratio": 54.07,
            "inventory_turnover_ratio": 1.86,
            "account_receivable_turnover_ratio": null,
            "reinvestment_rate": null,
            "research_to_sale_ratio": null,
            "price_fair": 125.66,
            "eps_avg_yearly": 10.96,
            "eps_latest_yearly": 10.96,
            "eps_growth_yearly": 1.47
        },
        "20022": {
            "year_quarter": 20022,
            "year": 2002,
            "quarter": 2,
            "eps": 4.16,
            "eps_growth_year": 161.64,
            "eps_4q": 8.82,
            "eps_4q_growth_year": null,
            "roe": 27.3,
            "roe_4q": 70.83,
            "gross_profit": 576583,
            "gross_margin": 35.72,
            "gross_margin_4q_avg": 28.26,
            "net_income": 285495,
            "revenue": 1614275,
            "common_shares": 685800,
            "book_valuer_per_share": 17.32,
            "book_valuer_per_share_4q_avg": 15.83,
            "equity": 1187969,
            "current_ratio": 165.9,
            "debt_ratio": 57.85,
            "inventory_turnover_ratio": 1.99,
            "account_receivable_turnover_ratio": null,
            "reinvestment_rate": null,
            "research_to_sale_ratio": null,
            "price_fair": 483,
            "eps_avg_yearly": 13.8,
            "eps_latest_yearly": 16.64,
            "eps_growth_yearly": 104.38
        },
        "20023": {
            "year_quarter": 20023,
            "year": 2002,
            "quarter": 3,
            "eps": 3.45,
            "eps_growth_year": 275,
            "eps_4q": 11.61,
            "eps_4q_growth_year": null,
            "roe": 18.09,
            "roe_4q": 81.33,
            "gross_profit": 497290,
            "gross_margin": 27.39,
            "gross_margin_4q_avg": 29.6,
            "net_income": 236287,
            "revenue": 1815501,
            "common_shares": 685800,
            "book_valuer_per_share": 20.77,
            "book_valuer_per_share_4q_avg": 17.87,
            "equity": 1424256,
            "current_ratio": 160.58,
            "debt_ratio": 60.17,
            "inventory_turnover_ratio": 2.36,
            "account_receivable_turnover_ratio": null,
            "reinvestment_rate": null,
            "research_to_sale_ratio": null,
            "price_fair": 483,
            "eps_avg_yearly": 13.8,
            "eps_latest_yearly": 13.8,
            "eps_growth_yearly": 46.83
        },
        "20024": {
            "year_quarter": 20024,
            "year": 2002,
            "quarter": 4,
            "eps": 5.01,
            "eps_growth_year": 83.52,
            "eps_4q": 14.62,
            "eps_4q_growth_year": 189.19,
            "roe": 21.52,
            "roe_4q": 83.33,
            "gross_profit": 757478,
            "gross_margin": 31.62,
            "gross_margin_4q_avg": 31.28,
            "net_income": 343579,
            "revenue": 2395446,
            "common_shares": 685800,
            "book_valuer_per_share": 25.78,
            "book_valuer_per_share_4q_avg": 20.49,
            "equity": 1768126,
            "current_ratio": 171.46,
            "debt_ratio": 55.32,
            "inventory_turnover_ratio": 3.48,
            "account_receivable_turnover_ratio": null,
            "reinvestment_rate": null,
            "research_to_sale_ratio": null,
            "price_fair": 537.6,
            "eps_avg_yearly": 15.36,
            "eps_latest_yearly": 20.04,
            "eps_growth_yearly": 80.34
        },
        "20031": {
            "year_quarter": 20031,
            "year": 2003,
            "quarter": 1,
            "eps": 4.89,
            "eps_growth_year": 78.47,
            "eps_4q": 17.5,
            "eps_4q_growth_year": 119.52,
            "roe": 17.36,
            "roe_4q": 84.27,
            "gross_profit": 427759,
            "gross_margin": 16.6,
            "gross_margin_4q_avg": 27.83,
            "net_income": 335652,
            "revenue": 2577571,
            "common_shares": 685800,
            "book_valuer_per_share": 30.61,
            "book_valuer_per_share_4q_avg": 23.62,
            "equity": 2099438,
            "current_ratio": 210.61,
            "debt_ratio": 69.19,
            "inventory_turnover_ratio": 5.87,
            "account_receivable_turnover_ratio": null,
            "reinvestment_rate": null,
            "research_to_sale_ratio": null,
            "price_fair": 567,
            "eps_avg_yearly": 16.2,
            "eps_latest_yearly": 19.56,
            "eps_growth_yearly": 62.36
        },
        "20032": {
            "year_quarter": 20032,
            "year": 2003,
            "quarter": 2,
            "eps": 5.25,
            "eps_growth_year": 26.2,
            "eps_4q": 18.6,
            "eps_4q_growth_year": 110.99,
            "roe": 16.31,
            "roe_4q": 73.28,
            "gross_profit": 321554,
            "gross_margin": 11.12,
            "gross_margin_4q_avg": 21.68,
            "net_income": 360060,
            "revenue": 2892055,
            "common_shares": 685800,
            "book_valuer_per_share": 33.76,
            "book_valuer_per_share_4q_avg": 27.73,
            "equity": 2315588,
            "current_ratio": 182.08,
            "debt_ratio": 70.63,
            "inventory_turnover_ratio": 7.62,
            "account_receivable_turnover_ratio": null,
            "reinvestment_rate": null,
            "research_to_sale_ratio": null,
            "price_fair": 595,
            "eps_avg_yearly": 17,
            "eps_latest_yearly": 21,
            "eps_growth_yearly": 56.87
        },
        "20033": {
            "year_quarter": 20033,
            "year": 2003,
            "quarter": 3,
            "eps": 3.52,
            "eps_growth_year": 2.03,
            "eps_4q": 10.81,
            "eps_4q_growth_year": -6.89,
            "roe": 14.69,
            "roe_4q": 69.88,
            "gross_profit": 459606,
            "gross_margin": 11.66,
            "gross_margin_4q_avg": 17.75,
            "net_income": 501835,
            "revenue": 3941991,
            "common_shares": 1567084,
            "book_valuer_per_share": 28.83,
            "book_valuer_per_share_4q_avg": 29.75,
            "equity": 4517846,
            "current_ratio": 155.78,
            "debt_ratio": 56.77,
            "inventory_turnover_ratio": 11.57,
            "account_receivable_turnover_ratio": null,
            "reinvestment_rate": null,
            "research_to_sale_ratio": null,
            "price_fair": 580.4,
            "eps_avg_yearly": 16.58,
            "eps_latest_yearly": 14.08,
            "eps_growth_yearly": 29.92
        },
        "20034": {
            "year_quarter": 20034,
            "year": 2003,
            "quarter": 4,
            "eps": 3.56,
            "eps_growth_year": -28.94,
            "eps_4q": 11.75,
            "eps_4q_growth_year": -19.62,
            "roe": 10.87,
            "roe_4q": 59.23,
            "gross_profit": 316435,
            "gross_margin": 9.4,
            "gross_margin_4q_avg": 12.2,
            "net_income": 520543,
            "revenue": 3365676,
            "common_shares": 1568554,
            "book_valuer_per_share": 32.23,
            "book_valuer_per_share_4q_avg": 31.36,
            "equity": 5055650,
            "current_ratio": 185.96,
            "debt_ratio": 48.32,
            "inventory_turnover_ratio": 3.12,
            "account_receivable_turnover_ratio": null,
            "reinvestment_rate": null,
            "research_to_sale_ratio": null,
            "price_fair": 570.15,
            "eps_avg_yearly": 16.29,
            "eps_latest_yearly": 14.24,
            "eps_growth_yearly": 26.75
        },
        "20041": {
            "year_quarter": 20041,
            "year": 2004,
            "quarter": 1,
            "eps": 1.35,
            "eps_growth_year": -72.39,
            "eps_4q": 10.17,
            "eps_4q_growth_year": -41.89,
            "roe": 4.11,
            "roe_4q": 45.980000000000004,
            "gross_profit": 322020,
            "gross_margin": 13.54,
            "gross_margin_4q_avg": 11.43,
            "net_income": 211651,
            "revenue": 2378131,
            "common_shares": 1568554,
            "book_valuer_per_share": 33.45,
            "book_valuer_per_share_4q_avg": 32.07,
            "equity": 5247347,
            "current_ratio": 337.65,
            "debt_ratio": 54.95,
            "inventory_turnover_ratio": 2.02,
            "account_receivable_turnover_ratio": null,
            "reinvestment_rate": null,
            "research_to_sale_ratio": null,
            "price_fair": 45.24,
            "eps_avg_yearly": 15.08,
            "eps_latest_yearly": 5.4,
            "eps_growth_yearly": -3.82
        },
        "20042": {
            "year_quarter": 20042,
            "year": 2004,
            "quarter": 2,
            "eps": 0.48,
            "eps_growth_year": -90.86,
            "eps_4q": 8.35,
            "eps_4q_growth_year": -55.11,
            "roe": 1.55,
            "roe_4q": 31.22,
            "gross_profit": 308047,
            "gross_margin": 12.38,
            "gross_margin_4q_avg": 11.75,
            "net_income": 75280,
            "revenue": 2487995,
            "common_shares": 2079903,
            "book_valuer_per_share": 21.41,
            "book_valuer_per_share_4q_avg": 28.98,
            "equity": 4452839,
            "current_ratio": 217.02,
            "debt_ratio": 66.39,
            "inventory_turnover_ratio": 5.1,
            "account_receivable_turnover_ratio": null,
            "reinvestment_rate": null,
            "research_to_sale_ratio": null,
            "price_fair": 41.29,
            "eps_avg_yearly": 13.76,
            "eps_latest_yearly": 1.92,
            "eps_growth_yearly": -29.21
        },
        "20043": {
            "year_quarter": 20043,
            "year": 2004,
            "quarter": 3,
            "eps": 0.42,
            "eps_growth_year": -88.07,
            "eps_4q": 4.27,
            "eps_4q_growth_year": -60.53,
            "roe": 1.96,
            "roe_4q": 18.49,
            "gross_profit": 232803,
            "gross_margin": 8.16,
            "gross_margin_4q_avg": 10.87,
            "net_income": 88169,
            "revenue": 2853798,
            "common_shares": 2079903,
            "book_valuer_per_share": 21.85,
            "book_valuer_per_share_4q_avg": 27.24,
            "equity": 4544934,
            "current_ratio": 279.08,
            "debt_ratio": 60.06,
            "inventory_turnover_ratio": 5.43,
            "account_receivable_turnover_ratio": null,
            "reinvestment_rate": null,
            "research_to_sale_ratio": null,
            "price_fair": 38,
            "eps_avg_yearly": 12.67,
            "eps_latest_yearly": 1.68,
            "eps_growth_yearly": -31.1
        },
        "20044": {
            "year_quarter": 20044,
            "year": 2004,
            "quarter": 4,
            "eps": 1.12,
            "eps_growth_year": -68.54,
            "eps_4q": 2.93,
            "eps_4q_growth_year": -75.08,
            "roe": 5.01,
            "roe_4q": 12.629999999999999,
            "gross_profit": 186738,
            "gross_margin": 8.25,
            "gross_margin_4q_avg": 10.58,
            "net_income": 232330,
            "revenue": 2263960,
            "common_shares": 2079903,
            "book_valuer_per_share": 22.73,
            "book_valuer_per_share_4q_avg": 24.86,
            "equity": 4728255,
            "current_ratio": 271.71,
            "debt_ratio": 58.87,
            "inventory_turnover_ratio": 2.66,
            "account_receivable_turnover_ratio": null,
            "reinvestment_rate": 33.3,
            "research_to_sale_ratio": null,
            "price_fair": 419.42,
            "eps_avg_yearly": 11.98,
            "eps_latest_yearly": 4.48,
            "eps_growth_yearly": 27.05
        },
        "20051": {
            "year_quarter": 20051,
            "year": 2005,
            "quarter": 1,
            "eps": 1.06,
            "eps_growth_year": -21.48,
            "eps_4q": 2.96,
            "eps_4q_growth_year": -70.86,
            "roe": 4.56,
            "roe_4q": 13.080000000000002,
            "gross_profit": 211956,
            "gross_margin": 9.59,
            "gross_margin_4q_avg": 9.6,
            "net_income": 220459,
            "revenue": 2210674,
            "common_shares": 2088503,
            "book_valuer_per_share": 23.7,
            "book_valuer_per_share_4q_avg": 22.42,
            "equity": 4948987,
            "current_ratio": 148.26,
            "debt_ratio": 53.48,
            "inventory_turnover_ratio": 3.17,
            "account_receivable_turnover_ratio": null,
            "reinvestment_rate": 14.66,
            "research_to_sale_ratio": null,
            "price_fair": 379.4,
            "eps_avg_yearly": 11.39,
            "eps_latest_yearly": 4.24,
            "eps_growth_yearly": 23.32
        },
        "20052": {
            "year_quarter": 20052,
            "year": 2005,
            "quarter": 2,
            "eps": 1.28,
            "eps_growth_year": 166.67,
            "eps_4q": 3.88,
            "eps_4q_growth_year": -53.54,
            "roe": 5.48,
            "roe_4q": 17.009999999999998,
            "gross_profit": 194963,
            "gross_margin": 12.08,
            "gross_margin_4q_avg": 9.52,
            "net_income": 266416,
            "revenue": 1613737,
            "common_shares": 2088503,
            "book_valuer_per_share": 22.86,
            "book_valuer_per_share_4q_avg": 22.79,
            "equity": 4774196,
            "current_ratio": 139.67,
            "debt_ratio": 53.65,
            "inventory_turnover_ratio": 10.4,
            "account_receivable_turnover_ratio": null,
            "reinvestment_rate": 13.66,
            "research_to_sale_ratio": null,
            "price_fair": 382.9,
            "eps_avg_yearly": 10.94,
            "eps_latest_yearly": 5.12,
            "eps_growth_yearly": 27.58
        },
        "20053": {
            "year_quarter": 20053,
            "year": 2005,
            "quarter": 3,
            "eps": 1.74,
            "eps_growth_year": 314.29,
            "eps_4q": 4.99,
            "eps_4q_growth_year": 16.88,
            "roe": 7.71,
            "roe_4q": 22.759999999999998,
            "gross_profit": 290409,
            "gross_margin": 16.1,
            "gross_margin_4q_avg": 11.51,
            "net_income": 385443,
            "revenue": 1803813,
            "common_shares": 2218928,
            "book_valuer_per_share": 23.55,
            "book_valuer_per_share_4q_avg": 23.21,
            "equity": 5226222,
            "current_ratio": 136.7,
            "debt_ratio": 53.55,
            "inventory_turnover_ratio": 6.33,
            "account_receivable_turnover_ratio": null,
            "reinvestment_rate": 12.18,
            "research_to_sale_ratio": null,
            "price_fair": 373.61,
            "eps_avg_yearly": 10.67,
            "eps_latest_yearly": 6.96,
            "eps_growth_yearly": 35.33
        },
        "20054": {
            "year_quarter": 20054,
            "year": 2005,
            "quarter": 4,
            "eps": 1.9,
            "eps_growth_year": 69.64,
            "eps_4q": 5.82,
            "eps_4q_growth_year": 98.78,
            "roe": 7.78,
            "roe_4q": 25.529999999999998,
            "gross_profit": 236917,
            "gross_margin": 12.65,
            "gross_margin_4q_avg": 12.61,
            "net_income": 422719,
            "revenue": 1872424,
            "common_shares": 2240798,
            "book_valuer_per_share": 25.15,
            "book_valuer_per_share_4q_avg": 23.82,
            "equity": 5636074,
            "current_ratio": 146.88,
            "debt_ratio": 55.95,
            "inventory_turnover_ratio": 2.26,
            "account_receivable_turnover_ratio": null,
            "reinvestment_rate": 23.92,
            "research_to_sale_ratio": null,
            "price_fair": 366.89,
            "eps_avg_yearly": 10.48,
            "eps_latest_yearly": 7.6,
            "eps_growth_yearly": 35.42
        },
        "20061": {
            "year_quarter": 20061,
            "year": 2006,
            "quarter": 1,
            "eps": 1.34,
            "eps_growth_year": 26.42,
            "eps_4q": 6.14,
            "eps_4q_growth_year": 107.17,
            "roe": 5.18,
            "roe_4q": 26.150000000000002,
            "gross_profit": 207840,
            "gross_margin": 13.18,
            "gross_margin_4q_avg": 13.5,
            "net_income": 300080,
            "revenue": 1576776,
            "common_shares": 2240798,
            "book_valuer_per_share": 26.53,
            "book_valuer_per_share_4q_avg": 24.52,
            "equity": 5945796,
            "current_ratio": 237.67,
            "debt_ratio": 30.98,
            "inventory_turnover_ratio": 1.59,
            "account_receivable_turnover_ratio": null,
            "reinvestment_rate": 10.77,
            "research_to_sale_ratio": null,
            "price_fair": 354.64,
            "eps_avg_yearly": 10.13,
            "eps_latest_yearly": 5.36,
            "eps_growth_yearly": 27.96
        },
        "20062": {
            "year_quarter": 20062,
            "year": 2006,
            "quarter": 2,
            "eps": 1.38,
            "eps_growth_year": 7.81,
            "eps_4q": 6.32,
            "eps_4q_growth_year": 63.04,
            "roe": 5.43,
            "roe_4q": 26.1,
            "gross_profit": 272368,
            "gross_margin": 12.34,
            "gross_margin_4q_avg": 13.57,
            "net_income": 309313,
            "revenue": 2207180,
            "common_shares": 2240798,
            "book_valuer_per_share": 24.32,
            "book_valuer_per_share_4q_avg": 24.89,
            "equity": 5448558,
            "current_ratio": 217.25,
            "debt_ratio": 34.53,
            "inventory_turnover_ratio": 2.95,
            "account_receivable_turnover_ratio": null,
            "reinvestment_rate": 10.63,
            "research_to_sale_ratio": null,
            "price_fair": 242.98,
            "eps_avg_yearly": 9.44,
            "eps_latest_yearly": 5.52,
            "eps_growth_yearly": 15.75
        },
        "20063": {
            "year_quarter": 20063,
            "year": 2006,
            "quarter": 3,
            "eps": 1.09,
            "eps_growth_year": -37.36,
            "eps_4q": 5.37,
            "eps_4q_growth_year": 7.64,
            "roe": 4.7,
            "roe_4q": 23.09,
            "gross_profit": 228245,
            "gross_margin": 8.44,
            "gross_margin_4q_avg": 11.65,
            "net_income": 263001,
            "revenue": 2704756,
            "common_shares": 2467354,
            "book_valuer_per_share": 23.23,
            "book_valuer_per_share_4q_avg": 24.81,
            "equity": 5732029,
            "current_ratio": 223.06,
            "debt_ratio": 32.84,
            "inventory_turnover_ratio": 2.8,
            "account_receivable_turnover_ratio": null,
            "reinvestment_rate": 10.18,
            "research_to_sale_ratio": null,
            "price_fair": 219.06,
            "eps_avg_yearly": 8.85,
            "eps_latest_yearly": 4.36,
            "eps_growth_yearly": 14.76
        },
        "20064": {
            "year_quarter": 20064,
            "year": 2006,
            "quarter": 4,
            "eps": 0.81,
            "eps_growth_year": -57.37,
            "eps_4q": 4.41,
            "eps_4q_growth_year": -24.17,
            "roe": 3.31,
            "roe_4q": 18.619999999999997,
            "gross_profit": 376780,
            "gross_margin": 11.59,
            "gross_margin_4q_avg": 11.39,
            "net_income": 196080,
            "revenue": 3251160,
            "common_shares": 2467354,
            "book_valuer_per_share": 24.82,
            "book_valuer_per_share_4q_avg": 24.73,
            "equity": 6124619,
            "current_ratio": 256.97,
            "debt_ratio": 49.56,
            "inventory_turnover_ratio": 2.36,
            "account_receivable_turnover_ratio": null,
            "reinvestment_rate": 12.23,
            "research_to_sale_ratio": null,
            "price_fair": 23.39,
            "eps_avg_yearly": 7.8,
            "eps_latest_yearly": 3.24,
            "eps_growth_yearly": -2.97
        },
        "20071": {
            "year_quarter": 20071,
            "year": 2007,
            "quarter": 1,
            "eps": 1.18,
            "eps_growth_year": -11.94,
            "eps_4q": 4.3,
            "eps_4q_growth_year": -29.96,
            "roe": 4.63,
            "roe_4q": 18.07,
            "gross_profit": 247267,
            "gross_margin": 9.84,
            "gross_margin_4q_avg": 10.55,
            "net_income": 290660,
            "revenue": 2512501,
            "common_shares": 2467354,
            "book_valuer_per_share": 26.04,
            "book_valuer_per_share_4q_avg": 24.6,
            "equity": 6425306,
            "current_ratio": 442.79,
            "debt_ratio": 36.86,
            "inventory_turnover_ratio": 2.29,
            "account_receivable_turnover_ratio": null,
            "reinvestment_rate": -0.01,
            "research_to_sale_ratio": null,
            "price_fair": 130.89,
            "eps_avg_yearly": 6.87,
            "eps_latest_yearly": 4.72,
            "eps_growth_yearly": 9.05
        },
        "20072": {
            "year_quarter": 20072,
            "year": 2007,
            "quarter": 2,
            "eps": 1.37,
            "eps_growth_year": -0.72,
            "eps_4q": 4.42,
            "eps_4q_growth_year": -30.17,
            "roe": 5.41,
            "roe_4q": 18.05,
            "gross_profit": 258735,
            "gross_margin": 7.76,
            "gross_margin_4q_avg": 9.41,
            "net_income": 337145,
            "revenue": 3335496,
            "common_shares": 2467354,
            "book_valuer_per_share": 24.51,
            "book_valuer_per_share_4q_avg": 24.65,
            "equity": 6046327,
            "current_ratio": 310.74,
            "debt_ratio": 43.74,
            "inventory_turnover_ratio": 4.99,
            "account_receivable_turnover_ratio": null,
            "reinvestment_rate": -0.29,
            "research_to_sale_ratio": null,
            "price_fair": 125.3,
            "eps_avg_yearly": 5.9,
            "eps_latest_yearly": 5.48,
            "eps_growth_yearly": 11.24
        },
        "20073": {
            "year_quarter": 20073,
            "year": 2007,
            "quarter": 3,
            "eps": 1.48,
            "eps_growth_year": 35.78,
            "eps_4q": 4.62,
            "eps_4q_growth_year": -13.89,
            "roe": 5.87,
            "roe_4q": 19.22,
            "gross_profit": 426593,
            "gross_margin": 9.87,
            "gross_margin_4q_avg": 9.77,
            "net_income": 388111,
            "revenue": 4322115,
            "common_shares": 2767434,
            "book_valuer_per_share": 25.96,
            "book_valuer_per_share_4q_avg": 25.33,
            "equity": 7183116,
            "current_ratio": 326.09,
            "debt_ratio": 32.64,
            "inventory_turnover_ratio": 4.66,
            "account_receivable_turnover_ratio": null,
            "reinvestment_rate": -0.69,
            "research_to_sale_ratio": null,
            "price_fair": 169.69,
            "eps_avg_yearly": 5.39,
            "eps_latest_yearly": 5.92,
            "eps_growth_yearly": 21.48
        },
        "20074": {
            "year_quarter": 20074,
            "year": 2007,
            "quarter": 4,
            "eps": 1.41,
            "eps_growth_year": 74.07,
            "eps_4q": 5.25,
            "eps_4q_growth_year": 19.03,
            "roe": 5.05,
            "roe_4q": 20.959999999999997,
            "gross_profit": 431777,
            "gross_margin": 9.02,
            "gross_margin_4q_avg": 9.12,
            "net_income": 372649,
            "revenue": 4786470,
            "common_shares": 2767434,
            "book_valuer_per_share": 27.4,
            "book_valuer_per_share_4q_avg": 25.98,
            "equity": 7584151,
            "current_ratio": 174.37,
            "debt_ratio": 49.52,
            "inventory_turnover_ratio": 2.92,
            "account_receivable_turnover_ratio": null,
            "reinvestment_rate": 2.99,
            "research_to_sale_ratio": null,
            "price_fair": 145.65,
            "eps_avg_yearly": 4.85,
            "eps_latest_yearly": 5.64,
            "eps_growth_yearly": 20.02
        },
        "20081": {
            "year_quarter": 20081,
            "year": 2008,
            "quarter": 1,
            "eps": 1.01,
            "eps_growth_year": -14.41,
            "eps_4q": 4.97,
            "eps_4q_growth_year": 15.57,
            "roe": 3.63,
            "roe_4q": 19.96,
            "gross_profit": 506410,
            "gross_margin": 9.31,
            "gross_margin_4q_avg": 8.99,
            "net_income": 280085,
            "revenue": 5441002,
            "common_shares": 2767434,
            "book_valuer_per_share": 28.34,
            "book_valuer_per_share_4q_avg": 26.55,
            "equity": 7842415,
            "current_ratio": 173.62,
            "debt_ratio": 49.98,
            "inventory_turnover_ratio": 2.56,
            "account_receivable_turnover_ratio": null,
            "reinvestment_rate": 10.73,
            "research_to_sale_ratio": null,
            "price_fair": 166.86,
            "eps_avg_yearly": 4.77,
            "eps_latest_yearly": 4.04,
            "eps_growth_yearly": 28.44
        },
        "20082": {
            "year_quarter": 20082,
            "year": 2008,
            "quarter": 2,
            "eps": 0.96,
            "eps_growth_year": -29.93,
            "eps_4q": 4.73,
            "eps_4q_growth_year": 7,
            "roe": 3.54,
            "roe_4q": 18.09,
            "gross_profit": 516582,
            "gross_margin": 9.88,
            "gross_margin_4q_avg": 9.52,
            "net_income": 265350,
            "revenue": 5227989,
            "common_shares": 2767434,
            "book_valuer_per_share": 25.86,
            "book_valuer_per_share_4q_avg": 26.89,
            "equity": 7157947,
            "current_ratio": 149.7,
            "debt_ratio": 57.88,
            "inventory_turnover_ratio": 2.31,
            "account_receivable_turnover_ratio": null,
            "reinvestment_rate": 11.2,
            "research_to_sale_ratio": null,
            "price_fair": 171.06,
            "eps_avg_yearly": 4.89,
            "eps_latest_yearly": 3.84,
            "eps_growth_yearly": 43.32
        },
        "20083": {
            "year_quarter": 20083,
            "year": 2008,
            "quarter": 3,
            "eps": 1.24,
            "eps_growth_year": -16.22,
            "eps_4q": 4.41,
            "eps_4q_growth_year": -4.59,
            "roe": 4.86,
            "roe_4q": 17.080000000000002,
            "gross_profit": 694518,
            "gross_margin": 9.93,
            "gross_margin_4q_avg": 9.54,
            "net_income": 359182,
            "revenue": 6996482,
            "common_shares": 2895108,
            "book_valuer_per_share": 26.34,
            "book_valuer_per_share_4q_avg": 26.99,
            "equity": 7626565,
            "current_ratio": 155.38,
            "debt_ratio": 55.51,
            "inventory_turnover_ratio": 2.89,
            "account_receivable_turnover_ratio": null,
            "reinvestment_rate": 12.27,
            "research_to_sale_ratio": null,
            "price_fair": 178.24,
            "eps_avg_yearly": 5.09,
            "eps_latest_yearly": 4.96,
            "eps_growth_yearly": 53.73
        },
        "20084": {
            "year_quarter": 20084,
            "year": 2008,
            "quarter": 4,
            "eps": 0.77,
            "eps_growth_year": -45.39,
            "eps_4q": 3.91,
            "eps_4q_growth_year": -25.5,
            "roe": 2.91,
            "roe_4q": 14.940000000000001,
            "gross_profit": 645748,
            "gross_margin": 11.06,
            "gross_margin_4q_avg": 10.05,
            "net_income": 221519,
            "revenue": 5838481,
            "common_shares": 2895108,
            "book_valuer_per_share": 26.26,
            "book_valuer_per_share_4q_avg": 26.7,
            "equity": 7602612,
            "current_ratio": 190.45,
            "debt_ratio": 44.35,
            "inventory_turnover_ratio": 2.82,
            "account_receivable_turnover_ratio": 3.34,
            "reinvestment_rate": -0.76,
            "research_to_sale_ratio": null,
            "price_fair": 63.02,
            "eps_avg_yearly": 5.01,
            "eps_latest_yearly": 3.08,
            "eps_growth_yearly": 2.59
        },
        "20091": {
            "year_quarter": 20091,
            "year": 2009,
            "quarter": 1,
            "eps": 1.36,
            "eps_growth_year": 34.65,
            "eps_4q": 4.34,
            "eps_4q_growth_year": -12.65,
            "roe": 4.91,
            "roe_4q": 16.22,
            "gross_profit": 559351,
            "gross_margin": 11.19,
            "gross_margin_4q_avg": 10.52,
            "net_income": 386024,
            "revenue": 4998243,
            "common_shares": 2804798,
            "book_valuer_per_share": 28.94,
            "book_valuer_per_share_4q_avg": 26.85,
            "equity": 8118393,
            "current_ratio": 211.31,
            "debt_ratio": 40.7,
            "inventory_turnover_ratio": 3.22,
            "account_receivable_turnover_ratio": 1.42,
            "reinvestment_rate": 12.1,
            "research_to_sale_ratio": null,
            "price_fair": 168.08,
            "eps_avg_yearly": 5.08,
            "eps_latest_yearly": 5.44,
            "eps_growth_yearly": 23.09
        },
        "20092": {
            "year_quarter": 20092,
            "year": 2009,
            "quarter": 2,
            "eps": 1.55,
            "eps_growth_year": 61.46,
            "eps_4q": 4.94,
            "eps_4q_growth_year": 4.44,
            "roe": 5.61,
            "roe_4q": 18.29,
            "gross_profit": 785084,
            "gross_margin": 13.29,
            "gross_margin_4q_avg": 11.37,
            "net_income": 442590,
            "revenue": 5905188,
            "common_shares": 2804798,
            "book_valuer_per_share": 27.29,
            "book_valuer_per_share_4q_avg": 27.21,
            "equity": 7653152,
            "current_ratio": 184.33,
            "debt_ratio": 47.1,
            "inventory_turnover_ratio": 4.47,
            "account_receivable_turnover_ratio": 1.62,
            "reinvestment_rate": 11.09,
            "research_to_sale_ratio": null,
            "price_fair": 161.58,
            "eps_avg_yearly": 5.15,
            "eps_latest_yearly": 6.2,
            "eps_growth_yearly": 21.39
        },
        "20093": {
            "year_quarter": 20093,
            "year": 2009,
            "quarter": 3,
            "eps": 1.36,
            "eps_growth_year": 9.68,
            "eps_4q": 5.07,
            "eps_4q_growth_year": 14.93,
            "roe": 4.92,
            "roe_4q": 18.35,
            "gross_profit": 948894,
            "gross_margin": 13.16,
            "gross_margin_4q_avg": 12.18,
            "net_income": 385178,
            "revenue": 7211746,
            "common_shares": 2851209,
            "book_valuer_per_share": 28.05,
            "book_valuer_per_share_4q_avg": 27.64,
            "equity": 7996775,
            "current_ratio": 173.3,
            "debt_ratio": 50.45,
            "inventory_turnover_ratio": 5.85,
            "account_receivable_turnover_ratio": 1.61,
            "reinvestment_rate": 11.19,
            "research_to_sale_ratio": null,
            "price_fair": 97.72,
            "eps_avg_yearly": 5.05,
            "eps_latest_yearly": 5.44,
            "eps_growth_yearly": 9.34
        },
        "20094": {
            "year_quarter": 20094,
            "year": 2009,
            "quarter": 4,
            "eps": 0.68,
            "eps_growth_year": -11.69,
            "eps_4q": 4.94,
            "eps_4q_growth_year": 26.12,
            "roe": 2.38,
            "roe_4q": 17.82,
            "gross_profit": 967551,
            "gross_margin": 14.72,
            "gross_margin_4q_avg": 13.09,
            "net_income": 193817,
            "revenue": 6572403,
            "common_shares": 2851209,
            "book_valuer_per_share": 29.13,
            "book_valuer_per_share_4q_avg": 28.35,
            "equity": 8305725,
            "current_ratio": 182.64,
            "debt_ratio": 48.41,
            "inventory_turnover_ratio": 5.22,
            "account_receivable_turnover_ratio": 2.9,
            "reinvestment_rate": 11,
            "research_to_sale_ratio": null,
            "price_fair": 14.24,
            "eps_avg_yearly": 4.75,
            "eps_latest_yearly": 2.72,
            "eps_growth_yearly": -5.46
        },
        "20101": {
            "year_quarter": 20101,
            "year": 2010,
            "quarter": 1,
            "eps": 1.06,
            "eps_growth_year": -22.06,
            "eps_4q": 4.64,
            "eps_4q_growth_year": 6.91,
            "roe": 3.58,
            "roe_4q": 16.49,
            "gross_profit": 602202,
            "gross_margin": 11.83,
            "gross_margin_4q_avg": 13.25,
            "net_income": 301568,
            "revenue": 5089545,
            "common_shares": 2851209,
            "book_valuer_per_share": 30.04,
            "book_valuer_per_share_4q_avg": 28.63,
            "equity": 8565287,
            "current_ratio": 176.71,
            "debt_ratio": 50.81,
            "inventory_turnover_ratio": 3.81,
            "account_receivable_turnover_ratio": 1.26,
            "reinvestment_rate": 21.67,
            "research_to_sale_ratio": 3.12,
            "price_fair": 121.06,
            "eps_avg_yearly": 4.68,
            "eps_latest_yearly": 4.24,
            "eps_growth_yearly": 15.88
        },
        "20102": {
            "year_quarter": 20102,
            "year": 2010,
            "quarter": 2,
            "eps": 0.56,
            "eps_growth_year": -63.68,
            "eps_4q": 3.65,
            "eps_4q_growth_year": -26.02,
            "roe": 1.96,
            "roe_4q": 12.84,
            "gross_profit": 489730,
            "gross_margin": 12.22,
            "gross_margin_4q_avg": 12.98,
            "net_income": 160520,
            "revenue": 4007890,
            "common_shares": 2851209,
            "book_valuer_per_share": 27.51,
            "book_valuer_per_share_4q_avg": 28.68,
            "equity": 7842285,
            "current_ratio": 157.66,
            "debt_ratio": 56.89,
            "inventory_turnover_ratio": 2.31,
            "account_receivable_turnover_ratio": 1.25,
            "reinvestment_rate": 23.67,
            "research_to_sale_ratio": 3.33,
            "price_fair": 59.67,
            "eps_avg_yearly": 4.47,
            "eps_latest_yearly": 2.24,
            "eps_growth_yearly": 3.34
        },
        "20103": {
            "year_quarter": 20103,
            "year": 2010,
            "quarter": 3,
            "eps": 0.4,
            "eps_growth_year": -70.63,
            "eps_4q": 2.7,
            "eps_4q_growth_year": -46.72,
            "roe": 1.44,
            "roe_4q": 9.36,
            "gross_profit": 389149,
            "gross_margin": 12.33,
            "gross_margin_4q_avg": 12.78,
            "net_income": 113899,
            "revenue": 3155472,
            "common_shares": 2851209,
            "book_valuer_per_share": 28.07,
            "book_valuer_per_share_4q_avg": 28.69,
            "equity": 8002678,
            "current_ratio": 157.75,
            "debt_ratio": 57.03,
            "inventory_turnover_ratio": 2,
            "account_receivable_turnover_ratio": 1.19,
            "reinvestment_rate": 24.87,
            "research_to_sale_ratio": 3.75,
            "price_fair": 49.25,
            "eps_avg_yearly": 4.3,
            "eps_latest_yearly": 1.6,
            "eps_growth_yearly": 1.45
        },
        "20104": {
            "year_quarter": 20104,
            "year": 2010,
            "quarter": 4,
            "eps": 0.29,
            "eps_growth_year": -57.45,
            "eps_4q": 2.31,
            "eps_4q_growth_year": -53.22,
            "roe": 1.04,
            "roe_4q": 8.02,
            "gross_profit": 243902,
            "gross_margin": 7.55,
            "gross_margin_4q_avg": 10.98,
            "net_income": 82499,
            "revenue": 3229617,
            "common_shares": 2851209,
            "book_valuer_per_share": 27.5,
            "book_valuer_per_share_4q_avg": 28.28,
            "equity": 7840136,
            "current_ratio": 142.82,
            "debt_ratio": 63.14,
            "inventory_turnover_ratio": 3.05,
            "account_receivable_turnover_ratio": 1.33,
            "reinvestment_rate": 25.8,
            "research_to_sale_ratio": 4.04,
            "price_fair": 45.87,
            "eps_avg_yearly": 4.17,
            "eps_latest_yearly": 1.16,
            "eps_growth_yearly": 1
        },
        "20111": {
            "year_quarter": 20111,
            "year": 2011,
            "quarter": 1,
            "eps": 0.41,
            "eps_growth_year": -61.32,
            "eps_4q": 1.67,
            "eps_4q_growth_year": -64.09,
            "roe": 1.49,
            "roe_4q": 5.93,
            "gross_profit": 243986,
            "gross_margin": 8.58,
            "gross_margin_4q_avg": 10.17,
            "net_income": 118205,
            "revenue": 2842727,
            "common_shares": 2851209,
            "book_valuer_per_share": 28.09,
            "book_valuer_per_share_4q_avg": 27.79,
            "equity": 8008436,
            "current_ratio": 146.65,
            "debt_ratio": 61.18,
            "inventory_turnover_ratio": 3.42,
            "account_receivable_turnover_ratio": 1.19,
            "reinvestment_rate": 42.9,
            "research_to_sale_ratio": 3.67,
            "price_fair": 11.93,
            "eps_avg_yearly": 3.98,
            "eps_latest_yearly": 1.64,
            "eps_growth_yearly": -0.07
        },
        "20112": {
            "year_quarter": 20112,
            "year": 2011,
            "quarter": 2,
            "eps": 0.65,
            "eps_growth_year": 16.05,
            "eps_4q": 1.76,
            "eps_4q_growth_year": -51.89,
            "roe": 2.38,
            "roe_4q": 6.35,
            "gross_profit": 317708,
            "gross_margin": 10.3,
            "gross_margin_4q_avg": 9.69,
            "net_income": 186284,
            "revenue": 3085366,
            "common_shares": 2851209,
            "book_valuer_per_share": 26.7,
            "book_valuer_per_share_4q_avg": 27.59,
            "equity": 7612878,
            "current_ratio": 136.86,
            "debt_ratio": 66.31,
            "inventory_turnover_ratio": 3.3,
            "account_receivable_turnover_ratio": 1.32,
            "reinvestment_rate": 44.15,
            "research_to_sale_ratio": 3.71,
            "price_fair": 77.98,
            "eps_avg_yearly": 3.8,
            "eps_latest_yearly": 2.6,
            "eps_growth_yearly": 10.53
        },
        "20113": {
            "year_quarter": 20113,
            "year": 2011,
            "quarter": 3,
            "eps": 0.58,
            "eps_growth_year": 45.37,
            "eps_4q": 1.96,
            "eps_4q_growth_year": -27.42,
            "roe": 2.1,
            "roe_4q": 7.010000000000001,
            "gross_profit": 210710,
            "gross_margin": 7.09,
            "gross_margin_4q_avg": 8.38,
            "net_income": 162979,
            "revenue": 2970508,
            "common_shares": 2851209,
            "book_valuer_per_share": 28.06,
            "book_valuer_per_share_4q_avg": 27.59,
            "equity": 7873700,
            "current_ratio": 138.8,
            "debt_ratio": 64.94,
            "inventory_turnover_ratio": 2.79,
            "account_receivable_turnover_ratio": 1.41,
            "reinvestment_rate": 51.74,
            "research_to_sale_ratio": 3.91,
            "price_fair": 56.57,
            "eps_avg_yearly": 3.57,
            "eps_latest_yearly": 2.32,
            "eps_growth_yearly": 5.83
        },
        "20114": {
            "year_quarter": 20114,
            "year": 2011,
            "quarter": 4,
            "eps": 0.22,
            "eps_growth_year": -23.14,
            "eps_4q": 1.9,
            "eps_4q_growth_year": -17.65,
            "roe": 0.79,
            "roe_4q": 6.76,
            "gross_profit": 156338,
            "gross_margin": 6.04,
            "gross_margin_4q_avg": 8,
            "net_income": 61908,
            "revenue": 2586416,
            "common_shares": 2851209,
            "book_valuer_per_share": 28.3,
            "book_valuer_per_share_4q_avg": 27.79,
            "equity": 7878542,
            "current_ratio": 142.92,
            "debt_ratio": 62.21,
            "inventory_turnover_ratio": 2.41,
            "account_receivable_turnover_ratio": 1.43,
            "reinvestment_rate": 31.43,
            "research_to_sale_ratio": 4.57,
            "price_fair": 9.83,
            "eps_avg_yearly": 3.28,
            "eps_latest_yearly": 0.88,
            "eps_growth_yearly": -8.5
        },
        "20121": {
            "year_quarter": 20121,
            "year": 2012,
            "quarter": 1,
            "eps": 0.27,
            "eps_growth_year": -34.15,
            "eps_4q": 1.74,
            "eps_4q_growth_year": 4.6,
            "roe": 0.94,
            "roe_4q": 6.21,
            "gross_profit": 233405,
            "gross_margin": 8.26,
            "gross_margin_4q_avg": 7.92,
            "net_income": 74011,
            "revenue": 2825889,
            "common_shares": 2783589,
            "book_valuer_per_share": 28.57,
            "book_valuer_per_share_4q_avg": 27.91,
            "equity": 7952500,
            "current_ratio": 147.62,
            "debt_ratio": 59.84,
            "inventory_turnover_ratio": 2.79,
            "account_receivable_turnover_ratio": 1.67,
            "reinvestment_rate": 29.66,
            "research_to_sale_ratio": 3.49,
            "price_fair": 44.11,
            "eps_avg_yearly": 3.09,
            "eps_latest_yearly": 1.08,
            "eps_growth_yearly": 4.27
        },
        "20122": {
            "year_quarter": 20122,
            "year": 2012,
            "quarter": 2,
            "eps": 0.36,
            "eps_growth_year": -44.5,
            "eps_4q": 1.44,
            "eps_4q_growth_year": -18.23,
            "roe": 1.29,
            "roe_4q": 5.12,
            "gross_profit": 326194,
            "gross_margin": 9.01,
            "gross_margin_4q_avg": 7.6,
            "net_income": 100940,
            "revenue": 3618938,
            "common_shares": 2783589,
            "book_valuer_per_share": 27.74,
            "book_valuer_per_share_4q_avg": 28.17,
            "equity": 7721641,
            "current_ratio": 140.92,
            "debt_ratio": 63.31,
            "inventory_turnover_ratio": 3.43,
            "account_receivable_turnover_ratio": 1.52,
            "reinvestment_rate": 28.57,
            "research_to_sale_ratio": 3.22,
            "price_fair": 70.1,
            "eps_avg_yearly": 2.94,
            "eps_latest_yearly": 1.44,
            "eps_growth_yearly": 13.84
        },
        "20123": {
            "year_quarter": 20123,
            "year": 2012,
            "quarter": 3,
            "eps": 0.25,
            "eps_growth_year": -56.13,
            "eps_4q": 1.11,
            "eps_4q_growth_year": -43.58,
            "roe": 0.92,
            "roe_4q": 3.94,
            "gross_profit": 288509,
            "gross_margin": 8,
            "gross_margin_4q_avg": 7.83,
            "net_income": 70920,
            "revenue": 3607025,
            "common_shares": 2783589,
            "book_valuer_per_share": 27.64,
            "book_valuer_per_share_4q_avg": 28.06,
            "equity": 7694792,
            "current_ratio": 134.96,
            "debt_ratio": 66.93,
            "inventory_turnover_ratio": 2.63,
            "account_receivable_turnover_ratio": 1.25,
            "reinvestment_rate": 30.28,
            "research_to_sale_ratio": 2.86,
            "price_fair": 8.08,
            "eps_avg_yearly": 2.69,
            "eps_latest_yearly": 1,
            "eps_growth_yearly": -1.09
        },
        "20124": {
            "year_quarter": 20124,
            "year": 2012,
            "quarter": 4,
            "eps": 0.73,
            "eps_growth_year": 227.12,
            "eps_4q": 1.61,
            "eps_4q_growth_year": -15.3,
            "roe": 2.6,
            "roe_4q": 5.75,
            "gross_profit": 307850,
            "gross_margin": 8.35,
            "gross_margin_4q_avg": 8.41,
            "net_income": 202511,
            "revenue": 3687543,
            "common_shares": 2783589,
            "book_valuer_per_share": 28.32,
            "book_valuer_per_share_4q_avg": 28.07,
            "equity": 7882540,
            "current_ratio": 142.79,
            "debt_ratio": 62.25,
            "inventory_turnover_ratio": 2.83,
            "account_receivable_turnover_ratio": 1.38,
            "reinvestment_rate": 32.46,
            "research_to_sale_ratio": 3.45,
            "price_fair": 93.89,
            "eps_avg_yearly": 2.68,
            "eps_latest_yearly": 2.92,
            "eps_growth_yearly": 56.39
        },
        "20131": {
            "year_quarter": 20131,
            "year": 2013,
            "quarter": 1,
            "eps": 0.96,
            "eps_growth_year": 255.56,
            "eps_4q": 2.31,
            "eps_4q_growth_year": 32.35,
            "roe": 3.32,
            "roe_4q": 8.129999999999999,
            "gross_profit": 314491,
            "gross_margin": 9.04,
            "gross_margin_4q_avg": 8.6,
            "net_income": 267782,
            "revenue": 3479575,
            "common_shares": 2783589,
            "book_valuer_per_share": 29.65,
            "book_valuer_per_share_4q_avg": 28.34,
            "equity": 8252894,
            "current_ratio": 135.83,
            "debt_ratio": 64.62,
            "inventory_turnover_ratio": 2.74,
            "account_receivable_turnover_ratio": 1.35,
            "reinvestment_rate": 29.97,
            "research_to_sale_ratio": null,
            "price_fair": 90.39,
            "eps_avg_yearly": 2.58,
            "eps_latest_yearly": 3.84,
            "eps_growth_yearly": 45.11
        },
        "20132": {
            "year_quarter": 20132,
            "year": 2013,
            "quarter": 2,
            "eps": 0.9,
            "eps_growth_year": 148.19,
            "eps_4q": 2.84,
            "eps_4q_growth_year": 98,
            "roe": 3.04,
            "roe_4q": 9.879999999999999,
            "gross_profit": 407516,
            "gross_margin": 9.94,
            "gross_margin_4q_avg": 8.83,
            "net_income": 250470,
            "revenue": 4099838,
            "common_shares": 2783589,
            "book_valuer_per_share": 29.51,
            "book_valuer_per_share_4q_avg": 28.78,
            "equity": 8215279,
            "current_ratio": 132.26,
            "debt_ratio": 65.68,
            "inventory_turnover_ratio": 2.79,
            "account_receivable_turnover_ratio": 1.52,
            "reinvestment_rate": 45.99,
            "research_to_sale_ratio": 3.58,
            "price_fair": 84.7,
            "eps_avg_yearly": 2.42,
            "eps_latest_yearly": 3.6,
            "eps_growth_yearly": 40.06
        },
        "20133": {
            "year_quarter": 20133,
            "year": 2013,
            "quarter": 3,
            "eps": 0.75,
            "eps_growth_year": 194.37,
            "eps_4q": 3.34,
            "eps_4q_growth_year": 202,
            "roe": 2.52,
            "roe_4q": 11.48,
            "gross_profit": 365466,
            "gross_margin": 9.46,
            "gross_margin_4q_avg": 9.2,
            "net_income": 208718,
            "revenue": 3863967,
            "common_shares": 2783589,
            "book_valuer_per_share": 30.11,
            "book_valuer_per_share_4q_avg": 29.4,
            "equity": 8380027,
            "current_ratio": 131.36,
            "debt_ratio": 66.16,
            "inventory_turnover_ratio": 2.68,
            "account_receivable_turnover_ratio": 1.44,
            "reinvestment_rate": 45.22,
            "research_to_sale_ratio": 3.01,
            "price_fair": 79.36,
            "eps_avg_yearly": 2.27,
            "eps_latest_yearly": 3,
            "eps_growth_yearly": 38.95
        },
        "20134": {
            "year_quarter": 20134,
            "year": 2013,
            "quarter": 4,
            "eps": 0.86,
            "eps_growth_year": 18.38,
            "eps_4q": 3.47,
            "eps_4q_growth_year": 115.6,
            "roe": 2.81,
            "roe_4q": 11.690000000000001,
            "gross_profit": 342859,
            "gross_margin": 8.74,
            "gross_margin_4q_avg": 9.3,
            "net_income": 239723,
            "revenue": 3921843,
            "common_shares": 2783589,
            "book_valuer_per_share": 31.25,
            "book_valuer_per_share_4q_avg": 30.13,
            "equity": 8698968,
            "current_ratio": 120.39,
            "debt_ratio": 66.19,
            "inventory_turnover_ratio": 2.77,
            "account_receivable_turnover_ratio": 1.43,
            "reinvestment_rate": 22.19,
            "research_to_sale_ratio": 3.44,
            "price_fair": 80.94,
            "eps_avg_yearly": 2.31,
            "eps_latest_yearly": 3.44,
            "eps_growth_yearly": 55.12
        },
        "20141": {
            "year_quarter": 20141,
            "year": 2014,
            "quarter": 1,
            "eps": 1.03,
            "eps_growth_year": 7.29,
            "eps_4q": 3.54,
            "eps_4q_growth_year": 53.37,
            "roe": 3.22,
            "roe_4q": 11.59,
            "gross_profit": 529367,
            "gross_margin": 12.91,
            "gross_margin_4q_avg": 10.26,
            "net_income": 285941,
            "revenue": 4100997,
            "common_shares": 2783589,
            "book_valuer_per_share": 32.48,
            "book_valuer_per_share_4q_avg": 30.84,
            "equity": 9042451,
            "current_ratio": 122.28,
            "debt_ratio": 64.34,
            "inventory_turnover_ratio": 2.62,
            "account_receivable_turnover_ratio": 1.46,
            "reinvestment_rate": 21.68,
            "research_to_sale_ratio": 3.45,
            "price_fair": 80.68,
            "eps_avg_yearly": 2.31,
            "eps_latest_yearly": 4.12,
            "eps_growth_yearly": 46.09
        },
        "20142": {
            "year_quarter": 20142,
            "year": 2014,
            "quarter": 2,
            "eps": 1,
            "eps_growth_year": 11.11,
            "eps_4q": 3.63,
            "eps_4q_growth_year": 27.76,
            "roe": 3.17,
            "roe_4q": 11.72,
            "gross_profit": 519377,
            "gross_margin": 12.67,
            "gross_margin_4q_avg": 10.95,
            "net_income": 277051,
            "revenue": 4100519,
            "common_shares": 2783589,
            "book_valuer_per_share": 30.26,
            "book_valuer_per_share_4q_avg": 31.03,
            "equity": 8422485,
            "current_ratio": 123.23,
            "debt_ratio": 64.36,
            "inventory_turnover_ratio": 2.69,
            "account_receivable_turnover_ratio": 1.54,
            "reinvestment_rate": 13.98,
            "research_to_sale_ratio": 3.57,
            "price_fair": 84.53,
            "eps_avg_yearly": 2.42,
            "eps_latest_yearly": 4,
            "eps_growth_yearly": 57.16
        },
        "20143": {
            "year_quarter": 20143,
            "year": 2014,
            "quarter": 3,
            "eps": 1.07,
            "eps_growth_year": 42.67,
            "eps_4q": 3.96,
            "eps_4q_growth_year": 18.46,
            "roe": 3.47,
            "roe_4q": 12.670000000000002,
            "gross_profit": 494727,
            "gross_margin": 12.54,
            "gross_margin_4q_avg": 11.72,
            "net_income": 298359,
            "revenue": 3945456,
            "common_shares": 2783589,
            "book_valuer_per_share": 31.46,
            "book_valuer_per_share_4q_avg": 31.36,
            "equity": 8757839,
            "current_ratio": 123.54,
            "debt_ratio": 60.84,
            "inventory_turnover_ratio": 2.48,
            "account_receivable_turnover_ratio": 1.47,
            "reinvestment_rate": 12.17,
            "research_to_sale_ratio": 4.21,
            "price_fair": 90.39,
            "eps_avg_yearly": 2.58,
            "eps_latest_yearly": 4.28,
            "eps_growth_yearly": 66.05
        },
        "20144": {
            "year_quarter": 20144,
            "year": 2014,
            "quarter": 4,
            "eps": 0.76,
            "eps_growth_year": -12.09,
            "eps_4q": 3.85,
            "eps_4q_growth_year": 10.9,
            "roe": 2.35,
            "roe_4q": 12.21,
            "gross_profit": 453576,
            "gross_margin": 12.52,
            "gross_margin_4q_avg": 12.66,
            "net_income": 210741,
            "revenue": 3622848,
            "common_shares": 2783589,
            "book_valuer_per_share": 33.03,
            "book_valuer_per_share_4q_avg": 31.81,
            "equity": 9193432,
            "current_ratio": 128.09,
            "debt_ratio": 61.3,
            "inventory_turnover_ratio": 2.07,
            "account_receivable_turnover_ratio": 1.38,
            "reinvestment_rate": 5.82,
            "research_to_sale_ratio": 4.24,
            "price_fair": 94.5,
            "eps_avg_yearly": 2.7,
            "eps_latest_yearly": 3.04,
            "eps_growth_yearly": 65.68
        },
        "20151": {
            "year_quarter": 20151,
            "year": 2015,
            "quarter": 1,
            "eps": 0.33,
            "eps_growth_year": -67.96,
            "eps_4q": 3.15,
            "eps_4q_growth_year": -10.92,
            "roe": 0.99,
            "roe_4q": 9.98,
            "gross_profit": 357376,
            "gross_margin": 12.35,
            "gross_margin_4q_avg": 12.52,
            "net_income": 91193,
            "revenue": 2892744,
            "common_shares": 2783589,
            "book_valuer_per_share": 33.05,
            "book_valuer_per_share_4q_avg": 31.95,
            "equity": 9198716,
            "current_ratio": 135.14,
            "debt_ratio": 57.02,
            "inventory_turnover_ratio": 1.72,
            "account_receivable_turnover_ratio": 1.15,
            "reinvestment_rate": 1.95,
            "research_to_sale_ratio": 4.03,
            "price_fair": 93.8,
            "eps_avg_yearly": 2.68,
            "eps_latest_yearly": 1.32,
            "eps_growth_yearly": 41.19
        },
        "20152": {
            "year_quarter": 20152,
            "year": 2015,
            "quarter": 2,
            "eps": 0.41,
            "eps_growth_year": -59,
            "eps_4q": 2.57,
            "eps_4q_growth_year": -29.35,
            "roe": 1.3,
            "roe_4q": 8.110000000000001,
            "gross_profit": 376894,
            "gross_margin": 14.68,
            "gross_margin_4q_avg": 13.02,
            "net_income": 114247,
            "revenue": 2566916,
            "common_shares": 2783589,
            "book_valuer_per_share": 30.09,
            "book_valuer_per_share_4q_avg": 31.91,
            "equity": 8375512,
            "current_ratio": 128.87,
            "debt_ratio": 59.52,
            "inventory_turnover_ratio": 1.61,
            "account_receivable_turnover_ratio": 1.14,
            "reinvestment_rate": -0.21,
            "research_to_sale_ratio": 5.03,
            "price_fair": 91.7,
            "eps_avg_yearly": 2.62,
            "eps_latest_yearly": 1.64,
            "eps_growth_yearly": 32.62
        },
        "20153": {
            "year_quarter": 20153,
            "year": 2015,
            "quarter": 3,
            "eps": 0.34,
            "eps_growth_year": -68.22,
            "eps_4q": 1.84,
            "eps_4q_growth_year": -53.54,
            "roe": 1.12,
            "roe_4q": 5.76,
            "gross_profit": 334484,
            "gross_margin": 12.68,
            "gross_margin_4q_avg": 13.06,
            "net_income": 95403,
            "revenue": 2638046,
            "common_shares": 2783589,
            "book_valuer_per_share": 31.03,
            "book_valuer_per_share_4q_avg": 31.8,
            "equity": 8636612,
            "current_ratio": 138.08,
            "debt_ratio": 52.87,
            "inventory_turnover_ratio": 1.93,
            "account_receivable_turnover_ratio": 1.23,
            "reinvestment_rate": -4.93,
            "research_to_sale_ratio": 4.83,
            "price_fair": 89.6,
            "eps_avg_yearly": 2.56,
            "eps_latest_yearly": 1.36,
            "eps_growth_yearly": 31.04
        },
        "20154": {
            "year_quarter": 20154,
            "year": 2015,
            "quarter": 4,
            "eps": 0.37,
            "eps_growth_year": -51.73,
            "eps_4q": 1.45,
            "eps_4q_growth_year": -62.45,
            "roe": 1.18,
            "roe_4q": 4.59,
            "gross_profit": 377384,
            "gross_margin": 14.76,
            "gross_margin_4q_avg": 13.62,
            "net_income": 101735,
            "revenue": 2557259,
            "common_shares": 2783589,
            "book_valuer_per_share": 30.87,
            "book_valuer_per_share_4q_avg": 31.26,
            "equity": 8591963,
            "current_ratio": 164.01,
            "debt_ratio": 54.19,
            "inventory_turnover_ratio": 2.45,
            "account_receivable_turnover_ratio": 1.11,
            "reinvestment_rate": -12.03,
            "research_to_sale_ratio": 2.45,
            "price_fair": 90.91,
            "eps_avg_yearly": 2.6,
            "eps_latest_yearly": 1.48,
            "eps_growth_yearly": 48.76
        },
        "20161": {
            "year_quarter": 20161,
            "year": 2016,
            "quarter": 1,
            "eps": 0.33,
            "eps_growth_year": 0,
            "eps_4q": 1.45,
            "eps_4q_growth_year": -53.88,
            "roe": 1.08,
            "roe_4q": 4.68,
            "gross_profit": 364845,
            "gross_margin": 19.77,
            "gross_margin_4q_avg": 15.47,
            "net_income": 93221,
            "revenue": 1845613,
            "common_shares": 2783589,
            "book_valuer_per_share": 30.91,
            "book_valuer_per_share_4q_avg": 30.73,
            "equity": 8604931,
            "current_ratio": 168.27,
            "debt_ratio": 54.04,
            "inventory_turnover_ratio": 2.34,
            "account_receivable_turnover_ratio": 0.93,
            "reinvestment_rate": -13.85,
            "research_to_sale_ratio": 6.62,
            "price_fair": 91.44,
            "eps_avg_yearly": 2.61,
            "eps_latest_yearly": 1.32,
            "eps_growth_yearly": 40.38
        },
        "20162": {
            "year_quarter": 20162,
            "year": 2016,
            "quarter": 2,
            "eps": 0.42,
            "eps_growth_year": 2.44,
            "eps_4q": 1.45,
            "eps_4q_growth_year": -43.34,
            "roe": 1.36,
            "roe_4q": 4.74,
            "gross_profit": 426011,
            "gross_margin": 23.64,
            "gross_margin_4q_avg": 17.71,
            "net_income": 114534,
            "revenue": 1802253,
            "common_shares": 2783589,
            "book_valuer_per_share": 29.68,
            "book_valuer_per_share_4q_avg": 30.62,
            "equity": 8262679,
            "current_ratio": 179.94,
            "debt_ratio": 50.4,
            "inventory_turnover_ratio": 2.62,
            "account_receivable_turnover_ratio": 1.17,
            "reinvestment_rate": -15.21,
            "research_to_sale_ratio": 4.68,
            "price_fair": 91.96,
            "eps_avg_yearly": 2.63,
            "eps_latest_yearly": 1.68,
            "eps_growth_yearly": 38.86
        },
        "20163": {
            "year_quarter": 20163,
            "year": 2016,
            "quarter": 3,
            "eps": 0.27,
            "eps_growth_year": -20.59,
            "eps_4q": 1.39,
            "eps_4q_growth_year": -24.38,
            "roe": 0.94,
            "roe_4q": 4.56,
            "gross_profit": 404614,
            "gross_margin": 22.03,
            "gross_margin_4q_avg": 20.05,
            "net_income": 77359,
            "revenue": 1836825,
            "common_shares": 2783589,
            "book_valuer_per_share": 29.24,
            "book_valuer_per_share_4q_avg": 30.18,
            "equity": 8138692,
            "current_ratio": 189.44,
            "debt_ratio": 48.18,
            "inventory_turnover_ratio": 2.51,
            "account_receivable_turnover_ratio": 1.26,
            "reinvestment_rate": -20.6,
            "research_to_sale_ratio": 5.87,
            "price_fair": 92.14,
            "eps_avg_yearly": 2.63,
            "eps_latest_yearly": 1.08,
            "eps_growth_yearly": 37.58
        },
        "20164": {
            "year_quarter": 20164,
            "year": 2016,
            "quarter": 4,
            "eps": 0.69,
            "eps_growth_year": 89.08,
            "eps_4q": 1.72,
            "eps_4q_growth_year": 18.6,
            "roe": 2.34,
            "roe_4q": 5.72,
            "gross_profit": 470169,
            "gross_margin": 21.98,
            "gross_margin_4q_avg": 21.86,
            "net_income": 192359,
            "revenue": 2138806,
            "common_shares": 2783589,
            "book_valuer_per_share": 29.75,
            "book_valuer_per_share_4q_avg": 29.9,
            "equity": 8280001,
            "current_ratio": 181.34,
            "debt_ratio": 50.97,
            "inventory_turnover_ratio": 2.39,
            "account_receivable_turnover_ratio": 1.19,
            "reinvestment_rate": -24.38,
            "research_to_sale_ratio": 5.13,
            "price_fair": 91.79,
            "eps_avg_yearly": 2.62,
            "eps_latest_yearly": 2.76,
            "eps_growth_yearly": 28.46
        },
        "20171": {
            "year_quarter": 20171,
            "year": 2017,
            "quarter": 1,
            "eps": 0.25,
            "eps_growth_year": -24.24,
            "eps_4q": 1.63,
            "eps_4q_growth_year": 12.47,
            "roe": 0.86,
            "roe_4q": 5.5,
            "gross_profit": 443488,
            "gross_margin": 23.17,
            "gross_margin_4q_avg": 22.71,
            "net_income": 70805,
            "revenue": 1913855,
            "common_shares": 2783589,
            "book_valuer_per_share": 29.07,
            "book_valuer_per_share_4q_avg": 29.44,
            "equity": 8091686,
            "current_ratio": 153.22,
            "debt_ratio": 61.3,
            "inventory_turnover_ratio": 1.97,
            "account_receivable_turnover_ratio": 0.99,
            "reinvestment_rate": -26.12,
            "research_to_sale_ratio": 5.01,
            "price_fair": 35.81,
            "eps_avg_yearly": 2.45,
            "eps_latest_yearly": 1,
            "eps_growth_yearly": 4.65
        },
        "20172": {
            "year_quarter": 20172,
            "year": 2017,
            "quarter": 2,
            "eps": 0.41,
            "eps_growth_year": -2.38,
            "eps_4q": 1.64,
            "eps_4q_growth_year": 12.6,
            "roe": 1.44,
            "roe_4q": 5.58,
            "gross_profit": 346695,
            "gross_margin": 20.07,
            "gross_margin_4q_avg": 21.81,
            "net_income": 115373,
            "revenue": 1727641,
            "common_shares": 2783589,
            "book_valuer_per_share": 28.33,
            "book_valuer_per_share_4q_avg": 29.1,
            "equity": 7887216,
            "current_ratio": 150.14,
            "debt_ratio": 62.67,
            "inventory_turnover_ratio": 1.86,
            "account_receivable_turnover_ratio": 0.97,
            "reinvestment_rate": -41.19,
            "research_to_sale_ratio": 5.57,
            "price_fair": 74.8,
            "eps_avg_yearly": 2.32,
            "eps_latest_yearly": 1.64,
            "eps_growth_yearly": 22.21
        },
        "20173": {
            "year_quarter": 20173,
            "year": 2017,
            "quarter": 3,
            "eps": -0.09,
            "eps_growth_year": -133.33,
            "eps_4q": 1.27,
            "eps_4q_growth_year": -8.31,
            "roe": -0.3,
            "roe_4q": 4.34,
            "gross_profit": 287494,
            "gross_margin": 15.42,
            "gross_margin_4q_avg": 20.16,
            "net_income": -23846,
            "revenue": 1864560,
            "common_shares": 2783589,
            "book_valuer_per_share": 28.38,
            "book_valuer_per_share_4q_avg": 28.88,
            "equity": 7899706,
            "current_ratio": 152.57,
            "debt_ratio": 61.61,
            "inventory_turnover_ratio": 1.81,
            "account_receivable_turnover_ratio": 1.09,
            "reinvestment_rate": -41.01,
            "research_to_sale_ratio": 5.38,
            "price_fair": 79.71,
            "eps_avg_yearly": 2.28,
            "eps_latest_yearly": 1.64,
            "eps_growth_yearly": 28.13
        },
        "20174": {
            "year_quarter": 20174,
            "year": 2017,
            "quarter": 4,
            "eps": 0.45,
            "eps_growth_year": -34.5,
            "eps_4q": 1.04,
            "eps_4q_growth_year": -39.62,
            "roe": 1.58,
            "roe_4q": 3.5799999999999996,
            "gross_profit": 341211,
            "gross_margin": 17.06,
            "gross_margin_4q_avg": 18.93,
            "net_income": 125989,
            "revenue": 2000211,
            "common_shares": 2783589,
            "book_valuer_per_share": 28.77,
            "book_valuer_per_share_4q_avg": 28.64,
            "equity": 8007096,
            "current_ratio": 152.71,
            "debt_ratio": 61.38,
            "inventory_turnover_ratio": 1.59,
            "account_receivable_turnover_ratio": 1.24,
            "reinvestment_rate": -39.23,
            "research_to_sale_ratio": 4.28,
            "price_fair": 76.8,
            "eps_avg_yearly": 2.19,
            "eps_latest_yearly": 1.64,
            "eps_growth_yearly": 25.95
        },
        "20181": {
            "year_quarter": 20181,
            "year": 2018,
            "quarter": 1,
            "eps": 0.12,
            "eps_growth_year": -52,
            "eps_4q": 0.9,
            "eps_4q_growth_year": -44.69,
            "roe": 0.42,
            "roe_4q": 3.1399999999999997,
            "gross_profit": 153609,
            "gross_margin": 10.05,
            "gross_margin_4q_avg": 15.65,
            "net_income": 34159,
            "revenue": 1528207,
            "common_shares": 2783589,
            "book_valuer_per_share": 29.22,
            "book_valuer_per_share_4q_avg": 28.68,
            "equity": 8134468,
            "current_ratio": 160.49,
            "debt_ratio": 58.06,
            "inventory_turnover_ratio": 1.24,
            "account_receivable_turnover_ratio": 1.03,
            "reinvestment_rate": -45.6,
            "research_to_sale_ratio": 5.68,
            "price_fair": 5.8,
            "eps_avg_yearly": 1.93,
            "eps_latest_yearly": 0.48,
            "eps_growth_yearly": -0.65
        },
        "20182": {
            "year_quarter": 20182,
            "year": 2018,
            "quarter": 2,
            "eps": 0.1,
            "eps_growth_year": -75.61,
            "eps_4q": 0.59,
            "eps_4q_growth_year": -64.28,
            "roe": 0.33,
            "roe_4q": 2.0300000000000002,
            "gross_profit": 186813,
            "gross_margin": 12.78,
            "gross_margin_4q_avg": 13.83,
            "net_income": 26557,
            "revenue": 1461995,
            "common_shares": 2783589,
            "book_valuer_per_share": 28.24,
            "book_valuer_per_share_4q_avg": 28.65,
            "equity": 7861445,
            "current_ratio": 167.98,
            "debt_ratio": 55.39,
            "inventory_turnover_ratio": 1.2,
            "account_receivable_turnover_ratio": 1.09,
            "reinvestment_rate": -47.08,
            "research_to_sale_ratio": 6.32,
            "price_fair": 5.03,
            "eps_avg_yearly": 1.68,
            "eps_latest_yearly": 0.4,
            "eps_growth_yearly": -4.58
        },
        "20183": {
            "year_quarter": 20183,
            "year": 2018,
            "quarter": 3,
            "eps": 0.37,
            "eps_growth_year": null,
            "eps_4q": 1.04,
            "eps_4q_growth_year": -18.08,
            "roe": 1.33,
            "roe_4q": 3.66,
            "gross_profit": 313896,
            "gross_margin": 18.24,
            "gross_margin_4q_avg": 14.53,
            "net_income": 103867,
            "revenue": 1720853,
            "common_shares": 2783589,
            "book_valuer_per_share": 27.89,
            "book_valuer_per_share_4q_avg": 28.53,
            "equity": 7764564,
            "current_ratio": 173.87,
            "debt_ratio": 53.54,
            "inventory_turnover_ratio": 1.27,
            "account_receivable_turnover_ratio": 1.2,
            "reinvestment_rate": -56.4,
            "research_to_sale_ratio": 6.47,
            "price_fair": 51.7,
            "eps_avg_yearly": 1.48,
            "eps_latest_yearly": 1.48,
            "eps_growth_yearly": 70.56
        },
        "20184": {
            "year_quarter": 20184,
            "year": 2018,
            "quarter": 4,
            "eps": 0.73,
            "eps_growth_year": 61.9,
            "eps_4q": 1.32,
            "eps_4q_growth_year": 27.83,
            "roe": 2.58,
            "roe_4q": 4.66,
            "gross_profit": 531274,
            "gross_margin": 22.33,
            "gross_margin_4q_avg": 15.85,
            "net_income": 203977,
            "revenue": 2379329,
            "common_shares": 2783589,
            "book_valuer_per_share": 28.81,
            "book_valuer_per_share_4q_avg": 28.54,
            "equity": 8019216,
            "current_ratio": 187.62,
            "debt_ratio": 49.49,
            "inventory_turnover_ratio": 1.53,
            "account_receivable_turnover_ratio": 1.3,
            "reinvestment_rate": -57.86,
            "research_to_sale_ratio": 4.95,
            "price_fair": 51.4,
            "eps_avg_yearly": 1.47,
            "eps_latest_yearly": 2.92,
            "eps_growth_yearly": 106.64
        },
        "20191": {
            "year_quarter": 20191,
            "year": 2019,
            "quarter": 1,
            "eps": 0.59,
            "eps_growth_year": 391.67,
            "eps_4q": 1.79,
            "eps_4q_growth_year": 98.47,
            "roe": 2.03,
            "roe_4q": 6.27,
            "gross_profit": 493199,
            "gross_margin": 20.5,
            "gross_margin_4q_avg": 18.46,
            "net_income": 165103,
            "revenue": 2405709,
            "common_shares": 2783589,
            "book_valuer_per_share": 29.75,
            "book_valuer_per_share_4q_avg": 28.67,
            "equity": 8281512,
            "current_ratio": 191.79,
            "debt_ratio": 48.6,
            "inventory_turnover_ratio": 1.41,
            "account_receivable_turnover_ratio": 1.11,
            "reinvestment_rate": -45.16,
            "research_to_sale_ratio": 4.39,
            "price_fair": 54,
            "eps_avg_yearly": 1.54,
            "eps_latest_yearly": 2.36,
            "eps_growth_yearly": 117.33
        },
        "20192": {
            "year_quarter": 20192,
            "year": 2019,
            "quarter": 2,
            "eps": 0.49,
            "eps_growth_year": 390,
            "eps_4q": 2.18,
            "eps_4q_growth_year": 273.38,
            "roe": 1.66,
            "roe_4q": 7.6,
            "gross_profit": 447515,
            "gross_margin": 20.83,
            "gross_margin_4q_avg": 20.48,
            "net_income": 135138,
            "revenue": 2148449,
            "common_shares": 2783589,
            "book_valuer_per_share": 28.73,
            "book_valuer_per_share_4q_avg": 28.8,
            "equity": 8012085,
            "current_ratio": 202.4,
            "debt_ratio": 46.18,
            "inventory_turnover_ratio": 1.14,
            "account_receivable_turnover_ratio": 1,
            "reinvestment_rate": -42.42,
            "research_to_sale_ratio": 5.52,
            "price_fair": 54.8,
            "eps_avg_yearly": 1.57,
            "eps_latest_yearly": 1.96,
            "eps_growth_yearly": 105.56
        },
        "20193": {
            "year_quarter": 20193,
            "year": 2019,
            "quarter": 3,
            "eps": 0.5,
            "eps_growth_year": 35.14,
            "eps_4q": 2.31,
            "eps_4q_growth_year": 121.38,
            "roe": 1.74,
            "roe_4q": 8.01,
            "gross_profit": 403937,
            "gross_margin": 20.84,
            "gross_margin_4q_avg": 21.13,
            "net_income": 138849,
            "revenue": 1938652,
            "common_shares": 2783589,
            "book_valuer_per_share": 28.54,
            "book_valuer_per_share_4q_avg": 28.96,
            "equity": 7959693,
            "current_ratio": 283.63,
            "debt_ratio": 33.47,
            "inventory_turnover_ratio": 1.01,
            "account_receivable_turnover_ratio": 1.06,
            "reinvestment_rate": -43.82,
            "research_to_sale_ratio": 6.05,
            "price_fair": 56.4,
            "eps_avg_yearly": 1.61,
            "eps_latest_yearly": 2,
            "eps_growth_yearly": 111.02
        },
        "20194": {
            "year_quarter": 20194,
            "year": 2019,
            "quarter": 4,
            "eps": 0.27,
            "eps_growth_year": -63.39,
            "eps_4q": 1.85,
            "eps_4q_growth_year": 39.45,
            "roe": 0.94,
            "roe_4q": 6.369999999999999,
            "gross_profit": 628895,
            "gross_margin": 21.99,
            "gross_margin_4q_avg": 21.04,
            "net_income": 74645,
            "revenue": 2859975,
            "common_shares": 2783589,
            "book_valuer_per_share": 28.32,
            "book_valuer_per_share_4q_avg": 28.84,
            "equity": 7897357,
            "current_ratio": 258.44,
            "debt_ratio": 36.27,
            "inventory_turnover_ratio": 1.47,
            "account_receivable_turnover_ratio": 1.46,
            "reinvestment_rate": -33.3,
            "research_to_sale_ratio": 4.29,
            "price_fair": 55.4,
            "eps_avg_yearly": 1.58,
            "eps_latest_yearly": 1.08,
            "eps_growth_yearly": 95.36
        },
        "20201": {
            "year_quarter": 20201,
            "year": 2020,
            "quarter": 1,
            "eps": 0.66,
            "eps_growth_year": 11.86,
            "eps_4q": 1.91,
            "eps_4q_growth_year": 6.43,
            "roe": 2.39,
            "roe_4q": 6.73,
            "gross_profit": 512915,
            "gross_margin": 21.77,
            "gross_margin_4q_avg": 21.36,
            "net_income": 183507,
            "revenue": 2355827,
            "common_shares": 2783589,
            "book_valuer_per_share": 26.62,
            "book_valuer_per_share_4q_avg": 28.05,
            "equity": 7474725,
            "current_ratio": 240.74,
            "debt_ratio": 38.63,
            "inventory_turnover_ratio": 1.22,
            "account_receivable_turnover_ratio": 1.13,
            "reinvestment_rate": -22.65,
            "research_to_sale_ratio": 5.36,
            "price_fair": 58.7,
            "eps_avg_yearly": 1.68,
            "eps_latest_yearly": 2.64,
            "eps_growth_yearly": 139.71
        },
        "20202": {
            "year_quarter": 20202,
            "year": 2020,
            "quarter": 2,
            "eps": -1.68,
            "eps_growth_year": -442.86,
            "eps_4q": -0.26,
            "eps_4q_growth_year": -111.93,
            "roe": -6.56,
            "roe_4q": -1.49,
            "gross_profit": 640814,
            "gross_margin": 24.88,
            "gross_margin_4q_avg": 22.37,
            "net_income": -472902,
            "revenue": 2575957,
            "common_shares": 2783589,
            "book_valuer_per_share": 24.7,
            "book_valuer_per_share_4q_avg": 27.05,
            "equity": 6938165,
            "current_ratio": 201.1,
            "debt_ratio": 44.9,
            "inventory_turnover_ratio": 1.31,
            "account_receivable_turnover_ratio": 1.32,
            "reinvestment_rate": -26.59,
            "research_to_sale_ratio": 3.32,
            "price_fair": 58.69,
            "eps_avg_yearly": 1.68,
            "eps_latest_yearly": 2.64,
            "eps_growth_yearly": 142.07
        },
        "20203": {
            "year_quarter": 20203,
            "year": 2020,
            "quarter": 3,
            "eps": 0.79,
            "eps_growth_year": 58,
            "eps_4q": 0.03,
            "eps_4q_growth_year": -98.88,
            "roe": 3.07,
            "roe_4q": -0.1599999999999997,
            "gross_profit": 554792,
            "gross_margin": 20.49,
            "gross_margin_4q_avg": 22.28,
            "net_income": 215895,
            "revenue": 2707196,
            "common_shares": 2783589,
            "book_valuer_per_share": 25.45,
            "book_valuer_per_share_4q_avg": 26.27,
            "equity": 7143547,
            "current_ratio": 252.64,
            "debt_ratio": 36.45,
            "inventory_turnover_ratio": 1.54,
            "account_receivable_turnover_ratio": 1.32,
            "reinvestment_rate": -16.04,
            "research_to_sale_ratio": 3.98,
            "price_fair": 60.43,
            "eps_avg_yearly": 1.73,
            "eps_latest_yearly": 2.64,
            "eps_growth_yearly": 165.81
        },
        "20204": {
            "year_quarter": 20204,
            "year": 2020,
            "quarter": 4,
            "eps": 0.65,
            "eps_growth_year": 143.5,
            "eps_4q": 0.41,
            "eps_4q_growth_year": -77.75,
            "roe": 2.45,
            "roe_4q": 1.35,
            "gross_profit": 608384,
            "gross_margin": 21.44,
            "gross_margin_4q_avg": 22.15,
            "net_income": 178040,
            "revenue": 2837373,
            "common_shares": 2783589,
            "book_valuer_per_share": 26.17,
            "book_valuer_per_share_4q_avg": 25.74,
            "equity": 7383002,
            "current_ratio": 247.46,
            "debt_ratio": 37.52,
            "inventory_turnover_ratio": 1.69,
            "account_receivable_turnover_ratio": 1.34,
            "reinvestment_rate": -14.72,
            "research_to_sale_ratio": 4.85,
            "price_fair": 59.97,
            "eps_avg_yearly": 1.71,
            "eps_latest_yearly": 2.6,
            "eps_growth_yearly": 108.06
        },
        "20211": {
            "year_quarter": 20211,
            "year": 2021,
            "quarter": 1,
            "eps": 0.68,
            "eps_growth_year": 3.03,
            "eps_4q": 0.43,
            "eps_4q_growth_year": -77.51,
            "roe": 2.58,
            "roe_4q": 1.54,
            "gross_profit": 612410,
            "gross_margin": 22.92,
            "gross_margin_4q_avg": 22.43,
            "net_income": 190150,
            "revenue": 2671521,
            "common_shares": 2783589,
            "book_valuer_per_share": 26.09,
            "book_valuer_per_share_4q_avg": 25.6,
            "equity": 7363135,
            "current_ratio": 226.27,
            "debt_ratio": 40.76,
            "inventory_turnover_ratio": 1.62,
            "account_receivable_turnover_ratio": 1.25,
            "reinvestment_rate": -4.17,
            "research_to_sale_ratio": 5.92,
            "price_fair": 64.98,
            "eps_avg_yearly": 1.86,
            "eps_latest_yearly": 2.72,
            "eps_growth_yearly": 130.85
        },
        "20212": {
            "year_quarter": 20212,
            "year": 2021,
            "quarter": 2,
            "eps": 0.78,
            "eps_growth_year": null,
            "eps_4q": 2.9,
            "eps_4q_growth_year": null,
            "roe": 2.93,
            "roe_4q": 11.03,
            "gross_profit": 553283,
            "gross_margin": 23.21,
            "gross_margin_4q_avg": 22.02,
            "net_income": 218279,
            "revenue": 2383735,
            "common_shares": 2783589,
            "book_valuer_per_share": 26.73,
            "book_valuer_per_share_4q_avg": 26.11,
            "equity": 7540256,
            "current_ratio": 241.9,
            "debt_ratio": 37.58,
            "inventory_turnover_ratio": 1.4,
            "account_receivable_turnover_ratio": 1.24,
            "reinvestment_rate": 10.98,
            "research_to_sale_ratio": 5.98,
            "price_fair": 69.3,
            "eps_avg_yearly": 1.98,
            "eps_latest_yearly": 3.12,
            "eps_growth_yearly": 114.42
        },
        "20213": {
            "year_quarter": 20213,
            "year": 2021,
            "quarter": 3,
            "eps": 1.01,
            "eps_growth_year": 27.85,
            "eps_4q": 3.12,
            "eps_4q_growth_year": 11988.2,
            "roe": 3.72,
            "roe_4q": 11.68,
            "gross_profit": 691934,
            "gross_margin": 24.68,
            "gross_margin_4q_avg": 23.06,
            "net_income": 284999,
            "revenue": 2803972,
            "common_shares": 2783589,
            "book_valuer_per_share": 27.57,
            "book_valuer_per_share_4q_avg": 26.64,
            "equity": 7778649,
            "current_ratio": 257.65,
            "debt_ratio": 37.55,
            "inventory_turnover_ratio": 1.4,
            "account_receivable_turnover_ratio": 1.42,
            "reinvestment_rate": -12.97,
            "research_to_sale_ratio": 5.48,
            "price_fair": 74.85,
            "eps_avg_yearly": 2.14,
            "eps_latest_yearly": 4.04,
            "eps_growth_yearly": 114.69
        },
        "20214": {
            "year_quarter": 20214,
            "year": 2021,
            "quarter": 4,
            "eps": 1.1,
            "eps_growth_year": 68.32,
            "eps_4q": 3.57,
            "eps_4q_growth_year": 768.68,
            "roe": 3.72,
            "roe_4q": 12.950000000000001,
            "gross_profit": 735323,
            "gross_margin": 23.2,
            "gross_margin_4q_avg": 23.5,
            "net_income": 307120,
            "revenue": 3169280,
            "common_shares": 2783589,
            "book_valuer_per_share": 30.31,
            "book_valuer_per_share_4q_avg": 27.68,
            "equity": 8751639,
            "current_ratio": 242.01,
            "debt_ratio": 39.07,
            "inventory_turnover_ratio": 1.43,
            "account_receivable_turnover_ratio": 1.26,
            "reinvestment_rate": 10.49,
            "research_to_sale_ratio": 4.62,
            "price_fair": 80.5,
            "eps_avg_yearly": 2.3,
            "eps_latest_yearly": 4.4,
            "eps_growth_yearly": 109.04
        },
        "20221": {
            "year_quarter": 20221,
            "year": 2022,
            "quarter": 1,
            "eps": 0.93,
            "eps_growth_year": 36.76,
            "eps_4q": 3.82,
            "eps_4q_growth_year": 789.61,
            "roe": 3.02,
            "roe_4q": 13.39,
            "gross_profit": 626699,
            "gross_margin": 21.49,
            "gross_margin_4q_avg": 23.15,
            "net_income": 260534,
            "revenue": 2916455,
            "common_shares": 2783589,
            "book_valuer_per_share": 29.37,
            "book_valuer_per_share_4q_avg": 28.5,
            "equity": 8493167,
            "current_ratio": 235.79,
            "debt_ratio": 39.62,
            "inventory_turnover_ratio": 1.33,
            "account_receivable_turnover_ratio": 1.04,
            "reinvestment_rate": 18.56,
            "research_to_sale_ratio": 5.24,
            "price_fair": 88.6,
            "eps_avg_yearly": 2.53,
            "eps_latest_yearly": 3.72,
            "eps_growth_yearly": 125.58
        },
        "20222": {
            "year_quarter": 20222,
            "year": 2022,
            "quarter": 2,
            "eps": 0.95,
            "eps_growth_year": 21.79,
            "eps_4q": 3.99,
            "eps_4q_growth_year": 37.64,
            "roe": 3.14,
            "roe_4q": 13.600000000000001,
            "gross_profit": 613214,
            "gross_margin": 23.04,
            "gross_margin_4q_avg": 23.1,
            "net_income": 270928,
            "revenue": 2661759,
            "common_shares": 2783589,
            "book_valuer_per_share": 30.41,
            "book_valuer_per_share_4q_avg": 29.42,
            "equity": 8788514,
            "current_ratio": 246.65,
            "debt_ratio": 38.06,
            "inventory_turnover_ratio": 1.15,
            "account_receivable_turnover_ratio": 1.04,
            "reinvestment_rate": 17.75,
            "research_to_sale_ratio": 5.98,
            "price_fair": 97.1,
            "eps_avg_yearly": 2.77,
            "eps_latest_yearly": 3.8,
            "eps_growth_yearly": 130.96
        },
        "20223": {
            "year_quarter": 20223,
            "year": 2022,
            "quarter": 3,
            "eps": 1.06,
            "eps_growth_year": 4.95,
            "eps_4q": 4.04,
            "eps_4q_growth_year": 29.35,
            "roe": 3.47,
            "roe_4q": 13.350000000000001,
            "gross_profit": 663414,
            "gross_margin": 21.64,
            "gross_margin_4q_avg": 22.34,
            "net_income": 311138,
            "revenue": 3064992,
            "common_shares": 2783589,
            "book_valuer_per_share": 31.69,
            "book_valuer_per_share_4q_avg": 30.45,
            "equity": 9162466,
            "current_ratio": 264.69,
            "debt_ratio": 35.15,
            "inventory_turnover_ratio": 1.31,
            "account_receivable_turnover_ratio": 1.26,
            "reinvestment_rate": 31.7,
            "research_to_sale_ratio": 5.75,
            "price_fair": 104,
            "eps_avg_yearly": 2.97,
            "eps_latest_yearly": 4.24,
            "eps_growth_yearly": 57.12
        },
        "20224": {
            "year_quarter": 20224,
            "year": 2022,
            "quarter": 4,
            "eps": 0.97,
            "eps_growth_year": -11.42,
            "eps_4q": 3.91,
            "eps_4q_growth_year": 9.65,
            "roe": 3,
            "roe_4q": 12.63,
            "gross_profit": 833199,
            "gross_margin": 23.98,
            "gross_margin_4q_avg": 22.54,
            "net_income": 277477,
            "revenue": 3475288,
            "common_shares": 2783589,
            "book_valuer_per_share": 32.21,
            "book_valuer_per_share_4q_avg": 30.92,
            "equity": 9312661,
            "current_ratio": 277.94,
            "debt_ratio": 33.72,
            "inventory_turnover_ratio": 1.68,
            "account_receivable_turnover_ratio": 1.32,
            "reinvestment_rate": 33.7,
            "research_to_sale_ratio": 5.25,
            "price_fair": 106.4,
            "eps_avg_yearly": 3.04,
            "eps_latest_yearly": 3.88,
            "eps_growth_yearly": 26.9
        },
        "20231": {
            "year_quarter": 20231,
            "year": 2023,
            "quarter": 1,
            "eps": 0.71,
            "eps_growth_year": -23.66,
            "eps_4q": 3.69,
            "eps_4q_growth_year": -3.39,
            "roe": 2.18,
            "roe_4q": 11.790000000000001,
            "gross_profit": 614504,
            "gross_margin": 24.13,
            "gross_margin_4q_avg": 23.2,
            "net_income": 196534,
            "revenue": 2546944,
            "common_shares": 2783589,
            "book_valuer_per_share": 29.96,
            "book_valuer_per_share_4q_avg": 31.07,
            "equity": 8686913,
            "current_ratio": 253.13,
            "debt_ratio": 36.14,
            "inventory_turnover_ratio": 1.57,
            "account_receivable_turnover_ratio": 1.03,
            "reinvestment_rate": 35.56,
            "research_to_sale_ratio": 6.22,
            "price_fair": 106.73,
            "eps_avg_yearly": 3.07,
            "eps_latest_yearly": 2.84,
            "eps_growth_yearly": 24.72
        }
    },
    "months": {
        "2002-08": {
            "month": "2002-08",
            "price": "247.50",
            "revenue": 626503
        },
        "2002-09": {
            "month": "2002-09",
            "price": "270.80",
            "revenue": 663757
        },
        "2002-10": {
            "month": "2002-10",
            "price": "211.18",
            "revenue": 783229
        },
        "2002-11": {
            "month": "2002-11",
            "price": "235.52",
            "revenue": 900193
        },
        "2002-12": {
            "month": "2002-12",
            "price": "234.86",
            "revenue": 702946
        },
        "2003-01": {
            "month": "2003-01",
            "price": "224.84",
            "revenue": 924035
        },
        "2003-02": {
            "month": "2003-02",
            "price": "192.50",
            "revenue": 732128
        },
        "2003-03": {
            "month": "2003-03",
            "price": "190.43",
            "revenue": 932164
        },
        "2003-04": {
            "month": "2003-04",
            "price": "177.27",
            "revenue": 938298
        },
        "2003-05": {
            "month": "2003-05",
            "price": "175.24",
            "revenue": 944352
        },
        "2003-06": {
            "month": "2003-06",
            "price": "238.70",
            "revenue": 1002265
        },
        "2003-07": {
            "month": "2003-07",
            "price": "254.57",
            "revenue": 1300084
        },
        "2003-08": {
            "month": "2003-08",
            "price": "219.52",
            "revenue": 1342264
        },
        "2003-09": {
            "month": "2003-09",
            "price": "241.81",
            "revenue": 1304176
        },
        "2003-10": {
            "month": "2003-10",
            "price": "215.64",
            "revenue": 1378823
        },
        "2003-11": {
            "month": "2003-11",
            "price": "192.45",
            "revenue": 1207418
        },
        "2003-12": {
            "month": "2003-12",
            "price": "181.74",
            "revenue": 763733
        },
        "2004-01": {
            "month": "2004-01",
            "price": "191.00",
            "revenue": 916636
        },
        "2004-02": {
            "month": "2004-02",
            "price": "199.05",
            "revenue": 713171
        },
        "2004-03": {
            "month": "2004-03",
            "price": "180.30",
            "revenue": 748324
        },
        "2004-04": {
            "month": "2004-04",
            "price": "151.61",
            "revenue": 798837
        },
        "2004-05": {
            "month": "2004-05",
            "price": "89.00",
            "revenue": 828197
        },
        "2004-06": {
            "month": "2004-06",
            "price": "81.81",
            "revenue": 860961
        },
        "2004-07": {
            "month": "2004-07",
            "price": "62.05",
            "revenue": 851710
        },
        "2004-08": {
            "month": "2004-08",
            "price": "43.90",
            "revenue": 999072
        },
        "2004-09": {
            "month": "2004-09",
            "price": "38.17",
            "revenue": 1003017
        },
        "2004-10": {
            "month": "2004-10",
            "price": "31.26",
            "revenue": 745841
        },
        "2004-11": {
            "month": "2004-11",
            "price": "29.65",
            "revenue": 768959
        },
        "2004-12": {
            "month": "2004-12",
            "price": "32.28",
            "revenue": 745244
        },
        "2005-01": {
            "month": "2005-01",
            "price": "31.06",
            "revenue": 718545
        },
        "2005-02": {
            "month": "2005-02",
            "price": "35.38",
            "revenue": 555480
        },
        "2005-03": {
            "month": "2005-03",
            "price": "37.59",
            "revenue": 916866
        },
        "2005-04": {
            "month": "2005-04",
            "price": "38.02",
            "revenue": 575260
        },
        "2005-05": {
            "month": "2005-05",
            "price": "40.69",
            "revenue": 535740
        },
        "2005-06": {
            "month": "2005-06",
            "price": "45.19",
            "revenue": 473559
        },
        "2005-07": {
            "month": "2005-07",
            "price": "43.78",
            "revenue": 956236
        },
        "2005-08": {
            "month": "2005-08",
            "price": "42.66",
            "revenue": 952473
        },
        "2005-09": {
            "month": "2005-09",
            "price": "45.85",
            "revenue": 1216128
        },
        "2005-10": {
            "month": "2005-10",
            "price": "42.42",
            "revenue": 1015866
        },
        "2005-11": {
            "month": "2005-11",
            "price": "42.87",
            "revenue": 1020063
        },
        "2005-12": {
            "month": "2005-12",
            "price": "42.71",
            "revenue": 911638
        },
        "2006-01": {
            "month": "2006-01",
            "price": "49.15",
            "revenue": 857388
        },
        "2006-02": {
            "month": "2006-02",
            "price": "47.46",
            "revenue": 692524
        },
        "2006-03": {
            "month": "2006-03",
            "price": "43.42",
            "revenue": 1014092
        },
        "2006-04": {
            "month": "2006-04",
            "price": "52.19",
            "revenue": 1058065
        },
        "2006-05": {
            "month": "2006-05",
            "price": "58.50",
            "revenue": 1040578
        },
        "2006-06": {
            "month": "2006-06",
            "price": "51.79",
            "revenue": 1260679
        },
        "2006-07": {
            "month": "2006-07",
            "price": "51.97",
            "revenue": 984066
        },
        "2006-08": {
            "month": "2006-08",
            "price": "47.26",
            "revenue": 1093785
        },
        "2006-09": {
            "month": "2006-09",
            "price": "44.34",
            "revenue": 1559271
        },
        "2006-10": {
            "month": "2006-10",
            "price": "47.75",
            "revenue": 1610183
        },
        "2006-11": {
            "month": "2006-11",
            "price": "44.05",
            "revenue": 1482699
        },
        "2006-12": {
            "month": "2006-12",
            "price": "46.38",
            "revenue": 984593
        },
        "2007-01": {
            "month": "2007-01",
            "price": "49.87",
            "revenue": 1291797
        },
        "2007-02": {
            "month": "2007-02",
            "price": "46.20",
            "revenue": 1007746
        },
        "2007-03": {
            "month": "2007-03",
            "price": "44.98",
            "revenue": 1477825
        },
        "2007-04": {
            "month": "2007-04",
            "price": "46.88",
            "revenue": 1478154
        },
        "2007-05": {
            "month": "2007-05",
            "price": "46.66",
            "revenue": 1704698
        },
        "2007-06": {
            "month": "2007-06",
            "price": "55.95",
            "revenue": 1584142
        },
        "2007-07": {
            "month": "2007-07",
            "price": "58.54",
            "revenue": 1518403
        },
        "2007-08": {
            "month": "2007-08",
            "price": "57.13",
            "revenue": 1770677
        },
        "2007-09": {
            "month": "2007-09",
            "price": "54.19",
            "revenue": 2132758
        },
        "2007-10": {
            "month": "2007-10",
            "price": "52.07",
            "revenue": 1915497
        },
        "2007-11": {
            "month": "2007-11",
            "price": "45.92",
            "revenue": 2198325
        },
        "2007-12": {
            "month": "2007-12",
            "price": "43.22",
            "revenue": 2037064
        },
        "2008-01": {
            "month": "2008-01",
            "price": "39.06",
            "revenue": 2074435
        },
        "2008-02": {
            "month": "2008-02",
            "price": "38.78",
            "revenue": 1460964
        },
        "2008-03": {
            "month": "2008-03",
            "price": "40.50",
            "revenue": 1918797
        },
        "2008-04": {
            "month": "2008-04",
            "price": "43.54",
            "revenue": 1721869
        },
        "2008-05": {
            "month": "2008-05",
            "price": "43.07",
            "revenue": 1735174
        },
        "2008-06": {
            "month": "2008-06",
            "price": "39.02",
            "revenue": 1799722
        },
        "2008-07": {
            "month": "2008-07",
            "price": "35.72",
            "revenue": 2063512
        },
        "2008-08": {
            "month": "2008-08",
            "price": "37.96",
            "revenue": 2254997
        },
        "2008-09": {
            "month": "2008-09",
            "price": "34.18",
            "revenue": 2668091
        },
        "2008-10": {
            "month": "2008-10",
            "price": "26.34",
            "revenue": 2312755
        },
        "2008-11": {
            "month": "2008-11",
            "price": "24.29",
            "revenue": 1905818
        },
        "2008-12": {
            "month": "2008-12",
            "price": "22.01",
            "revenue": 1619200
        },
        "2009-01": {
            "month": "2009-01",
            "price": "26.25",
            "revenue": 1392267
        },
        "2009-02": {
            "month": "2009-02",
            "price": "26.80",
            "revenue": 1577977
        },
        "2009-03": {
            "month": "2009-03",
            "price": "29.01",
            "revenue": 2021943
        },
        "2009-04": {
            "month": "2009-04",
            "price": "32.27",
            "revenue": 1914603
        },
        "2009-05": {
            "month": "2009-05",
            "price": "44.80",
            "revenue": 1868885
        },
        "2009-06": {
            "month": "2009-06",
            "price": "44.00",
            "revenue": 2117409
        },
        "2009-07": {
            "month": "2009-07",
            "price": "57.61",
            "revenue": 2018513
        },
        "2009-08": {
            "month": "2009-08",
            "price": "60.00",
            "revenue": 2311635
        },
        "2009-09": {
            "month": "2009-09",
            "price": "64.51",
            "revenue": 2868939
        },
        "2009-10": {
            "month": "2009-10",
            "price": "65.90",
            "revenue": 2020283
        },
        "2009-11": {
            "month": "2009-11",
            "price": "59.11",
            "revenue": 2290789
        },
        "2009-12": {
            "month": "2009-12",
            "price": "58.75",
            "revenue": 2143006
        },
        "2010-01": {
            "month": "2010-01",
            "price": "60.38",
            "revenue": 1815513
        },
        "2010-02": {
            "month": "2010-02",
            "price": "53.69",
            "revenue": 1562009
        },
        "2010-03": {
            "month": "2010-03",
            "price": "55.63",
            "revenue": 1722229
        },
        "2010-04": {
            "month": "2010-04",
            "price": "53.42",
            "revenue": 1465114
        },
        "2010-05": {
            "month": "2010-05",
            "price": "45.51",
            "revenue": 1501078
        },
        "2010-06": {
            "month": "2010-06",
            "price": "46.33",
            "revenue": 1031599
        },
        "2010-07": {
            "month": "2010-07",
            "price": "43.62",
            "revenue": 909090
        },
        "2010-08": {
            "month": "2010-08",
            "price": "40.10",
            "revenue": 1109703
        },
        "2010-09": {
            "month": "2010-09",
            "price": "36.74",
            "revenue": 1132037
        },
        "2010-10": {
            "month": "2010-10",
            "price": "36.22",
            "revenue": 1080022
        },
        "2010-11": {
            "month": "2010-11",
            "price": "32.34",
            "revenue": 1131189
        },
        "2010-12": {
            "month": "2010-12",
            "price": "32.81",
            "revenue": 1004973
        },
        "2011-01": {
            "month": "2011-01",
            "price": "31.85",
            "revenue": 868876
        },
        "2011-02": {
            "month": "2011-02",
            "price": "27.94",
            "revenue": 776145
        },
        "2011-03": {
            "month": "2011-03",
            "price": "25.95",
            "revenue": 1197706
        },
        "2011-04": {
            "month": "2011-04",
            "price": "27.41",
            "revenue": 936696
        },
        "2011-05": {
            "month": "2011-05",
            "price": "28.07",
            "revenue": 1051052
        },
        "2011-06": {
            "month": "2011-06",
            "price": "26.75",
            "revenue": 1097618
        },
        "2011-07": {
            "month": "2011-07",
            "price": "23.85",
            "revenue": 928482
        },
        "2011-08": {
            "month": "2011-08",
            "price": "20.42",
            "revenue": 1002477
        },
        "2011-09": {
            "month": "2011-09",
            "price": "21.13",
            "revenue": 1039549
        },
        "2011-10": {
            "month": "2011-10",
            "price": "20.50",
            "revenue": 909003
        },
        "2011-11": {
            "month": "2011-11",
            "price": "20.71",
            "revenue": 892445
        },
        "2011-12": {
            "month": "2011-12",
            "price": "18.55",
            "revenue": 761801
        },
        "2012-01": {
            "month": "2012-01",
            "price": "18.61",
            "revenue": 778470
        },
        "2012-02": {
            "month": "2012-02",
            "price": "24.42",
            "revenue": 1041676
        },
        "2012-03": {
            "month": "2012-03",
            "price": "24.09",
            "revenue": 1002044
        },
        "2012-04": {
            "month": "2012-04",
            "price": "20.53",
            "revenue": 963424
        },
        "2012-05": {
            "month": "2012-05",
            "price": "19.63",
            "revenue": 1269251
        },
        "2012-06": {
            "month": "2012-06",
            "price": "19.76",
            "revenue": 1378133
        },
        "2012-07": {
            "month": "2012-07",
            "price": "19.85",
            "revenue": 1123193
        },
        "2012-08": {
            "month": "2012-08",
            "price": "19.91",
            "revenue": 1292395
        },
        "2012-09": {
            "month": "2012-09",
            "price": "21.18",
            "revenue": 1191169
        },
        "2012-10": {
            "month": "2012-10",
            "price": "19.04",
            "revenue": 1079771
        },
        "2012-11": {
            "month": "2012-11",
            "price": "17.03",
            "revenue": 1199746
        },
        "2012-12": {
            "month": "2012-12",
            "price": "17.55",
            "revenue": 1379075
        },
        "2013-01": {
            "month": "2013-01",
            "price": "18.13",
            "revenue": 1060230
        },
        "2013-02": {
            "month": "2013-02",
            "price": "18.28",
            "revenue": 942182
        },
        "2013-03": {
            "month": "2013-03",
            "price": "18.31",
            "revenue": 1475977
        },
        "2013-04": {
            "month": "2013-04",
            "price": "19.54",
            "revenue": 1152111
        },
        "2013-05": {
            "month": "2013-05",
            "price": "24.06",
            "revenue": 1451907
        },
        "2013-06": {
            "month": "2013-06",
            "price": "29.72",
            "revenue": 1490436
        },
        "2013-07": {
            "month": "2013-07",
            "price": "30.67",
            "revenue": 1209475
        },
        "2013-08": {
            "month": "2013-08",
            "price": "29.56",
            "revenue": 1320705
        },
        "2013-09": {
            "month": "2013-09",
            "price": "29.02",
            "revenue": 1328583
        },
        "2013-10": {
            "month": "2013-10",
            "price": "30.24",
            "revenue": 1123771
        },
        "2013-11": {
            "month": "2013-11",
            "price": "29.60",
            "revenue": 1260340
        },
        "2013-12": {
            "month": "2013-12",
            "price": "30.27",
            "revenue": 1532434
        },
        "2014-01": {
            "month": "2014-01",
            "price": "37.52",
            "revenue": 1456613
        },
        "2014-02": {
            "month": "2014-02",
            "price": "39.40",
            "revenue": 1147148
        },
        "2014-03": {
            "month": "2014-03",
            "price": "37.83",
            "revenue": 1461791
        },
        "2014-04": {
            "month": "2014-04",
            "price": "38.12",
            "revenue": 1414282
        },
        "2014-05": {
            "month": "2014-05",
            "price": "38.64",
            "revenue": 1334631
        },
        "2014-06": {
            "month": "2014-06",
            "price": "41.31",
            "revenue": 1351606
        },
        "2014-07": {
            "month": "2014-07",
            "price": "37.41",
            "revenue": 1308753
        },
        "2014-08": {
            "month": "2014-08",
            "price": "36.44",
            "revenue": 1346388
        },
        "2014-09": {
            "month": "2014-09",
            "price": "36.66",
            "revenue": 1290315
        },
        "2014-10": {
            "month": "2014-10",
            "price": "33.55",
            "revenue": 1190862
        },
        "2014-11": {
            "month": "2014-11",
            "price": "33.79",
            "revenue": 1145118
        },
        "2014-12": {
            "month": "2014-12",
            "price": "34.96",
            "revenue": 1282955
        },
        "2015-01": {
            "month": "2015-01",
            "price": "36.15",
            "revenue": 1017583
        },
        "2015-02": {
            "month": "2015-02",
            "price": "34.50",
            "revenue": 842213
        },
        "2015-03": {
            "month": "2015-03",
            "price": "34.24",
            "revenue": 1032948
        },
        "2015-04": {
            "month": "2015-04",
            "price": "33.55",
            "revenue": 795249
        },
        "2015-05": {
            "month": "2015-05",
            "price": "30.23",
            "revenue": 880555
        },
        "2015-06": {
            "month": "2015-06",
            "price": "28.55",
            "revenue": 891112
        },
        "2015-07": {
            "month": "2015-07",
            "price": "23.46",
            "revenue": 818388
        },
        "2015-08": {
            "month": "2015-08",
            "price": "18.82",
            "revenue": 882018
        },
        "2015-09": {
            "month": "2015-09",
            "price": "20.07",
            "revenue": 937640
        },
        "2015-10": {
            "month": "2015-10",
            "price": "21.91",
            "revenue": 768835
        },
        "2015-11": {
            "month": "2015-11",
            "price": "19.49",
            "revenue": 900190
        },
        "2015-12": {
            "month": "2015-12",
            "price": "21.92",
            "revenue": 888235
        },
        "2016-01": {
            "month": "2016-01",
            "price": "22.73",
            "revenue": 696380
        },
        "2016-02": {
            "month": "2016-02",
            "price": "23.37",
            "revenue": 486361
        },
        "2016-03": {
            "month": "2016-03",
            "price": "24.13",
            "revenue": 662872
        },
        "2016-04": {
            "month": "2016-04",
            "price": "22.85",
            "revenue": 555584
        },
        "2016-05": {
            "month": "2016-05",
            "price": "21.16",
            "revenue": 556768
        },
        "2016-06": {
            "month": "2016-06",
            "price": "22.15",
            "revenue": 608104
        },
        "2016-07": {
            "month": "2016-07",
            "price": "24.54",
            "revenue": 594151
        },
        "2016-08": {
            "month": "2016-08",
            "price": "28.49",
            "revenue": 612537
        },
        "2016-09": {
            "month": "2016-09",
            "price": "31.81",
            "revenue": 630137
        },
        "2016-10": {
            "month": "2016-10",
            "price": "31.04",
            "revenue": 665857
        },
        "2016-11": {
            "month": "2016-11",
            "price": "28.06",
            "revenue": 760512
        },
        "2016-12": {
            "month": "2016-12",
            "price": "28.49",
            "revenue": 712438
        },
        "2017-01": {
            "month": "2017-01",
            "price": "30.65",
            "revenue": 644980
        },
        "2017-02": {
            "month": "2017-02",
            "price": "35.36",
            "revenue": 642285
        },
        "2017-03": {
            "month": "2017-03",
            "price": "39.69",
            "revenue": 626590
        },
        "2017-04": {
            "month": "2017-04",
            "price": "38.38",
            "revenue": 583658
        },
        "2017-05": {
            "month": "2017-05",
            "price": "42.66",
            "revenue": 589293
        },
        "2017-06": {
            "month": "2017-06",
            "price": "43.48",
            "revenue": 554690
        },
        "2017-07": {
            "month": "2017-07",
            "price": "42.29",
            "revenue": 523712
        },
        "2017-08": {
            "month": "2017-08",
            "price": "40.08",
            "revenue": 691426
        },
        "2017-09": {
            "month": "2017-09",
            "price": "41.47",
            "revenue": 649422
        },
        "2017-10": {
            "month": "2017-10",
            "price": "40.45",
            "revenue": 584965
        },
        "2017-11": {
            "month": "2017-11",
            "price": "35.72",
            "revenue": 745584
        },
        "2017-12": {
            "month": "2017-12",
            "price": "31.17",
            "revenue": 669662
        },
        "2018-01": {
            "month": "2018-01",
            "price": "32.18",
            "revenue": 563635
        },
        "2018-02": {
            "month": "2018-02",
            "price": "28.60",
            "revenue": 408697
        },
        "2018-03": {
            "month": "2018-03",
            "price": "27.18",
            "revenue": 555875
        },
        "2018-04": {
            "month": "2018-04",
            "price": "27.99",
            "revenue": 462750
        },
        "2018-05": {
            "month": "2018-05",
            "price": "27.62",
            "revenue": 519123
        },
        "2018-06": {
            "month": "2018-06",
            "price": "29.67",
            "revenue": 480121
        },
        "2018-07": {
            "month": "2018-07",
            "price": "26.90",
            "revenue": 502071
        },
        "2018-08": {
            "month": "2018-08",
            "price": "25.90",
            "revenue": 558573
        },
        "2018-09": {
            "month": "2018-09",
            "price": "24.41",
            "revenue": 660209
        },
        "2018-10": {
            "month": "2018-10",
            "price": "21.63",
            "revenue": 698386
        },
        "2018-11": {
            "month": "2018-11",
            "price": "22.66",
            "revenue": 790615
        },
        "2018-12": {
            "month": "2018-12",
            "price": "23.84",
            "revenue": 890328
        },
        "2019-01": {
            "month": "2019-01",
            "price": "26.19",
            "revenue": 776093
        },
        "2019-02": {
            "month": "2019-02",
            "price": "40.15",
            "revenue": 604423
        },
        "2019-03": {
            "month": "2019-03",
            "price": "42.92",
            "revenue": 1025193
        },
        "2019-04": {
            "month": "2019-04",
            "price": "50.28",
            "revenue": 791352
        },
        "2019-05": {
            "month": "2019-05",
            "price": "46.83",
            "revenue": 665137
        },
        "2019-06": {
            "month": "2019-06",
            "price": "42.69",
            "revenue": 691960
        },
        "2019-07": {
            "month": "2019-07",
            "price": "46.26",
            "revenue": 697159
        },
        "2019-08": {
            "month": "2019-08",
            "price": "42.83",
            "revenue": 595971
        },
        "2019-09": {
            "month": "2019-09",
            "price": "44.68",
            "revenue": 645521
        },
        "2019-10": {
            "month": "2019-10",
            "price": "41.74",
            "revenue": 884551
        },
        "2019-11": {
            "month": "2019-11",
            "price": "38.64",
            "revenue": 957143
        },
        "2019-12": {
            "month": "2019-12",
            "price": "40.67",
            "revenue": 1018281
        },
        "2020-01": {
            "month": "2020-01",
            "price": "34.20",
            "revenue": 703751
        },
        "2020-02": {
            "month": "2020-02",
            "price": "32.62",
            "revenue": 778969
        },
        "2020-03": {
            "month": "2020-03",
            "price": "26.88",
            "revenue": 873108
        },
        "2020-04": {
            "month": "2020-04",
            "price": "31.64",
            "revenue": 790834
        },
        "2020-05": {
            "month": "2020-05",
            "price": "34.98",
            "revenue": 855356
        },
        "2020-06": {
            "month": "2020-06",
            "price": "31.12",
            "revenue": 929767
        },
        "2020-07": {
            "month": "2020-07",
            "price": "33.69",
            "revenue": 803069
        },
        "2020-08": {
            "month": "2020-08",
            "price": "37.18",
            "revenue": 900471
        },
        "2020-09": {
            "month": "2020-09",
            "price": "39.07",
            "revenue": 1003656
        },
        "2020-10": {
            "month": "2020-10",
            "price": "36.76",
            "revenue": 960856
        },
        "2020-11": {
            "month": "2020-11",
            "price": "37.70",
            "revenue": 1023278
        },
        "2020-12": {
            "month": "2020-12",
            "price": "39.11",
            "revenue": 853239
        },
        "2021-01": {
            "month": "2021-01",
            "price": "38.82",
            "revenue": 780665
        },
        "2021-02": {
            "month": "2021-02",
            "price": "39.28",
            "revenue": 872041
        },
        "2021-03": {
            "month": "2021-03",
            "price": "40.02",
            "revenue": 1018815
        },
        "2021-04": {
            "month": "2021-04",
            "price": "47.13",
            "revenue": 881907
        },
        "2021-05": {
            "month": "2021-05",
            "price": "41.50",
            "revenue": 835747
        },
        "2021-06": {
            "month": "2021-06",
            "price": "40.48",
            "revenue": 666081
        },
        "2021-07": {
            "month": "2021-07",
            "price": "38.55",
            "revenue": 799453
        },
        "2021-08": {
            "month": "2021-08",
            "price": "36.55",
            "revenue": 877227
        },
        "2021-09": {
            "month": "2021-09",
            "price": "36.00",
            "revenue": 1127291
        },
        "2021-10": {
            "month": "2021-10",
            "price": "37.11",
            "revenue": 990171
        },
        "2021-11": {
            "month": "2021-11",
            "price": "39.82",
            "revenue": 1130241
        },
        "2021-12": {
            "month": "2021-12",
            "price": "45.33",
            "revenue": 1048869
        },
        "2022-01": {
            "month": "2022-01",
            "price": "45.30",
            "revenue": 1021910
        },
        "2022-02": {
            "month": "2022-02",
            "price": "46.20",
            "revenue": 904608
        },
        "2022-03": {
            "month": "2022-03",
            "price": "43.58",
            "revenue": 989937
        },
        "2022-04": {
            "month": "2022-04",
            "price": "41.21",
            "revenue": 583193
        },
        "2022-05": {
            "month": "2022-05",
            "price": "38.50",
            "revenue": 901917
        },
        "2022-06": {
            "month": "2022-06",
            "price": "38.51",
            "revenue": 1176650
        },
        "2022-07": {
            "month": "2022-07",
            "price": "40.18",
            "revenue": 932819
        },
        "2022-08": {
            "month": "2022-08",
            "price": "41.97",
            "revenue": 946512
        },
        "2022-09": {
            "month": "2022-09",
            "price": "40.69",
            "revenue": 1185661
        },
        "2022-10": {
            "month": "2022-10",
            "price": "37.85",
            "revenue": 1264071
        },
        "2022-11": {
            "month": "2022-11",
            "price": "39.77",
            "revenue": 1197434
        },
        "2022-12": {
            "month": "2022-12",
            "price": "40.88",
            "revenue": 1013783
        },
        "2023-01": {
            "month": "2023-01",
            "price": "42.00",
            "revenue": 845912
        },
        "2023-02": {
            "month": "2023-02",
            "price": "47.26",
            "revenue": 802727
        },
        "2023-03": {
            "month": "2023-03",
            "price": "54.68",
            "revenue": 898305
        },
        "2023-04": {
            "month": "2023-04",
            "price": "56.44",
            "revenue": 696789
        },
        "2023-05": {
            "month": "2023-05",
            "price": "56.08",
            "revenue": 791596
        }
    }
}
