{
    "summary": {
        "stock_name": "豐藝",
        "stock_id": "6189",
        "category": "電子通路",
        "main_business": "電子零組件之代理經銷及面板模組之研發及銷售",
        "website_url": "http://www.promate.com.tw",
        "ceo": "杜懷琪",
        "pe_ratio": 19,
        "report_year_from": 2001,
        "report_year_to": 2023,
        "age": 23,
        "eps_negative_percentage": 0,
        "eps_growth_avg": {
            "last_all": 3.23,
            "last_2y": 10.78,
            "last_4y": 7.32,
            "last_8y": 3.79,
            "last_12y": 6.44,
            "last_16y": 3.97,
            "last_20y": 2.24,
            "at_2006_last_3y": -5.11,
            "at_2007_last_3y": -4.86,
            "at_2008_last_3y": -17.73,
            "at_2009_last_3y": -8.44,
            "at_2010_last_3y": -4.07,
            "at_2011_last_3y": -4.35,
            "at_2012_last_3y": 11.13,
            "at_2013_last_3y": 9.99,
            "at_2014_last_3y": 12.4,
            "at_2015_last_3y": 6.8,
            "at_2016_last_3y": 0.91,
            "at_2017_last_3y": -11.01,
            "at_2018_last_3y": -0.61,
            "at_2019_last_3y": -1.31,
            "at_2020_last_3y": 7.9,
            "at_2021_last_3y": 24.14,
            "at_2022_last_3y": 10.84,
            "at_2023_last_3y": 11.71,
            "at_2024_last_3y": 11.71,
            "at_2006_last_all": 0.72,
            "at_2007_last_all": 3.27,
            "at_2008_last_all": -5.88,
            "at_2009_last_all": -1.31,
            "at_2010_last_all": -1.41,
            "at_2011_last_all": 0.22,
            "at_2012_last_all": 0.31,
            "at_2013_last_all": 2.46,
            "at_2014_last_all": 2.84,
            "at_2015_last_all": 2.1,
            "at_2016_last_all": 0.47,
            "at_2017_last_all": -0.91,
            "at_2018_last_all": 2.03,
            "at_2019_last_all": 1.34,
            "at_2020_last_all": 2.03,
            "at_2021_last_all": 4.1,
            "at_2022_last_all": 3.71,
            "at_2023_last_all": 3.23,
            "at_2024_last_all": 3.23
        },
        "latest_eps": 4.15,
        "latest_price": 77.7,
        "latest_roe": 17.38,
        "latest_gross_margin": 9.62,
        "latest_equity": 5742335,
        "latest_revenue": 8363732,
        "latest_gross_profit": 804672,
        "latest_net_income": 436071,
        "latest_debt_ratio": 64.78,
        "latest_current_ratio": 148.29,
        "latest_account_receivable_turnover_ratio": 1.33,
        "latest_inventory_turnover_ratio": 2.2,
        "latest_reinvestment_rate": -0.5,
        "latest_research_to_sale_ratio": 0.32
    },
    "eps_dividends": {
        "2000": {
            "cash": 3,
            "stock": 3,
            "eps": 0
        },
        "2001": {
            "cash": 2.5,
            "stock": 2.5,
            "eps": 3.91
        },
        "2002": {
            "cash": 3.2,
            "stock": 3.2,
            "eps": 4.85
        },
        "2003": {
            "cash": 1,
            "stock": 2.69,
            "eps": 5.58
        },
        "2004": {
            "cash": 1.4,
            "stock": 2.5,
            "eps": 5.06
        },
        "2005": {
            "cash": 2.9,
            "stock": 3.87,
            "eps": 4.73
        },
        "2006": {
            "cash": 2,
            "stock": 1.5,
            "eps": 3.8
        },
        "2007": {
            "cash": 0,
            "stock": 0,
            "eps": 4.41
        },
        "2008": {
            "cash": 2.5,
            "stock": 0.5,
            "eps": 1.73
        },
        "2009": {
            "cash": 1.6,
            "stock": 0,
            "eps": 2.26
        },
        "2010": {
            "cash": 2,
            "stock": 0,
            "eps": 2.21
        },
        "2011": {
            "cash": 4.2,
            "stock": 0,
            "eps": 2.54
        },
        "2012": {
            "cash": 0,
            "stock": 0,
            "eps": 2.57
        },
        "2013": {
            "cash": 2.2,
            "stock": 0,
            "eps": 3.24
        },
        "2014": {
            "cash": 3,
            "stock": 0,
            "eps": 3.48
        },
        "2015": {
            "cash": 3.2,
            "stock": 0,
            "eps": 3.22
        },
        "2016": {
            "cash": 3,
            "stock": 0,
            "eps": 2.5
        },
        "2017": {
            "cash": 2.3,
            "stock": 0,
            "eps": 1.96
        },
        "2018": {
            "cash": 1.8,
            "stock": 0,
            "eps": 2.92
        },
        "2019": {
            "cash": 2.63,
            "stock": 0,
            "eps": 2.62
        },
        "2020": {
            "cash": 2.28,
            "stock": 0,
            "eps": 3
        },
        "2021": {
            "cash": 2.8,
            "stock": 0,
            "eps": 4.3
        },
        "2022": {
            "cash": 3.78,
            "stock": 0,
            "eps": 4.12
        },
        "2023": {
            "cash": 3.45,
            "stock": 0,
            "eps": 3.84
        }
    },
    "dividends": {
        "2000-05-12": {
            "cash": 3,
            "stock": 3
        },
        "2001-05-24": {
            "cash": 2.5,
            "stock": 2.5
        },
        "2002-05-28": {
            "cash": 3.2,
            "stock": 3.2
        },
        "2003-02-24": {
            "cash": 1,
            "stock": 2.69
        },
        "2004-03-18": {
            "cash": 1.4,
            "stock": 2.5
        },
        "2005-03-30": {
            "cash": 1.5,
            "stock": 2
        },
        "2005-04-18": {
            "cash": 1.4,
            "stock": 1.87
        },
        "2006-05-02": {
            "cash": 2,
            "stock": 1.5
        },
        "2008-03-24": {
            "cash": 2.5,
            "stock": 0.5
        },
        "2009-03-24": {
            "cash": 1.6,
            "stock": 0
        },
        "2010-04-22": {
            "cash": 2,
            "stock": 0
        },
        "2011-01-01": {
            "cash": 2.2,
            "stock": 0
        },
        "2011-04-25": {
            "cash": 2,
            "stock": 0
        },
        "2013-03-22": {
            "cash": 2.2,
            "stock": 0
        },
        "2014-06-12": {
            "cash": 3,
            "stock": 0
        },
        "2015-09-10": {
            "cash": 3.2,
            "stock": 0
        },
        "2016-08-25": {
            "cash": 3,
            "stock": 0
        },
        "2017-08-24": {
            "cash": 2.3,
            "stock": 0
        },
        "2018-08-23": {
            "cash": 1.8,
            "stock": 0
        },
        "2019-08-23": {
            "cash": 2.63,
            "stock": 0
        },
        "2020-08-13": {
            "cash": 2.28,
            "stock": 0
        },
        "2021-09-10": {
            "cash": 2.8,
            "stock": 0
        },
        "2022-08-19": {
            "cash": 3.78,
            "stock": 0
        },
        "2023-09-14": {
            "cash": 3.45,
            "stock": 0
        }
    },
    "prices": {
        "200101": "無",
        "200102": "無",
        "200103": "無",
        "200104": "無",
        "200105": "無",
        "200106": "無",
        "200107": "無",
        "200108": "無",
        "200109": "無",
        "200110": "無",
        "200111": "無",
        "200112": "無",
        "200201": "無",
        "200202": "無",
        "200203": "無",
        "200204": "無",
        "200205": "無",
        "200206": "無",
        "200207": "無",
        "200208": "無",
        "200209": "43.97",
        "200210": "42.60",
        "200211": "45.74",
        "200212": "42.25",
        "200301": "40.63",
        "200302": "40.15",
        "200303": "39.43",
        "200304": "43.23",
        "200305": "43.76",
        "200306": "49.58",
        "200307": "49.83",
        "200308": "53.00",
        "200309": "50.08",
        "200310": "49.84",
        "200311": "52.35",
        "200312": "55.13",
        "200401": "56.30",
        "200402": "60.50",
        "200403": "59.61",
        "200404": "61.82",
        "200405": "56.50",
        "200406": "52.50",
        "200407": "49.50",
        "200408": "46.04",
        "200409": "40.65",
        "200410": "37.43",
        "200411": "34.36",
        "200412": "34.00",
        "200501": "33.33",
        "200502": "37.33",
        "200503": "38.85",
        "200504": "38.30",
        "200505": "37.73",
        "200506": "38.44",
        "200507": "41.97",
        "200508": "38.52",
        "200509": "36.65",
        "200510": "34.41",
        "200511": "35.35",
        "200512": "38.18",
        "200601": "40.22",
        "200602": "38.23",
        "200603": "36.09",
        "200604": "37.25",
        "200605": "36.24",
        "200606": "33.32",
        "200607": "33.77",
        "200608": "33.64",
        "200609": "28.44",
        "200610": "28.43",
        "200611": "29.96",
        "200612": "30.40",
        "200701": "30.97",
        "200702": "30.49",
        "200703": "32.39",
        "200704": "36.15",
        "200705": "41.20",
        "200706": "43.36",
        "200707": "45.72",
        "200708": "39.61",
        "200709": "38.93",
        "200710": "39.49",
        "200711": "34.61",
        "200712": "32.04",
        "200801": "29.31",
        "200802": "29.43",
        "200803": "30.06",
        "200804": "31.78",
        "200805": "30.57",
        "200806": "27.88",
        "200807": "23.87",
        "200808": "19.78",
        "200809": "15.40",
        "200810": "12.94",
        "200811": "10.32",
        "200812": "9.77",
        "200901": "9.85",
        "200902": "10.03",
        "200903": "12.50",
        "200904": "16.82",
        "200905": "18.19",
        "200906": "18.29",
        "200907": "17.03",
        "200908": "17.97",
        "200909": "18.54",
        "200910": "21.29",
        "200911": "20.97",
        "200912": "22.14",
        "201001": "24.32",
        "201002": "23.05",
        "201003": "24.20",
        "201004": "26.07",
        "201005": "25.58",
        "201006": "25.45",
        "201007": "24.25",
        "201008": "24.33",
        "201009": "24.20",
        "201010": "24.30",
        "201011": "23.72",
        "201012": "23.87",
        "201101": "23.61",
        "201102": "23.14",
        "201103": "21.88",
        "201104": "22.51",
        "201105": "22.76",
        "201106": "22.59",
        "201107": "20.35",
        "201108": "17.68",
        "201109": "17.26",
        "201110": "17.64",
        "201111": "18.15",
        "201112": "17.92",
        "201201": "18.53",
        "201202": "21.72",
        "201203": "23.59",
        "201204": "23.96",
        "201205": "23.92",
        "201206": "23.76",
        "201207": "23.75",
        "201208": "23.12",
        "201209": "23.80",
        "201210": "23.32",
        "201211": "23.45",
        "201212": "23.90",
        "201301": "24.30",
        "201302": "25.40",
        "201303": "26.34",
        "201304": "26.76",
        "201305": "28.05",
        "201306": "28.82",
        "201307": "27.14",
        "201308": "28.86",
        "201309": "29.66",
        "201310": "29.93",
        "201311": "30.76",
        "201312": "32.40",
        "201401": "33.68",
        "201402": "32.80",
        "201403": "33.12",
        "201404": "35.70",
        "201405": "37.64",
        "201406": "39.46",
        "201407": "36.62",
        "201408": "36.86",
        "201409": "37.06",
        "201410": "35.35",
        "201411": "35.31",
        "201412": "35.91",
        "201501": "36.26",
        "201502": "37.42",
        "201503": "38.41",
        "201504": "38.94",
        "201505": "37.85",
        "201506": "36.20",
        "201507": "31.32",
        "201508": "27.17",
        "201509": "27.39",
        "201510": "28.17",
        "201511": "29.92",
        "201512": "29.67",
        "201601": "29.70",
        "201602": "33.27",
        "201603": "34.60",
        "201604": "34.59",
        "201605": "33.78",
        "201606": "34.17",
        "201607": "34.32",
        "201608": "31.76",
        "201609": "31.91",
        "201610": "31.88",
        "201611": "30.67",
        "201612": "30.27",
        "201701": "30.67",
        "201702": "31.42",
        "201703": "32.53",
        "201704": "31.93",
        "201705": "31.27",
        "201706": "30.75",
        "201707": "30.00",
        "201708": "28.10",
        "201709": "28.29",
        "201710": "27.91",
        "201711": "27.78",
        "201712": "27.94",
        "201801": "28.76",
        "201802": "28.62",
        "201803": "28.61",
        "201804": "28.58",
        "201805": "28.44",
        "201806": "28.71",
        "201807": "27.99",
        "201808": "28.14",
        "201809": "28.56",
        "201810": "27.80",
        "201811": "28.17",
        "201812": "28.46",
        "201901": "28.48",
        "201902": "29.40",
        "201903": "31.00",
        "201904": "32.38",
        "201905": "32.86",
        "201906": "33.73",
        "201907": "34.11",
        "201908": "32.77",
        "201909": "34.00",
        "201910": "33.99",
        "201911": "34.44",
        "201912": "34.77",
        "202001": "34.73",
        "202002": "34.15",
        "202003": "30.83",
        "202004": "31.80",
        "202005": "33.87",
        "202006": "34.36",
        "202007": "34.41",
        "202008": "33.07",
        "202009": "33.39",
        "202010": "34.92",
        "202011": "35.34",
        "202012": "35.32",
        "202101": "35.16",
        "202102": "35.65",
        "202103": "37.90",
        "202104": "40.94",
        "202105": "40.14",
        "202106": "40.69",
        "202107": "42.42",
        "202108": "41.03",
        "202109": "38.84",
        "202110": "38.28",
        "202111": "40.03",
        "202112": "40.93",
        "202201": "41.77",
        "202202": "43.24",
        "202203": "44.55",
        "202204": "44.15",
        "202205": "42.75",
        "202206": "42.73",
        "202207": "39.11",
        "202208": "38.58",
        "202209": "37.78",
        "202210": "35.60",
        "202211": "36.93",
        "202212": "38.01",
        "202301": "38.05",
        "202302": "39.02",
        "202303": "41.05",
        "202304": "41.71",
        "202305": "42.04",
        "202306": "43.91",
        "202307": "44.82",
        "202308": "44.38",
        "202309": "46.32",
        "202310": "51.12",
        "202311": "56.45",
        "202312": "59.80"
    },
    "quarters": {
        "20011": {
            "year_quarter": 20011,
            "year": 2001,
            "quarter": 1,
            "eps": 1.04,
            "eps_growth_year": null,
            "eps_4q": null,
            "eps_4q_growth_year": null,
            "roe": 6.13,
            "roe_4q": 6.13,
            "gross_profit": 77466,
            "gross_margin": 5.52,
            "gross_margin_4q_avg": 5.52,
            "net_income": 24408,
            "net_income_4q": null,
            "revenue": 1402265,
            "revenue_4q": null,
            "common_shares": 235000,
            "book_valuer_per_share": 17.45,
            "book_valuer_per_share_4q_avg": 17.45,
            "equity": 410030,
            "current_ratio": 127.49,
            "debt_ratio": 72.13,
            "inventory_turnover_ratio": 4.14,
            "account_receivable_turnover_ratio": null,
            "reinvestment_rate": null,
            "research_to_sale_ratio": null,
            "price_fair": 0,
            "eps_avg_yearly": 0,
            "eps_latest_yearly": 0,
            "eps_growth_yearly": 0
        },
        "20012": {
            "year_quarter": 20012,
            "year": 2001,
            "quarter": 2,
            "eps": 1.01,
            "eps_growth_year": null,
            "eps_4q": null,
            "eps_4q_growth_year": null,
            "roe": 7.18,
            "roe_4q": 13.309999999999999,
            "gross_profit": 91210,
            "gross_margin": 6,
            "gross_margin_4q_avg": 5.76,
            "net_income": 30556,
            "net_income_4q": null,
            "revenue": 1521169,
            "revenue_4q": null,
            "common_shares": 235000,
            "book_valuer_per_share": 18.78,
            "book_valuer_per_share_4q_avg": 18.12,
            "equity": 441326,
            "current_ratio": 138.24,
            "debt_ratio": 65.76,
            "inventory_turnover_ratio": 4.16,
            "account_receivable_turnover_ratio": null,
            "reinvestment_rate": null,
            "research_to_sale_ratio": null,
            "price_fair": 0,
            "eps_avg_yearly": 0,
            "eps_latest_yearly": 0,
            "eps_growth_yearly": 0
        },
        "20013": {
            "year_quarter": 20013,
            "year": 2001,
            "quarter": 3,
            "eps": 0.95,
            "eps_growth_year": null,
            "eps_4q": null,
            "eps_4q_growth_year": null,
            "roe": 6.42,
            "roe_4q": 19.73,
            "gross_profit": 84032,
            "gross_margin": 7.7,
            "gross_margin_4q_avg": 6.41,
            "net_income": 28743,
            "net_income_4q": null,
            "revenue": 1091364,
            "revenue_4q": null,
            "common_shares": 302000,
            "book_valuer_per_share": 15.04,
            "book_valuer_per_share_4q_avg": 17.09,
            "equity": 454175,
            "current_ratio": 147.57,
            "debt_ratio": 60.03,
            "inventory_turnover_ratio": 3.24,
            "account_receivable_turnover_ratio": null,
            "reinvestment_rate": null,
            "research_to_sale_ratio": null,
            "price_fair": 0,
            "eps_avg_yearly": 0,
            "eps_latest_yearly": 0,
            "eps_growth_yearly": 0
        },
        "20014": {
            "year_quarter": 20014,
            "year": 2001,
            "quarter": 4,
            "eps": 0.91,
            "eps_growth_year": null,
            "eps_4q": 3.67,
            "eps_4q_growth_year": null,
            "roe": 5.87,
            "roe_4q": 25.599999999999998,
            "gross_profit": 109733,
            "gross_margin": 8.5,
            "gross_margin_4q_avg": 6.93,
            "net_income": 27561,
            "net_income_4q": null,
            "revenue": 1291294,
            "revenue_4q": null,
            "common_shares": 302000,
            "book_valuer_per_share": 16.06,
            "book_valuer_per_share_4q_avg": 16.83,
            "equity": 484964,
            "current_ratio": 144.4,
            "debt_ratio": 62.01,
            "inventory_turnover_ratio": 3.38,
            "account_receivable_turnover_ratio": null,
            "reinvestment_rate": null,
            "research_to_sale_ratio": null,
            "price_fair": 0,
            "eps_avg_yearly": 0,
            "eps_latest_yearly": 0,
            "eps_growth_yearly": 0
        },
        "20021": {
            "year_quarter": 20021,
            "year": 2002,
            "quarter": 1,
            "eps": 2.06,
            "eps_growth_year": 98.08,
            "eps_4q": 4.94,
            "eps_4q_growth_year": null,
            "roe": 11.99,
            "roe_4q": 31.46,
            "gross_profit": 142327,
            "gross_margin": 9.55,
            "gross_margin_4q_avg": 7.94,
            "net_income": 62135,
            "net_income_4q": null,
            "revenue": 1491046,
            "revenue_4q": null,
            "common_shares": 302000,
            "book_valuer_per_share": 18.25,
            "book_valuer_per_share_4q_avg": 17.03,
            "equity": 551242,
            "current_ratio": 137.94,
            "debt_ratio": 66.91,
            "inventory_turnover_ratio": 2.42,
            "account_receivable_turnover_ratio": null,
            "reinvestment_rate": null,
            "research_to_sale_ratio": null,
            "price_fair": 288.4,
            "eps_avg_yearly": 8.24,
            "eps_latest_yearly": 8.24,
            "eps_growth_yearly": 505.49
        },
        "20022": {
            "year_quarter": 20022,
            "year": 2002,
            "quarter": 2,
            "eps": 1.28,
            "eps_growth_year": 26.73,
            "eps_4q": 4.15,
            "eps_4q_growth_year": null,
            "roe": 9.16,
            "roe_4q": 33.44,
            "gross_profit": 142674,
            "gross_margin": 7.11,
            "gross_margin_4q_avg": 8.22,
            "net_income": 52754,
            "net_income_4q": null,
            "revenue": 2007537,
            "revenue_4q": null,
            "common_shares": 302000,
            "book_valuer_per_share": 19.88,
            "book_valuer_per_share_4q_avg": 17.31,
            "equity": 600262,
            "current_ratio": 140.73,
            "debt_ratio": 65.93,
            "inventory_turnover_ratio": 2.55,
            "account_receivable_turnover_ratio": null,
            "reinvestment_rate": null,
            "research_to_sale_ratio": null,
            "price_fair": 233.8,
            "eps_avg_yearly": 6.68,
            "eps_latest_yearly": 5.12,
            "eps_growth_yearly": 177.02
        },
        "20023": {
            "year_quarter": 20023,
            "year": 2002,
            "quarter": 3,
            "eps": 0.75,
            "eps_growth_year": -21.05,
            "eps_4q": 4.2,
            "eps_4q_growth_year": null,
            "roe": 5.01,
            "roe_4q": 32.03,
            "gross_profit": 101898,
            "gross_margin": 7.24,
            "gross_margin_4q_avg": 8.1,
            "net_income": 30934,
            "net_income_4q": null,
            "revenue": 1407029,
            "revenue_4q": null,
            "common_shares": 412000,
            "book_valuer_per_share": 15.38,
            "book_valuer_per_share_4q_avg": 17.39,
            "equity": 633846,
            "current_ratio": 142.58,
            "debt_ratio": 65.01,
            "inventory_turnover_ratio": 1.74,
            "account_receivable_turnover_ratio": null,
            "reinvestment_rate": null,
            "research_to_sale_ratio": null,
            "price_fair": 190.87,
            "eps_avg_yearly": 5.45,
            "eps_latest_yearly": 3,
            "eps_growth_yearly": 62.8
        },
        "20024": {
            "year_quarter": 20024,
            "year": 2002,
            "quarter": 4,
            "eps": 0.76,
            "eps_growth_year": -16.48,
            "eps_4q": 4.31,
            "eps_4q_growth_year": 17.22,
            "roe": 4.81,
            "roe_4q": 30.97,
            "gross_profit": 116769,
            "gross_margin": 8.09,
            "gross_margin_4q_avg": 8,
            "net_income": 31249,
            "net_income_4q": null,
            "revenue": 1442736,
            "revenue_4q": null,
            "common_shares": 412000,
            "book_valuer_per_share": 16.13,
            "book_valuer_per_share_4q_avg": 17.41,
            "equity": 664475,
            "current_ratio": 148.35,
            "debt_ratio": 61.79,
            "inventory_turnover_ratio": 1.75,
            "account_receivable_turnover_ratio": null,
            "reinvestment_rate": null,
            "research_to_sale_ratio": null,
            "price_fair": 169.75,
            "eps_avg_yearly": 4.85,
            "eps_latest_yearly": 3.04,
            "eps_growth_yearly": 48.44
        },
        "20031": {
            "year_quarter": 20031,
            "year": 2003,
            "quarter": 1,
            "eps": 1.23,
            "eps_growth_year": -40.29,
            "eps_4q": 3.86,
            "eps_4q_growth_year": -21.84,
            "roe": 6.72,
            "roe_4q": 25.7,
            "gross_profit": 165254,
            "gross_margin": 9.45,
            "gross_margin_4q_avg": 7.97,
            "net_income": 53735,
            "net_income_4q": null,
            "revenue": 1747968,
            "revenue_4q": null,
            "common_shares": 463750,
            "book_valuer_per_share": 20.15,
            "book_valuer_per_share_4q_avg": 17.89,
            "equity": 934485,
            "current_ratio": 170.91,
            "debt_ratio": 54.57,
            "inventory_turnover_ratio": 2.05,
            "account_receivable_turnover_ratio": null,
            "reinvestment_rate": null,
            "research_to_sale_ratio": null,
            "price_fair": 170.24,
            "eps_avg_yearly": 4.86,
            "eps_latest_yearly": 4.92,
            "eps_growth_yearly": 88.22
        },
        "20032": {
            "year_quarter": 20032,
            "year": 2003,
            "quarter": 2,
            "eps": 1.2,
            "eps_growth_year": -6.25,
            "eps_4q": 3.18,
            "eps_4q_growth_year": -23.47,
            "roe": 7.45,
            "roe_4q": 23.990000000000002,
            "gross_profit": 171333,
            "gross_margin": 8.4,
            "gross_margin_4q_avg": 8.3,
            "net_income": 70300,
            "net_income_4q": null,
            "revenue": 2038834,
            "revenue_4q": null,
            "common_shares": 463750,
            "book_valuer_per_share": 20.54,
            "book_valuer_per_share_4q_avg": 18.05,
            "equity": 952395,
            "current_ratio": 165.44,
            "debt_ratio": 56.32,
            "inventory_turnover_ratio": 2.48,
            "account_receivable_turnover_ratio": null,
            "reinvestment_rate": null,
            "research_to_sale_ratio": null,
            "price_fair": 169.87,
            "eps_avg_yearly": 4.85,
            "eps_latest_yearly": 4.8,
            "eps_growth_yearly": 71.89
        },
        "20033": {
            "year_quarter": 20033,
            "year": 2003,
            "quarter": 3,
            "eps": 1.41,
            "eps_growth_year": 88,
            "eps_4q": 4.05,
            "eps_4q_growth_year": -3.63,
            "roe": 8.34,
            "roe_4q": 27.319999999999997,
            "gross_profit": 207695,
            "gross_margin": 8.1,
            "gross_margin_4q_avg": 8.51,
            "net_income": 82894,
            "net_income_4q": null,
            "revenue": 2563082,
            "revenue_4q": null,
            "common_shares": 600627,
            "book_valuer_per_share": 17.22,
            "book_valuer_per_share_4q_avg": 18.51,
            "equity": 1034458,
            "current_ratio": 148.13,
            "debt_ratio": 63.87,
            "inventory_turnover_ratio": 2.26,
            "account_receivable_turnover_ratio": null,
            "reinvestment_rate": null,
            "research_to_sale_ratio": null,
            "price_fair": 173.8,
            "eps_avg_yearly": 4.97,
            "eps_latest_yearly": 5.64,
            "eps_growth_yearly": 71.62
        },
        "20034": {
            "year_quarter": 20034,
            "year": 2003,
            "quarter": 4,
            "eps": 1.74,
            "eps_growth_year": 128.95,
            "eps_4q": 5.24,
            "eps_4q_growth_year": 21.73,
            "roe": 9.44,
            "roe_4q": 31.95,
            "gross_profit": 275038,
            "gross_margin": 7.03,
            "gross_margin_4q_avg": 8.25,
            "net_income": 102802,
            "net_income_4q": null,
            "revenue": 3914642,
            "revenue_4q": null,
            "common_shares": 600627,
            "book_valuer_per_share": 19.05,
            "book_valuer_per_share_4q_avg": 19.24,
            "equity": 1144331,
            "current_ratio": 149.98,
            "debt_ratio": 62.48,
            "inventory_turnover_ratio": 3.08,
            "account_receivable_turnover_ratio": null,
            "reinvestment_rate": null,
            "research_to_sale_ratio": null,
            "price_fair": 182.53,
            "eps_avg_yearly": 5.22,
            "eps_latest_yearly": 6.96,
            "eps_growth_yearly": 74.37
        },
        "20041": {
            "year_quarter": 20041,
            "year": 2004,
            "quarter": 1,
            "eps": 1.86,
            "eps_growth_year": 51.22,
            "eps_4q": 6.12,
            "eps_4q_growth_year": 58.51,
            "roe": 9.35,
            "roe_4q": 34.58,
            "gross_profit": 255860,
            "gross_margin": 7.03,
            "gross_margin_4q_avg": 7.64,
            "net_income": 111770,
            "net_income_4q": null,
            "revenue": 3641074,
            "revenue_4q": null,
            "common_shares": 600627,
            "book_valuer_per_share": 20.75,
            "book_valuer_per_share_4q_avg": 19.39,
            "equity": 1246239,
            "current_ratio": 174.4,
            "debt_ratio": 67.38,
            "inventory_turnover_ratio": 2.59,
            "account_receivable_turnover_ratio": null,
            "reinvestment_rate": null,
            "research_to_sale_ratio": null,
            "price_fair": 191.18,
            "eps_avg_yearly": 5.46,
            "eps_latest_yearly": 7.44,
            "eps_growth_yearly": 69.17
        },
        "20042": {
            "year_quarter": 20042,
            "year": 2004,
            "quarter": 2,
            "eps": 1.72,
            "eps_growth_year": 43.33,
            "eps_4q": 6.68,
            "eps_4q_growth_year": 110.04,
            "roe": 8.23,
            "roe_4q": 35.36,
            "gross_profit": 263373,
            "gross_margin": 6.24,
            "gross_margin_4q_avg": 7.1,
            "net_income": 103223,
            "net_income_4q": null,
            "revenue": 4224132,
            "revenue_4q": null,
            "common_shares": 600627,
            "book_valuer_per_share": 21,
            "book_valuer_per_share_4q_avg": 19.51,
            "equity": 1261472,
            "current_ratio": 178.62,
            "debt_ratio": 68.15,
            "inventory_turnover_ratio": 2.45,
            "account_receivable_turnover_ratio": null,
            "reinvestment_rate": null,
            "research_to_sale_ratio": null,
            "price_fair": 196.14,
            "eps_avg_yearly": 5.6,
            "eps_latest_yearly": 6.88,
            "eps_growth_yearly": 59.25
        },
        "20043": {
            "year_quarter": 20043,
            "year": 2004,
            "quarter": 3,
            "eps": 1.02,
            "eps_growth_year": -27.66,
            "eps_4q": 5.14,
            "eps_4q_growth_year": 26.98,
            "roe": 6.01,
            "roe_4q": 33.03,
            "gross_profit": 210514,
            "gross_margin": 5.05,
            "gross_margin_4q_avg": 6.34,
            "net_income": 78590,
            "net_income_4q": null,
            "revenue": 4170115,
            "revenue_4q": null,
            "common_shares": 771949,
            "book_valuer_per_share": 17.54,
            "book_valuer_per_share_4q_avg": 19.59,
            "equity": 1354359,
            "current_ratio": 177.84,
            "debt_ratio": 67.78,
            "inventory_turnover_ratio": 2.45,
            "account_receivable_turnover_ratio": null,
            "reinvestment_rate": null,
            "research_to_sale_ratio": null,
            "price_fair": 191.29,
            "eps_avg_yearly": 5.47,
            "eps_latest_yearly": 4.08,
            "eps_growth_yearly": 39.06
        },
        "20044": {
            "year_quarter": 20044,
            "year": 2004,
            "quarter": 4,
            "eps": 0.46,
            "eps_growth_year": -73.56,
            "eps_4q": 4.28,
            "eps_4q_growth_year": -18.33,
            "roe": 2.6,
            "roe_4q": 26.189999999999998,
            "gross_profit": 250771,
            "gross_margin": 5.62,
            "gross_margin_4q_avg": 5.99,
            "net_income": 35341,
            "net_income_4q": null,
            "revenue": 4458435,
            "revenue_4q": null,
            "common_shares": 777039,
            "book_valuer_per_share": 17.51,
            "book_valuer_per_share_4q_avg": 19.2,
            "equity": 1360311,
            "current_ratio": 194.69,
            "debt_ratio": 63.96,
            "inventory_turnover_ratio": 2.85,
            "account_receivable_turnover_ratio": null,
            "reinvestment_rate": 4.07,
            "research_to_sale_ratio": null,
            "price_fair": 142.02,
            "eps_avg_yearly": 5.16,
            "eps_latest_yearly": 1.84,
            "eps_growth_yearly": 17.5
        },
        "20051": {
            "year_quarter": 20051,
            "year": 2005,
            "quarter": 1,
            "eps": 1.1,
            "eps_growth_year": -40.86,
            "eps_4q": 3.88,
            "eps_4q_growth_year": -36.57,
            "roe": 6.11,
            "roe_4q": 22.950000000000003,
            "gross_profit": 243786,
            "gross_margin": 6.79,
            "gross_margin_4q_avg": 5.93,
            "net_income": 85855,
            "net_income_4q": null,
            "revenue": 3592104,
            "revenue_4q": null,
            "common_shares": 778829,
            "book_valuer_per_share": 18.63,
            "book_valuer_per_share_4q_avg": 18.67,
            "equity": 1451219,
            "current_ratio": 189.34,
            "debt_ratio": 63.14,
            "inventory_turnover_ratio": 2.49,
            "account_receivable_turnover_ratio": null,
            "reinvestment_rate": 3.6,
            "research_to_sale_ratio": null,
            "price_fair": 178.66,
            "eps_avg_yearly": 5.1,
            "eps_latest_yearly": 4.4,
            "eps_growth_yearly": 58.97
        },
        "20052": {
            "year_quarter": 20052,
            "year": 2005,
            "quarter": 2,
            "eps": 0.98,
            "eps_growth_year": -43.02,
            "eps_4q": 3.53,
            "eps_4q_growth_year": -47.17,
            "roe": 5.4,
            "roe_4q": 20.12,
            "gross_profit": 264295,
            "gross_margin": 6.29,
            "gross_margin_4q_avg": 5.94,
            "net_income": 76856,
            "net_income_4q": null,
            "revenue": 4204648,
            "revenue_4q": null,
            "common_shares": 782135,
            "book_valuer_per_share": 17.83,
            "book_valuer_per_share_4q_avg": 17.88,
            "equity": 1394238,
            "current_ratio": 160.33,
            "debt_ratio": 70.19,
            "inventory_turnover_ratio": 2.38,
            "account_receivable_turnover_ratio": null,
            "reinvestment_rate": 4.03,
            "research_to_sale_ratio": null,
            "price_fair": 175.7,
            "eps_avg_yearly": 5.02,
            "eps_latest_yearly": 3.92,
            "eps_growth_yearly": 51.64
        },
        "20053": {
            "year_quarter": 20053,
            "year": 2005,
            "quarter": 3,
            "eps": 1.37,
            "eps_growth_year": 34.31,
            "eps_4q": 3.45,
            "eps_4q_growth_year": -32.99,
            "roe": 8.52,
            "roe_4q": 22.630000000000003,
            "gross_profit": 313029,
            "gross_margin": 5.67,
            "gross_margin_4q_avg": 6.09,
            "net_income": 130624,
            "net_income_4q": null,
            "revenue": 5522959,
            "revenue_4q": null,
            "common_shares": 989291,
            "book_valuer_per_share": 16.92,
            "book_valuer_per_share_4q_avg": 17.72,
            "equity": 1673436,
            "current_ratio": 161.63,
            "debt_ratio": 67.05,
            "inventory_turnover_ratio": 2.69,
            "account_receivable_turnover_ratio": null,
            "reinvestment_rate": 3.49,
            "research_to_sale_ratio": null,
            "price_fair": 176.77,
            "eps_avg_yearly": 5.05,
            "eps_latest_yearly": 5.48,
            "eps_growth_yearly": 58.81
        },
        "20054": {
            "year_quarter": 20054,
            "year": 2005,
            "quarter": 4,
            "eps": 1.28,
            "eps_growth_year": 178.26,
            "eps_4q": 4.3,
            "eps_4q_growth_year": 0.37,
            "roe": 7.14,
            "roe_4q": 27.17,
            "gross_profit": 354475,
            "gross_margin": 4.66,
            "gross_margin_4q_avg": 5.85,
            "net_income": 124450,
            "net_income_4q": null,
            "revenue": 7607710,
            "revenue_4q": null,
            "common_shares": 996013,
            "book_valuer_per_share": 18.21,
            "book_valuer_per_share_4q_avg": 17.9,
            "equity": 1813841,
            "current_ratio": 150.61,
            "debt_ratio": 70.07,
            "inventory_turnover_ratio": 3.25,
            "account_receivable_turnover_ratio": null,
            "reinvestment_rate": 3.69,
            "research_to_sale_ratio": null,
            "price_fair": 176.93,
            "eps_avg_yearly": 5.06,
            "eps_latest_yearly": 5.12,
            "eps_growth_yearly": 53.49
        },
        "20061": {
            "year_quarter": 20061,
            "year": 2006,
            "quarter": 1,
            "eps": 0.77,
            "eps_growth_year": -30,
            "eps_4q": 4.08,
            "eps_4q_growth_year": 5.03,
            "roe": 4.14,
            "roe_4q": 25.199999999999996,
            "gross_profit": 270779,
            "gross_margin": 4.7,
            "gross_margin_4q_avg": 5.33,
            "net_income": 77274,
            "net_income_4q": null,
            "revenue": 5764707,
            "revenue_4q": null,
            "common_shares": 1014259,
            "book_valuer_per_share": 18.96,
            "book_valuer_per_share_4q_avg": 17.98,
            "equity": 1922646,
            "current_ratio": 161.88,
            "debt_ratio": 64.47,
            "inventory_turnover_ratio": 2.31,
            "account_receivable_turnover_ratio": null,
            "reinvestment_rate": 2.46,
            "research_to_sale_ratio": null,
            "price_fair": 103.81,
            "eps_avg_yearly": 4.73,
            "eps_latest_yearly": 3.08,
            "eps_growth_yearly": 11.94
        },
        "20062": {
            "year_quarter": 20062,
            "year": 2006,
            "quarter": 2,
            "eps": 0.76,
            "eps_growth_year": -22.45,
            "eps_4q": 4.05,
            "eps_4q_growth_year": 14.76,
            "roe": 4.16,
            "roe_4q": 23.96,
            "gross_profit": 279499,
            "gross_margin": 5.15,
            "gross_margin_4q_avg": 5.05,
            "net_income": 76816,
            "net_income_4q": null,
            "revenue": 5424718,
            "revenue_4q": null,
            "common_shares": 1014879,
            "book_valuer_per_share": 17.48,
            "book_valuer_per_share_4q_avg": 17.89,
            "equity": 1774406,
            "current_ratio": 152.36,
            "debt_ratio": 67.85,
            "inventory_turnover_ratio": 2.39,
            "account_receivable_turnover_ratio": null,
            "reinvestment_rate": 2.89,
            "research_to_sale_ratio": null,
            "price_fair": 143.03,
            "eps_avg_yearly": 4.6,
            "eps_latest_yearly": 3.04,
            "eps_growth_yearly": 21.08
        },
        "20063": {
            "year_quarter": 20063,
            "year": 2006,
            "quarter": 3,
            "eps": 1.32,
            "eps_growth_year": -3.65,
            "eps_4q": 3.72,
            "eps_4q_growth_year": 7.94,
            "roe": 8.2,
            "roe_4q": 23.64,
            "gross_profit": 388771,
            "gross_margin": 6.6,
            "gross_margin_4q_avg": 5.28,
            "net_income": 153149,
            "net_income_4q": null,
            "revenue": 5886624,
            "revenue_4q": null,
            "common_shares": 1188469,
            "book_valuer_per_share": 16.49,
            "book_valuer_per_share_4q_avg": 17.79,
            "equity": 1959421,
            "current_ratio": 145.43,
            "debt_ratio": 66.63,
            "inventory_turnover_ratio": 2.63,
            "account_receivable_turnover_ratio": null,
            "reinvestment_rate": 3.01,
            "research_to_sale_ratio": null,
            "price_fair": 166.08,
            "eps_avg_yearly": 4.75,
            "eps_latest_yearly": 5.28,
            "eps_growth_yearly": 49.85
        },
        "20064": {
            "year_quarter": 20064,
            "year": 2006,
            "quarter": 4,
            "eps": 0.95,
            "eps_growth_year": -25.78,
            "eps_4q": 3.54,
            "eps_4q_growth_year": -17.53,
            "roe": 5.54,
            "roe_4q": 22.04,
            "gross_profit": 431251,
            "gross_margin": 5.83,
            "gross_margin_4q_avg": 5.57,
            "net_income": 112526,
            "net_income_4q": null,
            "revenue": 7403157,
            "revenue_4q": null,
            "common_shares": 1190409,
            "book_valuer_per_share": 17.65,
            "book_valuer_per_share_4q_avg": 17.65,
            "equity": 2104903,
            "current_ratio": 145.71,
            "debt_ratio": 66.9,
            "inventory_turnover_ratio": 3.07,
            "account_receivable_turnover_ratio": null,
            "reinvestment_rate": 3.07,
            "research_to_sale_ratio": null,
            "price_fair": 167.74,
            "eps_avg_yearly": 4.79,
            "eps_latest_yearly": 3.8,
            "eps_growth_yearly": 42.51
        },
        "20071": {
            "year_quarter": 20071,
            "year": 2007,
            "quarter": 1,
            "eps": 1.13,
            "eps_growth_year": 46.75,
            "eps_4q": 3.9,
            "eps_4q_growth_year": -4.43,
            "roe": 6.12,
            "roe_4q": 24.02,
            "gross_profit": 367902,
            "gross_margin": 6.32,
            "gross_margin_4q_avg": 5.98,
            "net_income": 139872,
            "net_income_4q": null,
            "revenue": 5820616,
            "revenue_4q": null,
            "common_shares": 1258524,
            "book_valuer_per_share": 19.59,
            "book_valuer_per_share_4q_avg": 17.8,
            "equity": 2464952,
            "current_ratio": 194.07,
            "debt_ratio": 55.13,
            "inventory_turnover_ratio": 2.74,
            "account_receivable_turnover_ratio": null,
            "reinvestment_rate": 2.07,
            "research_to_sale_ratio": null,
            "price_fair": 166.86,
            "eps_avg_yearly": 4.77,
            "eps_latest_yearly": 4.52,
            "eps_growth_yearly": 31.79
        },
        "20072": {
            "year_quarter": 20072,
            "year": 2007,
            "quarter": 2,
            "eps": 1.31,
            "eps_growth_year": 72.37,
            "eps_4q": 4.52,
            "eps_4q_growth_year": 11.69,
            "roe": 6.59,
            "roe_4q": 26.45,
            "gross_profit": 373270,
            "gross_margin": 6.65,
            "gross_margin_4q_avg": 6.35,
            "net_income": 165436,
            "net_income_4q": null,
            "revenue": 5615397,
            "revenue_4q": null,
            "common_shares": 1311151,
            "book_valuer_per_share": 19.51,
            "book_valuer_per_share_4q_avg": 18.31,
            "equity": 2558266,
            "current_ratio": 167.4,
            "debt_ratio": 61.94,
            "inventory_turnover_ratio": 2.74,
            "account_receivable_turnover_ratio": null,
            "reinvestment_rate": 1.69,
            "research_to_sale_ratio": null,
            "price_fair": 167.83,
            "eps_avg_yearly": 4.8,
            "eps_latest_yearly": 5.24,
            "eps_growth_yearly": 36.38
        },
        "20073": {
            "year_quarter": 20073,
            "year": 2007,
            "quarter": 3,
            "eps": 1.4,
            "eps_growth_year": 6.06,
            "eps_4q": 4.12,
            "eps_4q_growth_year": 10.79,
            "roe": 7.73,
            "roe_4q": 25.98,
            "gross_profit": 412342,
            "gross_margin": 6.39,
            "gross_margin_4q_avg": 6.3,
            "net_income": 214872,
            "net_income_4q": null,
            "revenue": 6453968,
            "revenue_4q": null,
            "common_shares": 1682813,
            "book_valuer_per_share": 17.82,
            "book_valuer_per_share_4q_avg": 18.64,
            "equity": 2998246,
            "current_ratio": 178,
            "debt_ratio": 55.75,
            "inventory_turnover_ratio": 2.64,
            "account_receivable_turnover_ratio": null,
            "reinvestment_rate": 1.39,
            "research_to_sale_ratio": null,
            "price_fair": 167.74,
            "eps_avg_yearly": 4.79,
            "eps_latest_yearly": 5.6,
            "eps_growth_yearly": 33.72
        },
        "20074": {
            "year_quarter": 20074,
            "year": 2007,
            "quarter": 4,
            "eps": 0.57,
            "eps_growth_year": -40,
            "eps_4q": 3.67,
            "eps_4q_growth_year": 3.64,
            "roe": 3.11,
            "roe_4q": 23.55,
            "gross_profit": 349859,
            "gross_margin": 5.29,
            "gross_margin_4q_avg": 6.16,
            "net_income": 95553,
            "net_income_4q": null,
            "revenue": 6615729,
            "revenue_4q": null,
            "common_shares": 1701435,
            "book_valuer_per_share": 18.34,
            "book_valuer_per_share_4q_avg": 18.82,
            "equity": 3147762,
            "current_ratio": 174.73,
            "debt_ratio": 56.83,
            "inventory_turnover_ratio": 2.35,
            "account_receivable_turnover_ratio": null,
            "reinvestment_rate": 2.02,
            "research_to_sale_ratio": null,
            "price_fair": 103.71,
            "eps_avg_yearly": 4.5,
            "eps_latest_yearly": 2.28,
            "eps_growth_yearly": 13.05
        },
        "20081": {
            "year_quarter": 20081,
            "year": 2008,
            "quarter": 1,
            "eps": 0.43,
            "eps_growth_year": -61.95,
            "eps_4q": 3.18,
            "eps_4q_growth_year": -18.4,
            "roe": 2.33,
            "roe_4q": 19.759999999999998,
            "gross_profit": 271722,
            "gross_margin": 4.81,
            "gross_margin_4q_avg": 5.79,
            "net_income": 74255,
            "net_income_4q": null,
            "revenue": 5649948,
            "revenue_4q": null,
            "common_shares": 1703684,
            "book_valuer_per_share": 18.7,
            "book_valuer_per_share_4q_avg": 18.59,
            "equity": 3216551,
            "current_ratio": 192.1,
            "debt_ratio": 51.68,
            "inventory_turnover_ratio": 1.88,
            "account_receivable_turnover_ratio": null,
            "reinvestment_rate": 2.75,
            "research_to_sale_ratio": null,
            "price_fair": 62.9,
            "eps_avg_yearly": 4.14,
            "eps_latest_yearly": 1.72,
            "eps_growth_yearly": 5.18
        },
        "20082": {
            "year_quarter": 20082,
            "year": 2008,
            "quarter": 2,
            "eps": 0.49,
            "eps_growth_year": -62.6,
            "eps_4q": 2.52,
            "eps_4q_growth_year": -44.3,
            "roe": 3.04,
            "roe_4q": 16.21,
            "gross_profit": 290840,
            "gross_margin": 5.14,
            "gross_margin_4q_avg": 5.41,
            "net_income": 91713,
            "net_income_4q": null,
            "revenue": 5661072,
            "revenue_4q": null,
            "common_shares": 1704639,
            "book_valuer_per_share": 16.3,
            "book_valuer_per_share_4q_avg": 17.79,
            "equity": 2813293,
            "current_ratio": 159.52,
            "debt_ratio": 59.57,
            "inventory_turnover_ratio": 1.95,
            "account_receivable_turnover_ratio": null,
            "reinvestment_rate": 10.68,
            "research_to_sale_ratio": null,
            "price_fair": 78.82,
            "eps_avg_yearly": 3.84,
            "eps_latest_yearly": 1.96,
            "eps_growth_yearly": 10.55
        },
        "20083": {
            "year_quarter": 20083,
            "year": 2008,
            "quarter": 3,
            "eps": 0.69,
            "eps_growth_year": -50.71,
            "eps_4q": 2.13,
            "eps_4q_growth_year": -48.44,
            "roe": 4.33,
            "roe_4q": 12.809999999999999,
            "gross_profit": 328059,
            "gross_margin": 6.06,
            "gross_margin_4q_avg": 5.33,
            "net_income": 123709,
            "net_income_4q": null,
            "revenue": 5410747,
            "revenue_4q": null,
            "common_shares": 1814091,
            "book_valuer_per_share": 15.81,
            "book_valuer_per_share_4q_avg": 17.29,
            "equity": 2902412,
            "current_ratio": 174.2,
            "debt_ratio": 56.32,
            "inventory_turnover_ratio": 1.92,
            "account_receivable_turnover_ratio": null,
            "reinvestment_rate": 10.29,
            "research_to_sale_ratio": null,
            "price_fair": 131.34,
            "eps_avg_yearly": 3.75,
            "eps_latest_yearly": 2.76,
            "eps_growth_yearly": 30.93
        },
        "20084": {
            "year_quarter": 20084,
            "year": 2008,
            "quarter": 4,
            "eps": 0.12,
            "eps_growth_year": -78.95,
            "eps_4q": 1.92,
            "eps_4q_growth_year": -47.73,
            "roe": 0.66,
            "roe_4q": 10.360000000000001,
            "gross_profit": 191052,
            "gross_margin": 5.41,
            "gross_margin_4q_avg": 5.36,
            "net_income": 19157,
            "net_income_4q": null,
            "revenue": 3533538,
            "revenue_4q": null,
            "common_shares": 1814091,
            "book_valuer_per_share": 15.82,
            "book_valuer_per_share_4q_avg": 16.66,
            "equity": 2903149,
            "current_ratio": 213.7,
            "debt_ratio": 46.23,
            "inventory_turnover_ratio": 1.52,
            "account_receivable_turnover_ratio": 3.62,
            "reinvestment_rate": 9.97,
            "research_to_sale_ratio": null,
            "price_fair": 124.71,
            "eps_avg_yearly": 3.67,
            "eps_latest_yearly": 0.48,
            "eps_growth_yearly": 24.01
        },
        "20091": {
            "year_quarter": 20091,
            "year": 2009,
            "quarter": 1,
            "eps": 0.5,
            "eps_growth_year": 16.28,
            "eps_4q": 1.76,
            "eps_4q_growth_year": -44.73,
            "roe": 3.1,
            "roe_4q": 11.129999999999999,
            "gross_profit": 264131,
            "gross_margin": 8.35,
            "gross_margin_4q_avg": 6.24,
            "net_income": 91488,
            "net_income_4q": null,
            "revenue": 3164848,
            "revenue_4q": null,
            "common_shares": 1814091,
            "book_valuer_per_share": 16.28,
            "book_valuer_per_share_4q_avg": 16.05,
            "equity": 2991268,
            "current_ratio": 217.95,
            "debt_ratio": 45.43,
            "inventory_turnover_ratio": 1.66,
            "account_receivable_turnover_ratio": 1.59,
            "reinvestment_rate": 10.06,
            "research_to_sale_ratio": null,
            "price_fair": 123.11,
            "eps_avg_yearly": 3.52,
            "eps_latest_yearly": 2,
            "eps_growth_yearly": 68.39
        },
        "20092": {
            "year_quarter": 20092,
            "year": 2009,
            "quarter": 2,
            "eps": 0.36,
            "eps_growth_year": -26.53,
            "eps_4q": 1.46,
            "eps_4q_growth_year": -41.83,
            "roe": 2.53,
            "roe_4q": 10.620000000000001,
            "gross_profit": 318536,
            "gross_margin": 7.32,
            "gross_margin_4q_avg": 6.79,
            "net_income": 73066,
            "net_income_4q": null,
            "revenue": 4353435,
            "revenue_4q": null,
            "common_shares": 1814091,
            "book_valuer_per_share": 15.06,
            "book_valuer_per_share_4q_avg": 15.74,
            "equity": 2778425,
            "current_ratio": 167.87,
            "debt_ratio": 58.51,
            "inventory_turnover_ratio": 2.27,
            "account_receivable_turnover_ratio": 1.95,
            "reinvestment_rate": 10.74,
            "research_to_sale_ratio": null,
            "price_fair": 117.69,
            "eps_avg_yearly": 3.36,
            "eps_latest_yearly": 1.44,
            "eps_growth_yearly": 64.12
        },
        "20093": {
            "year_quarter": 20093,
            "year": 2009,
            "quarter": 3,
            "eps": 0.72,
            "eps_growth_year": 4.35,
            "eps_4q": 1.57,
            "eps_4q_growth_year": -25.92,
            "roe": 4.84,
            "roe_4q": 11.129999999999999,
            "gross_profit": 409403,
            "gross_margin": 7.11,
            "gross_margin_4q_avg": 7.05,
            "net_income": 137726,
            "net_income_4q": null,
            "revenue": 5757569,
            "revenue_4q": null,
            "common_shares": 1814091,
            "book_valuer_per_share": 15.75,
            "book_valuer_per_share_4q_avg": 15.73,
            "equity": 2911209,
            "current_ratio": 165.19,
            "debt_ratio": 57.86,
            "inventory_turnover_ratio": 2.44,
            "account_receivable_turnover_ratio": 2.29,
            "reinvestment_rate": 12.52,
            "research_to_sale_ratio": null,
            "price_fair": 112,
            "eps_avg_yearly": 3.2,
            "eps_latest_yearly": 2.88,
            "eps_growth_yearly": 79.17
        },
        "20094": {
            "year_quarter": 20094,
            "year": 2009,
            "quarter": 4,
            "eps": 0.68,
            "eps_growth_year": 466.67,
            "eps_4q": 2.24,
            "eps_4q_growth_year": 16.67,
            "roe": 4.17,
            "roe_4q": 14.639999999999999,
            "gross_profit": 307022,
            "gross_margin": 5.77,
            "gross_margin_4q_avg": 7.14,
            "net_income": 124260,
            "net_income_4q": null,
            "revenue": 5317269,
            "revenue_4q": null,
            "common_shares": 1823172,
            "book_valuer_per_share": 16.72,
            "book_valuer_per_share_4q_avg": 15.95,
            "equity": 3051415,
            "current_ratio": 176.86,
            "debt_ratio": 53.86,
            "inventory_turnover_ratio": 2.27,
            "account_receivable_turnover_ratio": 4.47,
            "reinvestment_rate": 28.12,
            "research_to_sale_ratio": null,
            "price_fair": 106.75,
            "eps_avg_yearly": 3.05,
            "eps_latest_yearly": 2.72,
            "eps_growth_yearly": 79.42
        },
        "20101": {
            "year_quarter": 20101,
            "year": 2010,
            "quarter": 1,
            "eps": 0.64,
            "eps_growth_year": 28,
            "eps_4q": 2.39,
            "eps_4q_growth_year": 36,
            "roe": 3.96,
            "roe_4q": 15.499999999999998,
            "gross_profit": 363752,
            "gross_margin": 7.24,
            "gross_margin_4q_avg": 6.86,
            "net_income": 122727,
            "net_income_4q": null,
            "revenue": 5022293,
            "revenue_4q": null,
            "common_shares": 1823172,
            "book_valuer_per_share": 17.35,
            "book_valuer_per_share_4q_avg": 16.22,
            "equity": 3145096,
            "current_ratio": 177.42,
            "debt_ratio": 53.58,
            "inventory_turnover_ratio": 2.29,
            "account_receivable_turnover_ratio": 2.1,
            "reinvestment_rate": 27.78,
            "research_to_sale_ratio": 0.25,
            "price_fair": 105.61,
            "eps_avg_yearly": 3.02,
            "eps_latest_yearly": 2.56,
            "eps_growth_yearly": 87.91
        },
        "20102": {
            "year_quarter": 20102,
            "year": 2010,
            "quarter": 2,
            "eps": 0.81,
            "eps_growth_year": 125.4,
            "eps_4q": 2.85,
            "eps_4q_growth_year": 94.37,
            "roe": 4.66,
            "roe_4q": 17.630000000000003,
            "gross_profit": 404602,
            "gross_margin": 7.43,
            "gross_margin_4q_avg": 6.89,
            "net_income": 142510,
            "net_income_4q": null,
            "revenue": 5445581,
            "revenue_4q": null,
            "common_shares": 1823172,
            "book_valuer_per_share": 16.39,
            "book_valuer_per_share_4q_avg": 16.55,
            "equity": 2971644,
            "current_ratio": 157.51,
            "debt_ratio": 60.03,
            "inventory_turnover_ratio": 2.33,
            "account_receivable_turnover_ratio": 2.1,
            "reinvestment_rate": 30.2,
            "research_to_sale_ratio": 0.38,
            "price_fair": 106.05,
            "eps_avg_yearly": 3.03,
            "eps_latest_yearly": 3.24,
            "eps_growth_yearly": 94.88
        },
        "20103": {
            "year_quarter": 20103,
            "year": 2010,
            "quarter": 3,
            "eps": 0.59,
            "eps_growth_year": -17.51,
            "eps_4q": 2.72,
            "eps_4q_growth_year": 72.96,
            "roe": 3.59,
            "roe_4q": 16.380000000000003,
            "gross_profit": 392907,
            "gross_margin": 6.98,
            "gross_margin_4q_avg": 6.86,
            "net_income": 108497,
            "net_income_4q": null,
            "revenue": 5631072,
            "revenue_4q": null,
            "common_shares": 1823172,
            "book_valuer_per_share": 16.91,
            "book_valuer_per_share_4q_avg": 16.84,
            "equity": 3065934,
            "current_ratio": 165.77,
            "debt_ratio": 58.75,
            "inventory_turnover_ratio": 2.05,
            "account_receivable_turnover_ratio": 2.04,
            "reinvestment_rate": 31.45,
            "research_to_sale_ratio": 0.3,
            "price_fair": 99.66,
            "eps_avg_yearly": 2.85,
            "eps_latest_yearly": 2.36,
            "eps_growth_yearly": 69.67
        },
        "20104": {
            "year_quarter": 20104,
            "year": 2010,
            "quarter": 4,
            "eps": 0.17,
            "eps_growth_year": -75.47,
            "eps_4q": 2.22,
            "eps_4q_growth_year": -1.08,
            "roe": 0.7,
            "roe_4q": 12.91,
            "gross_profit": 195489,
            "gross_margin": 3.98,
            "gross_margin_4q_avg": 6.41,
            "net_income": 21550,
            "net_income_4q": null,
            "revenue": 4910858,
            "revenue_4q": null,
            "common_shares": 1823172,
            "book_valuer_per_share": 17.05,
            "book_valuer_per_share_4q_avg": 16.93,
            "equity": 3083802,
            "current_ratio": 174.12,
            "debt_ratio": 56.02,
            "inventory_turnover_ratio": 1.77,
            "account_receivable_turnover_ratio": 1.92,
            "reinvestment_rate": 30.83,
            "research_to_sale_ratio": 0.43,
            "price_fair": 92.84,
            "eps_avg_yearly": 2.65,
            "eps_latest_yearly": 0.68,
            "eps_growth_yearly": 58.88
        },
        "20111": {
            "year_quarter": 20111,
            "year": 2011,
            "quarter": 1,
            "eps": 0.4,
            "eps_growth_year": -37.5,
            "eps_4q": 1.97,
            "eps_4q_growth_year": -17.45,
            "roe": 2.29,
            "roe_4q": 11.24,
            "gross_profit": 283170,
            "gross_margin": 6.13,
            "gross_margin_4q_avg": 6.13,
            "net_income": 71558,
            "net_income_4q": null,
            "revenue": 4621350,
            "revenue_4q": null,
            "common_shares": 1823172,
            "book_valuer_per_share": 17.46,
            "book_valuer_per_share_4q_avg": 16.95,
            "equity": 3155588,
            "current_ratio": 176.09,
            "debt_ratio": 55.44,
            "inventory_turnover_ratio": 1.71,
            "account_receivable_turnover_ratio": 1.82,
            "reinvestment_rate": 32.73,
            "research_to_sale_ratio": 0.3,
            "price_fair": 86.45,
            "eps_avg_yearly": 2.47,
            "eps_latest_yearly": 1.6,
            "eps_growth_yearly": 87.96
        },
        "20112": {
            "year_quarter": 20112,
            "year": 2011,
            "quarter": 2,
            "eps": 0.54,
            "eps_growth_year": -33.72,
            "eps_4q": 1.7,
            "eps_4q_growth_year": -40.31,
            "roe": 3.4,
            "roe_4q": 9.98,
            "gross_profit": 354376,
            "gross_margin": 7.09,
            "gross_margin_4q_avg": 6.05,
            "net_income": 102903,
            "net_income_4q": null,
            "revenue": 5000092,
            "revenue_4q": null,
            "common_shares": 1818102,
            "book_valuer_per_share": 15.99,
            "book_valuer_per_share_4q_avg": 16.85,
            "equity": 2895677,
            "current_ratio": 160.66,
            "debt_ratio": 60.56,
            "inventory_turnover_ratio": 1.69,
            "account_receivable_turnover_ratio": 1.88,
            "reinvestment_rate": 26.82,
            "research_to_sale_ratio": 0.32,
            "price_fair": 79.71,
            "eps_avg_yearly": 2.28,
            "eps_latest_yearly": 2.16,
            "eps_growth_yearly": 92.73
        },
        "20113": {
            "year_quarter": 20113,
            "year": 2011,
            "quarter": 3,
            "eps": 0.76,
            "eps_growth_year": 27.71,
            "eps_4q": 1.86,
            "eps_4q_growth_year": -31.56,
            "roe": 4.68,
            "roe_4q": 11.07,
            "gross_profit": 403057,
            "gross_margin": 8.17,
            "gross_margin_4q_avg": 6.34,
            "net_income": 138423,
            "net_income_4q": null,
            "revenue": 4935163,
            "revenue_4q": null,
            "common_shares": 1818102,
            "book_valuer_per_share": 16.72,
            "book_valuer_per_share_4q_avg": 16.81,
            "equity": 3022964,
            "current_ratio": 169.44,
            "debt_ratio": 57.59,
            "inventory_turnover_ratio": 1.57,
            "account_receivable_turnover_ratio": 1.81,
            "reinvestment_rate": 27.67,
            "research_to_sale_ratio": 0.25,
            "price_fair": 74.11,
            "eps_avg_yearly": 2.12,
            "eps_latest_yearly": 3.04,
            "eps_growth_yearly": 101.2
        },
        "20114": {
            "year_quarter": 20114,
            "year": 2011,
            "quarter": 4,
            "eps": 0.84,
            "eps_growth_year": 403.98,
            "eps_4q": 2.54,
            "eps_4q_growth_year": 14.53,
            "roe": 4.86,
            "roe_4q": 15.23,
            "gross_profit": 377237,
            "gross_margin": 8.22,
            "gross_margin_4q_avg": 7.4,
            "net_income": 150460,
            "net_income_4q": null,
            "revenue": 4588388,
            "revenue_4q": null,
            "common_shares": 1818102,
            "book_valuer_per_share": 17.54,
            "book_valuer_per_share_4q_avg": 16.93,
            "equity": 3170021,
            "current_ratio": 183.46,
            "debt_ratio": 53.33,
            "inventory_turnover_ratio": 1.59,
            "account_receivable_turnover_ratio": 1.74,
            "reinvestment_rate": 23.82,
            "research_to_sale_ratio": 0.21,
            "price_fair": 76.48,
            "eps_avg_yearly": 2.19,
            "eps_latest_yearly": 3.36,
            "eps_growth_yearly": 118.65
        },
        "20121": {
            "year_quarter": 20121,
            "year": 2012,
            "quarter": 1,
            "eps": 0.5,
            "eps_growth_year": 25,
            "eps_4q": 2.63,
            "eps_4q_growth_year": 33.44,
            "roe": 2.82,
            "roe_4q": 15.76,
            "gross_profit": 328700,
            "gross_margin": 7.46,
            "gross_margin_4q_avg": 7.74,
            "net_income": 90762,
            "net_income_4q": null,
            "revenue": 4403463,
            "revenue_4q": null,
            "common_shares": 1818102,
            "book_valuer_per_share": 18.06,
            "book_valuer_per_share_4q_avg": 17.08,
            "equity": 3257169,
            "current_ratio": 180.79,
            "debt_ratio": 53.99,
            "inventory_turnover_ratio": 1.62,
            "account_receivable_turnover_ratio": 1.83,
            "reinvestment_rate": 23.06,
            "research_to_sale_ratio": 0.27,
            "price_fair": 77.09,
            "eps_avg_yearly": 2.2,
            "eps_latest_yearly": 2,
            "eps_growth_yearly": 114.67
        },
        "20122": {
            "year_quarter": 20122,
            "year": 2012,
            "quarter": 2,
            "eps": 0.75,
            "eps_growth_year": 39.38,
            "eps_4q": 2.84,
            "eps_4q_growth_year": 67.38,
            "roe": 4.41,
            "roe_4q": 16.77,
            "gross_profit": 400369,
            "gross_margin": 7.85,
            "gross_margin_4q_avg": 7.93,
            "net_income": 137940,
            "net_income_4q": null,
            "revenue": 5099593,
            "revenue_4q": null,
            "common_shares": 1790452,
            "book_valuer_per_share": 16.61,
            "book_valuer_per_share_4q_avg": 17.23,
            "equity": 3001845,
            "current_ratio": 162.8,
            "debt_ratio": 59.75,
            "inventory_turnover_ratio": 1.74,
            "account_receivable_turnover_ratio": 2.19,
            "reinvestment_rate": 12.82,
            "research_to_sale_ratio": 0.15,
            "price_fair": 79.36,
            "eps_avg_yearly": 2.27,
            "eps_latest_yearly": 3,
            "eps_growth_yearly": 123.68
        },
        "20123": {
            "year_quarter": 20123,
            "year": 2012,
            "quarter": 3,
            "eps": 0.75,
            "eps_growth_year": -0.91,
            "eps_4q": 2.84,
            "eps_4q_growth_year": 52.23,
            "roe": 4.46,
            "roe_4q": 16.55,
            "gross_profit": 415166,
            "gross_margin": 7.58,
            "gross_margin_4q_avg": 7.78,
            "net_income": 136782,
            "net_income_4q": null,
            "revenue": 5476679,
            "revenue_4q": null,
            "common_shares": 1790452,
            "book_valuer_per_share": 17.33,
            "book_valuer_per_share_4q_avg": 17.39,
            "equity": 3132625,
            "current_ratio": 176.13,
            "debt_ratio": 55.27,
            "inventory_turnover_ratio": 1.79,
            "account_receivable_turnover_ratio": 2.34,
            "reinvestment_rate": 13.07,
            "research_to_sale_ratio": 0.18,
            "price_fair": 79.89,
            "eps_avg_yearly": 2.28,
            "eps_latest_yearly": 3,
            "eps_growth_yearly": 113.48
        },
        "20124": {
            "year_quarter": 20124,
            "year": 2012,
            "quarter": 4,
            "eps": 0.57,
            "eps_growth_year": -32.01,
            "eps_4q": 2.57,
            "eps_4q_growth_year": 1.22,
            "roe": 3.18,
            "roe_4q": 14.870000000000001,
            "gross_profit": 296040,
            "gross_margin": 6.18,
            "gross_margin_4q_avg": 7.27,
            "net_income": 100962,
            "net_income_4q": null,
            "revenue": 4788164,
            "revenue_4q": null,
            "common_shares": 1790452,
            "book_valuer_per_share": 17.82,
            "book_valuer_per_share_4q_avg": 17.46,
            "equity": 3218501,
            "current_ratio": 185.93,
            "debt_ratio": 52.63,
            "inventory_turnover_ratio": 1.59,
            "account_receivable_turnover_ratio": 2.05,
            "reinvestment_rate": 10.91,
            "research_to_sale_ratio": 0.28,
            "price_fair": 83.83,
            "eps_avg_yearly": 2.4,
            "eps_latest_yearly": 2.28,
            "eps_growth_yearly": 128.13
        },
        "20131": {
            "year_quarter": 20131,
            "year": 2013,
            "quarter": 1,
            "eps": 0.83,
            "eps_growth_year": 66,
            "eps_4q": 2.91,
            "eps_4q_growth_year": 10.44,
            "roe": 4.62,
            "roe_4q": 16.67,
            "gross_profit": 428396,
            "gross_margin": 8.79,
            "gross_margin_4q_avg": 7.6,
            "net_income": 151897,
            "net_income_4q": null,
            "revenue": 4873793,
            "revenue_4q": null,
            "common_shares": 1790452,
            "book_valuer_per_share": 18.61,
            "book_valuer_per_share_4q_avg": 17.59,
            "equity": 3356578,
            "current_ratio": 191.79,
            "debt_ratio": 51.91,
            "inventory_turnover_ratio": 1.59,
            "account_receivable_turnover_ratio": 2.11,
            "reinvestment_rate": 11.24,
            "research_to_sale_ratio": 0.23,
            "price_fair": 86.71,
            "eps_avg_yearly": 2.48,
            "eps_latest_yearly": 3.32,
            "eps_growth_yearly": 60.37
        },
        "20132": {
            "year_quarter": 20132,
            "year": 2013,
            "quarter": 2,
            "eps": 0.96,
            "eps_growth_year": 28.06,
            "eps_4q": 3.11,
            "eps_4q_growth_year": 9.27,
            "roe": 5.31,
            "roe_4q": 17.57,
            "gross_profit": 411281,
            "gross_margin": 8.62,
            "gross_margin_4q_avg": 7.79,
            "net_income": 172443,
            "net_income_4q": null,
            "revenue": 4773662,
            "revenue_4q": null,
            "common_shares": 1790452,
            "book_valuer_per_share": 17.36,
            "book_valuer_per_share_4q_avg": 17.78,
            "equity": 3134885,
            "current_ratio": 172.58,
            "debt_ratio": 57.32,
            "inventory_turnover_ratio": 1.54,
            "account_receivable_turnover_ratio": 1.96,
            "reinvestment_rate": 9.56,
            "research_to_sale_ratio": 0.26,
            "price_fair": 91.96,
            "eps_avg_yearly": 2.63,
            "eps_latest_yearly": 3.84,
            "eps_growth_yearly": 71.28
        },
        "20133": {
            "year_quarter": 20133,
            "year": 2013,
            "quarter": 3,
            "eps": 0.8,
            "eps_growth_year": 6.43,
            "eps_4q": 3.16,
            "eps_4q_growth_year": 11.18,
            "roe": 4.57,
            "roe_4q": 17.68,
            "gross_profit": 408001,
            "gross_margin": 8.06,
            "gross_margin_4q_avg": 7.91,
            "net_income": 146490,
            "net_income_4q": null,
            "revenue": 5063970,
            "revenue_4q": null,
            "common_shares": 1790452,
            "book_valuer_per_share": 18.15,
            "book_valuer_per_share_4q_avg": 17.99,
            "equity": 3279313,
            "current_ratio": 175.09,
            "debt_ratio": 56.25,
            "inventory_turnover_ratio": 1.64,
            "account_receivable_turnover_ratio": 1.92,
            "reinvestment_rate": 7.63,
            "research_to_sale_ratio": 0.55,
            "price_fair": 92.66,
            "eps_avg_yearly": 2.65,
            "eps_latest_yearly": 3.2,
            "eps_growth_yearly": 42.12
        },
        "20134": {
            "year_quarter": 20134,
            "year": 2013,
            "quarter": 4,
            "eps": 0.65,
            "eps_growth_year": 13.45,
            "eps_4q": 3.23,
            "eps_4q_growth_year": 25.82,
            "roe": 3.46,
            "roe_4q": 17.96,
            "gross_profit": 390019,
            "gross_margin": 7.15,
            "gross_margin_4q_avg": 8.16,
            "net_income": 116212,
            "net_income_4q": null,
            "revenue": 5452622,
            "revenue_4q": null,
            "common_shares": 1790452,
            "book_valuer_per_share": 18.77,
            "book_valuer_per_share_4q_avg": 18.22,
            "equity": 3434094,
            "current_ratio": 177.6,
            "debt_ratio": 55.73,
            "inventory_turnover_ratio": 1.88,
            "account_receivable_turnover_ratio": 2.04,
            "reinvestment_rate": -7.33,
            "research_to_sale_ratio": 0.33,
            "price_fair": 92.4,
            "eps_avg_yearly": 2.64,
            "eps_latest_yearly": 2.6,
            "eps_growth_yearly": 38.82
        },
        "20141": {
            "year_quarter": 20141,
            "year": 2014,
            "quarter": 1,
            "eps": 0.98,
            "eps_growth_year": 18.07,
            "eps_4q": 3.38,
            "eps_4q_growth_year": 16.08,
            "roe": 5.08,
            "roe_4q": 18.419999999999998,
            "gross_profit": 412444,
            "gross_margin": 9.07,
            "gross_margin_4q_avg": 8.23,
            "net_income": 179001,
            "net_income_4q": null,
            "revenue": 4548933,
            "revenue_4q": null,
            "common_shares": 1790452,
            "book_valuer_per_share": 19.78,
            "book_valuer_per_share_4q_avg": 18.52,
            "equity": 3609200,
            "current_ratio": 185.98,
            "debt_ratio": 53.15,
            "inventory_turnover_ratio": 1.56,
            "account_receivable_turnover_ratio": 1.69,
            "reinvestment_rate": -6.25,
            "research_to_sale_ratio": 0.38,
            "price_fair": 95.38,
            "eps_avg_yearly": 2.73,
            "eps_latest_yearly": 3.92,
            "eps_growth_yearly": 52.98
        },
        "20142": {
            "year_quarter": 20142,
            "year": 2014,
            "quarter": 2,
            "eps": 0.85,
            "eps_growth_year": -11.46,
            "eps_4q": 3.28,
            "eps_4q_growth_year": 5.39,
            "roe": 4.53,
            "roe_4q": 17.64,
            "gross_profit": 457949,
            "gross_margin": 8.77,
            "gross_margin_4q_avg": 8.26,
            "net_income": 154801,
            "net_income_4q": null,
            "revenue": 5222854,
            "revenue_4q": null,
            "common_shares": 1790452,
            "book_valuer_per_share": 17.62,
            "book_valuer_per_share_4q_avg": 18.58,
            "equity": 3228961,
            "current_ratio": 166.14,
            "debt_ratio": 58.88,
            "inventory_turnover_ratio": 1.73,
            "account_receivable_turnover_ratio": 1.86,
            "reinvestment_rate": -9.38,
            "research_to_sale_ratio": 0.4,
            "price_fair": 95.73,
            "eps_avg_yearly": 2.74,
            "eps_latest_yearly": 3.4,
            "eps_growth_yearly": 43.03
        },
        "20143": {
            "year_quarter": 20143,
            "year": 2014,
            "quarter": 3,
            "eps": 0.88,
            "eps_growth_year": 10,
            "eps_4q": 3.36,
            "eps_4q_growth_year": 6.41,
            "roe": 4.85,
            "roe_4q": 17.919999999999998,
            "gross_profit": 438454,
            "gross_margin": 8.19,
            "gross_margin_4q_avg": 8.3,
            "net_income": 160419,
            "net_income_4q": null,
            "revenue": 5350806,
            "revenue_4q": null,
            "common_shares": 1790452,
            "book_valuer_per_share": 18.51,
            "book_valuer_per_share_4q_avg": 18.67,
            "equity": 3392459,
            "current_ratio": 165.65,
            "debt_ratio": 59.26,
            "inventory_turnover_ratio": 1.63,
            "account_receivable_turnover_ratio": 1.81,
            "reinvestment_rate": -9.71,
            "research_to_sale_ratio": 0.45,
            "price_fair": 98.26,
            "eps_avg_yearly": 2.81,
            "eps_latest_yearly": 3.52,
            "eps_growth_yearly": 50.7
        },
        "20144": {
            "year_quarter": 20144,
            "year": 2014,
            "quarter": 4,
            "eps": 0.77,
            "eps_growth_year": 18.67,
            "eps_4q": 3.48,
            "eps_4q_growth_year": 7.62,
            "roe": 4.14,
            "roe_4q": 18.6,
            "gross_profit": 422346,
            "gross_margin": 7.92,
            "gross_margin_4q_avg": 8.49,
            "net_income": 143331,
            "net_income_4q": null,
            "revenue": 5332585,
            "revenue_4q": null,
            "common_shares": 1790452,
            "book_valuer_per_share": 19.28,
            "book_valuer_per_share_4q_avg": 18.8,
            "equity": 3536507,
            "current_ratio": 171.69,
            "debt_ratio": 57.23,
            "inventory_turnover_ratio": 1.52,
            "account_receivable_turnover_ratio": 1.91,
            "reinvestment_rate": -7.68,
            "research_to_sale_ratio": 0.45,
            "price_fair": 103.51,
            "eps_avg_yearly": 2.96,
            "eps_latest_yearly": 3.08,
            "eps_growth_yearly": 65.37
        },
        "20151": {
            "year_quarter": 20151,
            "year": 2015,
            "quarter": 1,
            "eps": 0.78,
            "eps_growth_year": -20.41,
            "eps_4q": 3.28,
            "eps_4q_growth_year": -2.76,
            "roe": 4,
            "roe_4q": 17.52,
            "gross_profit": 417578,
            "gross_margin": 9.83,
            "gross_margin_4q_avg": 8.68,
            "net_income": 144315,
            "net_income_4q": null,
            "revenue": 4246062,
            "revenue_4q": null,
            "common_shares": 1790452,
            "book_valuer_per_share": 20.05,
            "book_valuer_per_share_4q_avg": 18.87,
            "equity": 3679025,
            "current_ratio": 183.18,
            "debt_ratio": 53.88,
            "inventory_turnover_ratio": 1.11,
            "account_receivable_turnover_ratio": 1.73,
            "reinvestment_rate": -7.5,
            "research_to_sale_ratio": 0.54,
            "price_fair": 106.84,
            "eps_avg_yearly": 3.05,
            "eps_latest_yearly": 3.12,
            "eps_growth_yearly": 31.87
        },
        "20152": {
            "year_quarter": 20152,
            "year": 2015,
            "quarter": 2,
            "eps": 0.54,
            "eps_growth_year": -36.47,
            "eps_4q": 2.98,
            "eps_4q_growth_year": -9.17,
            "roe": 2.97,
            "roe_4q": 15.959999999999999,
            "gross_profit": 340226,
            "gross_margin": 7.94,
            "gross_margin_4q_avg": 8.47,
            "net_income": 101982,
            "net_income_4q": null,
            "revenue": 4283678,
            "revenue_4q": null,
            "common_shares": 1790452,
            "book_valuer_per_share": 17.39,
            "book_valuer_per_share_4q_avg": 18.81,
            "equity": 3198565,
            "current_ratio": 162.81,
            "debt_ratio": 60.01,
            "inventory_turnover_ratio": 1.13,
            "account_receivable_turnover_ratio": 1.79,
            "reinvestment_rate": -2.33,
            "research_to_sale_ratio": 0.59,
            "price_fair": 77.62,
            "eps_avg_yearly": 3.05,
            "eps_latest_yearly": 2.16,
            "eps_growth_yearly": 15.43
        },
        "20153": {
            "year_quarter": 20153,
            "year": 2015,
            "quarter": 3,
            "eps": 1.17,
            "eps_growth_year": 32.95,
            "eps_4q": 3.26,
            "eps_4q_growth_year": -2.86,
            "roe": 6.48,
            "roe_4q": 17.59,
            "gross_profit": 461042,
            "gross_margin": 10.28,
            "gross_margin_4q_avg": 8.99,
            "net_income": 215042,
            "net_income_4q": null,
            "revenue": 4483139,
            "revenue_4q": null,
            "common_shares": 1790452,
            "book_valuer_per_share": 18.61,
            "book_valuer_per_share_4q_avg": 18.83,
            "equity": 3440402,
            "current_ratio": 174.51,
            "debt_ratio": 56.37,
            "inventory_turnover_ratio": 1.27,
            "account_receivable_turnover_ratio": 1.81,
            "reinvestment_rate": -1.85,
            "research_to_sale_ratio": 0.44,
            "price_fair": 110.43,
            "eps_avg_yearly": 3.16,
            "eps_latest_yearly": 4.68,
            "eps_growth_yearly": 34.41
        },
        "20154": {
            "year_quarter": 20154,
            "year": 2015,
            "quarter": 4,
            "eps": 0.73,
            "eps_growth_year": -5.04,
            "eps_4q": 3.22,
            "eps_4q_growth_year": -7.35,
            "roe": 3.87,
            "roe_4q": 17.32,
            "gross_profit": 406642,
            "gross_margin": 8.73,
            "gross_margin_4q_avg": 9.2,
            "net_income": 135997,
            "net_income_4q": null,
            "revenue": 4659364,
            "revenue_4q": null,
            "common_shares": 1790452,
            "book_valuer_per_share": 19.24,
            "book_valuer_per_share_4q_avg": 18.82,
            "equity": 3594455,
            "current_ratio": 184.04,
            "debt_ratio": 53.42,
            "inventory_turnover_ratio": 1.49,
            "account_receivable_turnover_ratio": 1.81,
            "reinvestment_rate": -1.12,
            "research_to_sale_ratio": 0.53,
            "price_fair": 101.26,
            "eps_avg_yearly": 3.13,
            "eps_latest_yearly": 2.92,
            "eps_growth_yearly": 22.38
        },
        "20161": {
            "year_quarter": 20161,
            "year": 2016,
            "quarter": 1,
            "eps": 0.65,
            "eps_growth_year": -16.67,
            "eps_4q": 3.09,
            "eps_4q_growth_year": -5.7,
            "roe": 3.32,
            "roe_4q": 16.64,
            "gross_profit": 376442,
            "gross_margin": 9.26,
            "gross_margin_4q_avg": 9.05,
            "net_income": 122577,
            "net_income_4q": null,
            "revenue": 4063387,
            "revenue_4q": null,
            "common_shares": 1790452,
            "book_valuer_per_share": 20.13,
            "book_valuer_per_share_4q_avg": 18.84,
            "equity": 3780237,
            "current_ratio": 193.81,
            "debt_ratio": 50.65,
            "inventory_turnover_ratio": 1.36,
            "account_receivable_turnover_ratio": 1.64,
            "reinvestment_rate": -1.47,
            "research_to_sale_ratio": 0.52,
            "price_fair": 110.78,
            "eps_avg_yearly": 3.17,
            "eps_latest_yearly": 2.6,
            "eps_growth_yearly": 29.76
        },
        "20162": {
            "year_quarter": 20162,
            "year": 2016,
            "quarter": 2,
            "eps": 0.52,
            "eps_growth_year": -3.7,
            "eps_4q": 3.07,
            "eps_4q_growth_year": 3.17,
            "roe": 2.82,
            "roe_4q": 16.490000000000002,
            "gross_profit": 351017,
            "gross_margin": 7.27,
            "gross_margin_4q_avg": 8.89,
            "net_income": 100056,
            "net_income_4q": null,
            "revenue": 4828415,
            "revenue_4q": null,
            "common_shares": 1790452,
            "book_valuer_per_share": 17.65,
            "book_valuer_per_share_4q_avg": 18.91,
            "equity": 3306635,
            "current_ratio": 167.86,
            "debt_ratio": 58.32,
            "inventory_turnover_ratio": 1.68,
            "account_receivable_turnover_ratio": 1.92,
            "reinvestment_rate": -1.13,
            "research_to_sale_ratio": 0.46,
            "price_fair": 69.16,
            "eps_avg_yearly": 3.11,
            "eps_latest_yearly": 2.08,
            "eps_growth_yearly": 12.26
        },
        "20163": {
            "year_quarter": 20163,
            "year": 2016,
            "quarter": 3,
            "eps": 0.5,
            "eps_growth_year": -57.26,
            "eps_4q": 2.4,
            "eps_4q_growth_year": -26.36,
            "roe": 2.87,
            "roe_4q": 12.879999999999999,
            "gross_profit": 380025,
            "gross_margin": 7.53,
            "gross_margin_4q_avg": 8.2,
            "net_income": 96145,
            "net_income_4q": null,
            "revenue": 5045475,
            "revenue_4q": null,
            "common_shares": 1790452,
            "book_valuer_per_share": 18.12,
            "book_valuer_per_share_4q_avg": 18.79,
            "equity": 3398977,
            "current_ratio": 169.64,
            "debt_ratio": 57.72,
            "inventory_turnover_ratio": 1.9,
            "account_receivable_turnover_ratio": 1.83,
            "reinvestment_rate": -1.12,
            "research_to_sale_ratio": 0.46,
            "price_fair": 64.84,
            "eps_avg_yearly": 3.05,
            "eps_latest_yearly": 2,
            "eps_growth_yearly": 11.29
        },
        "20164": {
            "year_quarter": 20164,
            "year": 2016,
            "quarter": 4,
            "eps": 0.83,
            "eps_growth_year": 13.92,
            "eps_4q": 2.5,
            "eps_4q_growth_year": -22.32,
            "roe": 4.59,
            "roe_4q": 13.6,
            "gross_profit": 433011,
            "gross_margin": 8.87,
            "gross_margin_4q_avg": 8.23,
            "net_income": 159698,
            "net_income_4q": null,
            "revenue": 4880070,
            "revenue_4q": null,
            "common_shares": 1790452,
            "book_valuer_per_share": 18.95,
            "book_valuer_per_share_4q_avg": 18.71,
            "equity": 3557688,
            "current_ratio": 178.48,
            "debt_ratio": 55.13,
            "inventory_turnover_ratio": 1.92,
            "account_receivable_turnover_ratio": 1.67,
            "reinvestment_rate": 0.26,
            "research_to_sale_ratio": 0.43,
            "price_fair": 108.85,
            "eps_avg_yearly": 3.11,
            "eps_latest_yearly": 3.32,
            "eps_growth_yearly": 33.79
        },
        "20171": {
            "year_quarter": 20171,
            "year": 2017,
            "quarter": 1,
            "eps": 0.11,
            "eps_growth_year": -83.08,
            "eps_4q": 1.96,
            "eps_4q_growth_year": -36.65,
            "roe": 0.66,
            "roe_4q": 10.940000000000001,
            "gross_profit": 318151,
            "gross_margin": 7.42,
            "gross_margin_4q_avg": 7.77,
            "net_income": 25311,
            "net_income_4q": null,
            "revenue": 4289351,
            "revenue_4q": null,
            "common_shares": 1790452,
            "book_valuer_per_share": 20.23,
            "book_valuer_per_share_4q_avg": 18.74,
            "equity": 4056706,
            "current_ratio": 204.2,
            "debt_ratio": 48.36,
            "inventory_turnover_ratio": 1.67,
            "account_receivable_turnover_ratio": 1.55,
            "reinvestment_rate": -0.68,
            "research_to_sale_ratio": 0.49,
            "price_fair": 29.3,
            "eps_avg_yearly": 2.93,
            "eps_latest_yearly": 0.44,
            "eps_growth_yearly": 0.7
        },
        "20172": {
            "year_quarter": 20172,
            "year": 2017,
            "quarter": 2,
            "eps": 0.51,
            "eps_growth_year": -1.92,
            "eps_4q": 1.95,
            "eps_4q_growth_year": -36.48,
            "roe": 2.68,
            "roe_4q": 10.8,
            "gross_profit": 341902,
            "gross_margin": 7.91,
            "gross_margin_4q_avg": 7.93,
            "net_income": 103098,
            "net_income_4q": null,
            "revenue": 4323562,
            "revenue_4q": null,
            "common_shares": 1790452,
            "book_valuer_per_share": 18.35,
            "book_valuer_per_share_4q_avg": 18.91,
            "equity": 3650521,
            "current_ratio": 178.36,
            "debt_ratio": 55.11,
            "inventory_turnover_ratio": 1.65,
            "account_receivable_turnover_ratio": 1.66,
            "reinvestment_rate": -0.74,
            "research_to_sale_ratio": 0.45,
            "price_fair": 98.61,
            "eps_avg_yearly": 2.82,
            "eps_latest_yearly": 2.04,
            "eps_growth_yearly": 87.7
        },
        "20173": {
            "year_quarter": 20173,
            "year": 2017,
            "quarter": 3,
            "eps": 0.73,
            "eps_growth_year": 46,
            "eps_4q": 2.19,
            "eps_4q_growth_year": -8.91,
            "roe": 4.02,
            "roe_4q": 11.95,
            "gross_profit": 436767,
            "gross_margin": 8.78,
            "gross_margin_4q_avg": 8.25,
            "net_income": 149066,
            "net_income_4q": null,
            "revenue": 4972573,
            "revenue_4q": null,
            "common_shares": 1790452,
            "book_valuer_per_share": 19.01,
            "book_valuer_per_share_4q_avg": 19.14,
            "equity": 3757470,
            "current_ratio": 176.4,
            "debt_ratio": 55.61,
            "inventory_turnover_ratio": 1.86,
            "account_receivable_turnover_ratio": 1.7,
            "reinvestment_rate": 0.18,
            "research_to_sale_ratio": 0.48,
            "price_fair": 98,
            "eps_avg_yearly": 2.8,
            "eps_latest_yearly": 2.92,
            "eps_growth_yearly": 102.65
        },
        "20174": {
            "year_quarter": 20174,
            "year": 2017,
            "quarter": 4,
            "eps": 0.61,
            "eps_growth_year": -27.19,
            "eps_4q": 1.96,
            "eps_4q_growth_year": -21.65,
            "roe": 3.26,
            "roe_4q": 10.62,
            "gross_profit": 439777,
            "gross_margin": 8.98,
            "gross_margin_4q_avg": 8.27,
            "net_income": 124479,
            "net_income_4q": null,
            "revenue": 4898625,
            "revenue_4q": null,
            "common_shares": 1790452,
            "book_valuer_per_share": 19.61,
            "book_valuer_per_share_4q_avg": 19.3,
            "equity": 3880192,
            "current_ratio": 184.35,
            "debt_ratio": 53.19,
            "inventory_turnover_ratio": 1.82,
            "account_receivable_turnover_ratio": 1.52,
            "reinvestment_rate": 0.72,
            "research_to_sale_ratio": 0.49,
            "price_fair": 97.65,
            "eps_avg_yearly": 2.79,
            "eps_latest_yearly": 2.44,
            "eps_growth_yearly": 103.23
        },
        "20181": {
            "year_quarter": 20181,
            "year": 2018,
            "quarter": 1,
            "eps": 0.46,
            "eps_growth_year": 318.18,
            "eps_4q": 2.31,
            "eps_4q_growth_year": 17.8,
            "roe": 2.49,
            "roe_4q": 12.45,
            "gross_profit": 378230,
            "gross_margin": 8.29,
            "gross_margin_4q_avg": 8.49,
            "net_income": 97786,
            "net_income_4q": null,
            "revenue": 4560308,
            "revenue_4q": null,
            "common_shares": 1790452,
            "book_valuer_per_share": 20.06,
            "book_valuer_per_share_4q_avg": 19.26,
            "equity": 3962436,
            "current_ratio": 188.22,
            "debt_ratio": 52.02,
            "inventory_turnover_ratio": 1.65,
            "account_receivable_turnover_ratio": 1.32,
            "reinvestment_rate": 0.02,
            "research_to_sale_ratio": 0.44,
            "price_fair": 93.1,
            "eps_avg_yearly": 2.66,
            "eps_latest_yearly": 1.84,
            "eps_growth_yearly": 84.39
        },
        "20182": {
            "year_quarter": 20182,
            "year": 2018,
            "quarter": 2,
            "eps": 0.98,
            "eps_growth_year": 92.16,
            "eps_4q": 2.78,
            "eps_4q_growth_year": 42.51,
            "roe": 4.84,
            "roe_4q": 14.61,
            "gross_profit": 456528,
            "gross_margin": 9.12,
            "gross_margin_4q_avg": 8.79,
            "net_income": 187266,
            "net_income_4q": null,
            "revenue": 5005893,
            "revenue_4q": null,
            "common_shares": 1790452,
            "book_valuer_per_share": 19.25,
            "book_valuer_per_share_4q_avg": 19.48,
            "equity": 3774810,
            "current_ratio": 172.52,
            "debt_ratio": 56.9,
            "inventory_turnover_ratio": 1.66,
            "account_receivable_turnover_ratio": 1.32,
            "reinvestment_rate": -0.59,
            "research_to_sale_ratio": 0.56,
            "price_fair": 94.24,
            "eps_avg_yearly": 2.69,
            "eps_latest_yearly": 3.92,
            "eps_growth_yearly": 115.96
        },
        "20183": {
            "year_quarter": 20183,
            "year": 2018,
            "quarter": 3,
            "eps": 0.83,
            "eps_growth_year": 13.7,
            "eps_4q": 2.88,
            "eps_4q_growth_year": 31.46,
            "roe": 4.27,
            "roe_4q": 14.86,
            "gross_profit": 493815,
            "gross_margin": 9.16,
            "gross_margin_4q_avg": 8.89,
            "net_income": 163881,
            "net_income_4q": null,
            "revenue": 5391695,
            "revenue_4q": null,
            "common_shares": 1790452,
            "book_valuer_per_share": 19.98,
            "book_valuer_per_share_4q_avg": 19.73,
            "equity": 3908035,
            "current_ratio": 175.08,
            "debt_ratio": 55.7,
            "inventory_turnover_ratio": 1.76,
            "account_receivable_turnover_ratio": 1.34,
            "reinvestment_rate": -1.11,
            "research_to_sale_ratio": 0.23,
            "price_fair": 93.8,
            "eps_avg_yearly": 2.68,
            "eps_latest_yearly": 3.32,
            "eps_growth_yearly": 111.25
        },
        "20184": {
            "year_quarter": 20184,
            "year": 2018,
            "quarter": 4,
            "eps": 0.65,
            "eps_growth_year": 6.53,
            "eps_4q": 2.92,
            "eps_4q_growth_year": 48.64,
            "roe": 3.44,
            "roe_4q": 15.04,
            "gross_profit": 454171,
            "gross_margin": 9.55,
            "gross_margin_4q_avg": 9.03,
            "net_income": 136810,
            "net_income_4q": null,
            "revenue": 4754340,
            "revenue_4q": null,
            "common_shares": 1790452,
            "book_valuer_per_share": 20.62,
            "book_valuer_per_share_4q_avg": 19.98,
            "equity": 4041266,
            "current_ratio": 176.94,
            "debt_ratio": 54.01,
            "inventory_turnover_ratio": 1.55,
            "account_receivable_turnover_ratio": 1.25,
            "reinvestment_rate": -1.55,
            "research_to_sale_ratio": 0.49,
            "price_fair": 92.75,
            "eps_avg_yearly": 2.65,
            "eps_latest_yearly": 2.6,
            "eps_growth_yearly": 108.96
        },
        "20191": {
            "year_quarter": 20191,
            "year": 2019,
            "quarter": 1,
            "eps": 0.63,
            "eps_growth_year": 36.96,
            "eps_4q": 3.09,
            "eps_4q_growth_year": 33.63,
            "roe": 3.23,
            "roe_4q": 15.78,
            "gross_profit": 407497,
            "gross_margin": 8.44,
            "gross_margin_4q_avg": 9.07,
            "net_income": 132619,
            "net_income_4q": null,
            "revenue": 4825822,
            "revenue_4q": null,
            "common_shares": 1790452,
            "book_valuer_per_share": 21.25,
            "book_valuer_per_share_4q_avg": 20.28,
            "equity": 4175358,
            "current_ratio": 176.51,
            "debt_ratio": 55.82,
            "inventory_turnover_ratio": 1.42,
            "account_receivable_turnover_ratio": 1.33,
            "reinvestment_rate": -1.74,
            "research_to_sale_ratio": 0.44,
            "price_fair": 91.44,
            "eps_avg_yearly": 2.61,
            "eps_latest_yearly": 2.52,
            "eps_growth_yearly": 107.86
        },
        "20192": {
            "year_quarter": 20192,
            "year": 2019,
            "quarter": 2,
            "eps": 0.89,
            "eps_growth_year": -9.18,
            "eps_4q": 2.99,
            "eps_4q_growth_year": 7.76,
            "roe": 4.34,
            "roe_4q": 15.28,
            "gross_profit": 483531,
            "gross_margin": 8.13,
            "gross_margin_4q_avg": 8.82,
            "net_income": 173616,
            "net_income_4q": null,
            "revenue": 5948895,
            "revenue_4q": null,
            "common_shares": 1790452,
            "book_valuer_per_share": 19.51,
            "book_valuer_per_share_4q_avg": 20.34,
            "equity": 3818908,
            "current_ratio": 158.04,
            "debt_ratio": 62.14,
            "inventory_turnover_ratio": 1.71,
            "account_receivable_turnover_ratio": 1.44,
            "reinvestment_rate": -1.73,
            "research_to_sale_ratio": 0.31,
            "price_fair": 94.5,
            "eps_avg_yearly": 2.7,
            "eps_latest_yearly": 3.56,
            "eps_growth_yearly": 125.87
        },
        "20193": {
            "year_quarter": 20193,
            "year": 2019,
            "quarter": 3,
            "eps": 0.81,
            "eps_growth_year": -2.41,
            "eps_4q": 2.97,
            "eps_4q_growth_year": 3.44,
            "roe": 4.17,
            "roe_4q": 15.18,
            "gross_profit": 484332,
            "gross_margin": 8.03,
            "gross_margin_4q_avg": 8.54,
            "net_income": 162663,
            "net_income_4q": null,
            "revenue": 6031051,
            "revenue_4q": null,
            "common_shares": 1790452,
            "book_valuer_per_share": 20.29,
            "book_valuer_per_share_4q_avg": 20.42,
            "equity": 3976655,
            "current_ratio": 153.72,
            "debt_ratio": 63.5,
            "inventory_turnover_ratio": 1.81,
            "account_receivable_turnover_ratio": 1.29,
            "reinvestment_rate": -1.93,
            "research_to_sale_ratio": 0.39,
            "price_fair": 91.35,
            "eps_avg_yearly": 2.61,
            "eps_latest_yearly": 3.24,
            "eps_growth_yearly": 94.46
        },
        "20194": {
            "year_quarter": 20194,
            "year": 2019,
            "quarter": 4,
            "eps": 0.29,
            "eps_growth_year": -54.46,
            "eps_4q": 2.62,
            "eps_4q_growth_year": -10.02,
            "roe": 1.76,
            "roe_4q": 13.5,
            "gross_profit": 429489,
            "gross_margin": 7.14,
            "gross_margin_4q_avg": 7.94,
            "net_income": 70584,
            "net_income_4q": null,
            "revenue": 6018504,
            "revenue_4q": null,
            "common_shares": 1790452,
            "book_valuer_per_share": 20.54,
            "book_valuer_per_share_4q_avg": 20.4,
            "equity": 4038341,
            "current_ratio": 162.9,
            "debt_ratio": 59.71,
            "inventory_turnover_ratio": 1.93,
            "account_receivable_turnover_ratio": 1.26,
            "reinvestment_rate": -2.18,
            "research_to_sale_ratio": 0.39,
            "price_fair": 87.5,
            "eps_avg_yearly": 2.5,
            "eps_latest_yearly": 1.16,
            "eps_growth_yearly": 87.81
        },
        "20201": {
            "year_quarter": 20201,
            "year": 2020,
            "quarter": 1,
            "eps": 0.79,
            "eps_growth_year": 25.4,
            "eps_4q": 2.78,
            "eps_4q_growth_year": -9.97,
            "roe": 3.89,
            "roe_4q": 14.16,
            "gross_profit": 425811,
            "gross_margin": 7.64,
            "gross_margin_4q_avg": 7.74,
            "net_income": 160101,
            "net_income_4q": null,
            "revenue": 5573049,
            "revenue_4q": null,
            "common_shares": 1790452,
            "book_valuer_per_share": 21.31,
            "book_valuer_per_share_4q_avg": 20.41,
            "equity": 4195552,
            "current_ratio": 160.26,
            "debt_ratio": 60.04,
            "inventory_turnover_ratio": 1.83,
            "account_receivable_turnover_ratio": 1.2,
            "reinvestment_rate": -2.1,
            "research_to_sale_ratio": 0.37,
            "price_fair": 88.73,
            "eps_avg_yearly": 2.54,
            "eps_latest_yearly": 3.16,
            "eps_growth_yearly": 133.66
        },
        "20202": {
            "year_quarter": 20202,
            "year": 2020,
            "quarter": 2,
            "eps": 0.9,
            "eps_growth_year": 1.12,
            "eps_4q": 2.8,
            "eps_4q_growth_year": -6.65,
            "roe": 4.39,
            "roe_4q": 14.209999999999999,
            "gross_profit": 535683,
            "gross_margin": 8.08,
            "gross_margin_4q_avg": 7.72,
            "net_income": 179659,
            "net_income_4q": null,
            "revenue": 6633087,
            "revenue_4q": null,
            "common_shares": 1790452,
            "book_valuer_per_share": 20.37,
            "book_valuer_per_share_4q_avg": 20.63,
            "equity": 3991364,
            "current_ratio": 167.88,
            "debt_ratio": 65.67,
            "inventory_turnover_ratio": 2.12,
            "account_receivable_turnover_ratio": 1.33,
            "reinvestment_rate": -1.76,
            "research_to_sale_ratio": 0.37,
            "price_fair": 92.05,
            "eps_avg_yearly": 2.63,
            "eps_latest_yearly": 3.6,
            "eps_growth_yearly": 142.14
        },
        "20203": {
            "year_quarter": 20203,
            "year": 2020,
            "quarter": 3,
            "eps": 0.74,
            "eps_growth_year": -8.64,
            "eps_4q": 2.72,
            "eps_4q_growth_year": -8.58,
            "roe": 3.7,
            "roe_4q": 13.74,
            "gross_profit": 533862,
            "gross_margin": 7.25,
            "gross_margin_4q_avg": 7.53,
            "net_income": 150793,
            "net_income_4q": null,
            "revenue": 7361576,
            "revenue_4q": null,
            "common_shares": 1790452,
            "book_valuer_per_share": 21.15,
            "book_valuer_per_share_4q_avg": 20.84,
            "equity": 4153821,
            "current_ratio": 170.89,
            "debt_ratio": 64.81,
            "inventory_turnover_ratio": 2.52,
            "account_receivable_turnover_ratio": 1.28,
            "reinvestment_rate": -2.01,
            "research_to_sale_ratio": 0.3,
            "price_fair": 94.15,
            "eps_avg_yearly": 2.69,
            "eps_latest_yearly": 2.96,
            "eps_growth_yearly": 138.65
        },
        "20204": {
            "year_quarter": 20204,
            "year": 2020,
            "quarter": 4,
            "eps": 0.57,
            "eps_growth_year": 93.19,
            "eps_4q": 2.99,
            "eps_4q_growth_year": 14.08,
            "roe": 2.71,
            "roe_4q": 14.690000000000001,
            "gross_profit": 524402,
            "gross_margin": 7.34,
            "gross_margin_4q_avg": 7.58,
            "net_income": 114123,
            "net_income_4q": null,
            "revenue": 7143101,
            "revenue_4q": null,
            "common_shares": 1791260,
            "book_valuer_per_share": 21.7,
            "book_valuer_per_share_4q_avg": 21.13,
            "equity": 4263736,
            "current_ratio": 174.68,
            "debt_ratio": 64.6,
            "inventory_turnover_ratio": 2.69,
            "account_receivable_turnover_ratio": 1.23,
            "reinvestment_rate": -2.38,
            "research_to_sale_ratio": 0.29,
            "price_fair": 91.88,
            "eps_avg_yearly": 2.63,
            "eps_latest_yearly": 2.28,
            "eps_growth_yearly": 116.41
        },
        "20211": {
            "year_quarter": 20211,
            "year": 2021,
            "quarter": 1,
            "eps": 1.23,
            "eps_growth_year": 55.7,
            "eps_4q": 3.43,
            "eps_4q_growth_year": 23.56,
            "roe": 5.36,
            "roe_4q": 16.16,
            "gross_profit": 600281,
            "gross_margin": 7.65,
            "gross_margin_4q_avg": 7.58,
            "net_income": 235315,
            "net_income_4q": null,
            "revenue": 7844524,
            "revenue_4q": null,
            "common_shares": 1791260,
            "book_valuer_per_share": 23.05,
            "book_valuer_per_share_4q_avg": 21.57,
            "equity": 4523661,
            "current_ratio": 175.48,
            "debt_ratio": 64,
            "inventory_turnover_ratio": 3.28,
            "account_receivable_turnover_ratio": 1.37,
            "reinvestment_rate": -1.9,
            "research_to_sale_ratio": 0.26,
            "price_fair": 101.68,
            "eps_avg_yearly": 2.91,
            "eps_latest_yearly": 4.92,
            "eps_growth_yearly": 167.04
        },
        "20212": {
            "year_quarter": 20212,
            "year": 2021,
            "quarter": 2,
            "eps": 1.01,
            "eps_growth_year": 12.22,
            "eps_4q": 3.48,
            "eps_4q_growth_year": 24.39,
            "roe": 4.14,
            "roe_4q": 15.91,
            "gross_profit": 600708,
            "gross_margin": 7.51,
            "gross_margin_4q_avg": 7.44,
            "net_income": 192152,
            "net_income_4q": null,
            "revenue": 7997991,
            "revenue_4q": null,
            "common_shares": 1829444,
            "book_valuer_per_share": 24.2,
            "book_valuer_per_share_4q_avg": 22.53,
            "equity": 4764257,
            "current_ratio": 168.45,
            "debt_ratio": 65.16,
            "inventory_turnover_ratio": 3.34,
            "account_receivable_turnover_ratio": 1.31,
            "reinvestment_rate": -1.71,
            "research_to_sale_ratio": 0.28,
            "price_fair": 106.05,
            "eps_avg_yearly": 3.03,
            "eps_latest_yearly": 4.04,
            "eps_growth_yearly": 71.66
        },
        "20213": {
            "year_quarter": 20213,
            "year": 2021,
            "quarter": 3,
            "eps": 1.29,
            "eps_growth_year": 74.32,
            "eps_4q": 3.93,
            "eps_4q_growth_year": 44.36,
            "roe": 5.4,
            "roe_4q": 17.61,
            "gross_profit": 617986,
            "gross_margin": 7.34,
            "gross_margin_4q_avg": 7.46,
            "net_income": 257094,
            "net_income_4q": null,
            "revenue": 8418718,
            "revenue_4q": null,
            "common_shares": 1902377,
            "book_valuer_per_share": 23.12,
            "book_valuer_per_share_4q_avg": 23.02,
            "equity": 4748952,
            "current_ratio": 160.46,
            "debt_ratio": 66.64,
            "inventory_turnover_ratio": 3.02,
            "account_receivable_turnover_ratio": 1.28,
            "reinvestment_rate": -2.46,
            "research_to_sale_ratio": 0.25,
            "price_fair": 110.95,
            "eps_avg_yearly": 3.17,
            "eps_latest_yearly": 5.16,
            "eps_growth_yearly": 67.81
        },
        "20214": {
            "year_quarter": 20214,
            "year": 2021,
            "quarter": 4,
            "eps": 0.77,
            "eps_growth_year": 35.5,
            "eps_4q": 4.11,
            "eps_4q_growth_year": 37.18,
            "roe": 3.37,
            "roe_4q": 18.27,
            "gross_profit": 548063,
            "gross_margin": 6.68,
            "gross_margin_4q_avg": 7.3,
            "net_income": 164343,
            "net_income_4q": null,
            "revenue": 8207820,
            "revenue_4q": null,
            "common_shares": 1934141,
            "book_valuer_per_share": 23.99,
            "book_valuer_per_share_4q_avg": 23.59,
            "equity": 5005671,
            "current_ratio": 156.19,
            "debt_ratio": 67.1,
            "inventory_turnover_ratio": 2.43,
            "account_receivable_turnover_ratio": 1.19,
            "reinvestment_rate": -2.7,
            "research_to_sale_ratio": 0.08,
            "price_fair": 112.35,
            "eps_avg_yearly": 3.21,
            "eps_latest_yearly": 3.08,
            "eps_growth_yearly": 61.84
        },
        "20221": {
            "year_quarter": 20221,
            "year": 2022,
            "quarter": 1,
            "eps": 1.56,
            "eps_growth_year": 26.83,
            "eps_4q": 4.43,
            "eps_4q_growth_year": 29.07,
            "roe": 6.16,
            "roe_4q": 19.07,
            "gross_profit": 662035,
            "gross_margin": 7.82,
            "gross_margin_4q_avg": 7.34,
            "net_income": 322376,
            "net_income_4q": null,
            "revenue": 8467662,
            "revenue_4q": null,
            "common_shares": 1979664,
            "book_valuer_per_share": 25.67,
            "book_valuer_per_share_4q_avg": 24.25,
            "equity": 5469040,
            "current_ratio": 158.65,
            "debt_ratio": 65.32,
            "inventory_turnover_ratio": 2.21,
            "account_receivable_turnover_ratio": 1.18,
            "reinvestment_rate": -2.13,
            "research_to_sale_ratio": 0.22,
            "price_fair": 121.98,
            "eps_avg_yearly": 3.49,
            "eps_latest_yearly": 6.24,
            "eps_growth_yearly": 93.64
        },
        "20222": {
            "year_quarter": 20222,
            "year": 2022,
            "quarter": 2,
            "eps": 1.26,
            "eps_growth_year": 24.75,
            "eps_4q": 4.71,
            "eps_4q_growth_year": 35.57,
            "roe": 5.01,
            "roe_4q": 19.939999999999998,
            "gross_profit": 567267,
            "gross_margin": 7.34,
            "gross_margin_4q_avg": 7.3,
            "net_income": 262423,
            "net_income_4q": null,
            "revenue": 7723232,
            "revenue_4q": null,
            "common_shares": 2004067,
            "book_valuer_per_share": 23.29,
            "book_valuer_per_share_4q_avg": 24.02,
            "equity": 5016452,
            "current_ratio": 143.17,
            "debt_ratio": 68.8,
            "inventory_turnover_ratio": 1.88,
            "account_receivable_turnover_ratio": 1.1,
            "reinvestment_rate": -2.02,
            "research_to_sale_ratio": 0.28,
            "price_fair": 124.43,
            "eps_avg_yearly": 3.56,
            "eps_latest_yearly": 5.04,
            "eps_growth_yearly": 60.57
        },
        "20223": {
            "year_quarter": 20223,
            "year": 2022,
            "quarter": 3,
            "eps": 0.97,
            "eps_growth_year": -24.81,
            "eps_4q": 4.35,
            "eps_4q_growth_year": 10.71,
            "roe": 4.18,
            "roe_4q": 18.72,
            "gross_profit": 431992,
            "gross_margin": 7.25,
            "gross_margin_4q_avg": 7.27,
            "net_income": 218208,
            "net_income_4q": null,
            "revenue": 5960381,
            "revenue_4q": null,
            "common_shares": 2070516,
            "book_valuer_per_share": 24.38,
            "book_valuer_per_share_4q_avg": 24.33,
            "equity": 5417239,
            "current_ratio": 152.14,
            "debt_ratio": 65.02,
            "inventory_turnover_ratio": 1.27,
            "account_receivable_turnover_ratio": 0.96,
            "reinvestment_rate": -1.74,
            "research_to_sale_ratio": 0.41,
            "price_fair": 125.65,
            "eps_avg_yearly": 3.59,
            "eps_latest_yearly": 3.88,
            "eps_growth_yearly": 58.64
        },
        "20224": {
            "year_quarter": 20224,
            "year": 2022,
            "quarter": 4,
            "eps": 0.33,
            "eps_growth_year": -56.92,
            "eps_4q": 3.93,
            "eps_4q_growth_year": -4.29,
            "roe": 1.52,
            "roe_4q": 16.869999999999997,
            "gross_profit": 519243,
            "gross_margin": 8.77,
            "gross_margin_4q_avg": 7.8,
            "net_income": 82900,
            "net_income_4q": null,
            "revenue": 5921930,
            "revenue_4q": null,
            "common_shares": 2087964,
            "book_valuer_per_share": 24.65,
            "book_valuer_per_share_4q_avg": 24.5,
            "equity": 5525101,
            "current_ratio": 159.54,
            "debt_ratio": 61.7,
            "inventory_turnover_ratio": 1.27,
            "account_receivable_turnover_ratio": 1.15,
            "reinvestment_rate": -0.94,
            "research_to_sale_ratio": 0.29,
            "price_fair": 122.85,
            "eps_avg_yearly": 3.51,
            "eps_latest_yearly": 1.32,
            "eps_growth_yearly": 47.57
        },
        "20231": {
            "year_quarter": 20231,
            "year": 2023,
            "quarter": 1,
            "eps": 0.8,
            "eps_growth_year": -48.72,
            "eps_4q": 3.23,
            "eps_4q_growth_year": -27.15,
            "roe": 3.3,
            "roe_4q": 14.01,
            "gross_profit": 532877,
            "gross_margin": 7.7,
            "gross_margin_4q_avg": 7.77,
            "net_income": 187207,
            "net_income_4q": null,
            "revenue": 6920801,
            "revenue_4q": null,
            "common_shares": 2121552,
            "book_valuer_per_share": 25.48,
            "book_valuer_per_share_4q_avg": 24.45,
            "equity": 5803659,
            "current_ratio": 161.01,
            "debt_ratio": 60.84,
            "inventory_turnover_ratio": 1.72,
            "account_receivable_turnover_ratio": 1.39,
            "reinvestment_rate": -0.6,
            "research_to_sale_ratio": 0.35,
            "price_fair": 124.34,
            "eps_avg_yearly": 3.55,
            "eps_latest_yearly": 3.2,
            "eps_growth_yearly": 83.95
        },
        "20232": {
            "year_quarter": 20232,
            "year": 2023,
            "quarter": 2,
            "eps": 1.14,
            "eps_growth_year": -9.52,
            "eps_4q": 3.18,
            "eps_4q_growth_year": -32.52,
            "roe": 4.74,
            "roe_4q": 13.739999999999998,
            "gross_profit": 593154,
            "gross_margin": 8.8,
            "gross_margin_4q_avg": 8.13,
            "net_income": 263449,
            "net_income_4q": null,
            "revenue": 6739413,
            "revenue_4q": null,
            "common_shares": 2124314,
            "book_valuer_per_share": 23.31,
            "book_valuer_per_share_4q_avg": 24.46,
            "equity": 5319468,
            "current_ratio": 147.56,
            "debt_ratio": 65.1,
            "inventory_turnover_ratio": 1.73,
            "account_receivable_turnover_ratio": 1.26,
            "reinvestment_rate": -0.53,
            "research_to_sale_ratio": 0.37,
            "price_fair": 126.53,
            "eps_avg_yearly": 3.62,
            "eps_latest_yearly": 4.56,
            "eps_growth_yearly": 84.25
        },
        "20233": {
            "year_quarter": 20233,
            "year": 2023,
            "quarter": 3,
            "eps": 1.9,
            "eps_growth_year": 95.88,
            "eps_4q": 4.15,
            "eps_4q_growth_year": -4.44,
            "roe": 7.88,
            "roe_4q": 17.44,
            "gross_profit": 804672,
            "gross_margin": 9.62,
            "gross_margin_4q_avg": 8.72,
            "net_income": 436071,
            "net_income_4q": null,
            "revenue": 8363732,
            "revenue_4q": null,
            "common_shares": 2124314,
            "book_valuer_per_share": 25.16,
            "book_valuer_per_share_4q_avg": 24.65,
            "equity": 5742335,
            "current_ratio": 148.29,
            "debt_ratio": 64.78,
            "inventory_turnover_ratio": 2.2,
            "account_receivable_turnover_ratio": 1.33,
            "reinvestment_rate": -0.5,
            "research_to_sale_ratio": 0.32,
            "price_fair": 136.06,
            "eps_avg_yearly": 3.89,
            "eps_latest_yearly": 7.6,
            "eps_growth_yearly": 103.17
        }
    },
    "months": {
        "2002-09": {
            "month": "2002-09",
            "price": "43.97",
            "revenue": 438008
        },
        "2002-10": {
            "month": "2002-10",
            "price": "42.60",
            "revenue": 475003
        },
        "2002-11": {
            "month": "2002-11",
            "price": "45.74",
            "revenue": 463718
        },
        "2002-12": {
            "month": "2002-12",
            "price": "42.25",
            "revenue": 504915
        },
        "2003-01": {
            "month": "2003-01",
            "price": "40.63",
            "revenue": 530184
        },
        "2003-02": {
            "month": "2003-02",
            "price": "40.15",
            "revenue": 576038
        },
        "2003-03": {
            "month": "2003-03",
            "price": "39.43",
            "revenue": 643825
        },
        "2003-04": {
            "month": "2003-04",
            "price": "43.23",
            "revenue": 678298
        },
        "2003-05": {
            "month": "2003-05",
            "price": "43.76",
            "revenue": 697921
        },
        "2003-06": {
            "month": "2003-06",
            "price": "49.58",
            "revenue": 662522
        },
        "2003-07": {
            "month": "2003-07",
            "price": "49.83",
            "revenue": 796957
        },
        "2003-08": {
            "month": "2003-08",
            "price": "53.00",
            "revenue": 831469
        },
        "2003-09": {
            "month": "2003-09",
            "price": "50.08",
            "revenue": 934655
        },
        "2003-10": {
            "month": "2003-10",
            "price": "49.84",
            "revenue": 1273253
        },
        "2003-11": {
            "month": "2003-11",
            "price": "52.35",
            "revenue": 1255551
        },
        "2003-12": {
            "month": "2003-12",
            "price": "55.13",
            "revenue": 1385819
        },
        "2004-01": {
            "month": "2004-01",
            "price": "56.30",
            "revenue": 1095108
        },
        "2004-02": {
            "month": "2004-02",
            "price": "60.50",
            "revenue": 1241458
        },
        "2004-03": {
            "month": "2004-03",
            "price": "59.61",
            "revenue": 1322059
        },
        "2004-04": {
            "month": "2004-04",
            "price": "61.82",
            "revenue": 1354318
        },
        "2004-05": {
            "month": "2004-05",
            "price": "56.50",
            "revenue": 1379282
        },
        "2004-06": {
            "month": "2004-06",
            "price": "52.50",
            "revenue": 1472983
        },
        "2004-07": {
            "month": "2004-07",
            "price": "49.50",
            "revenue": 1393152
        },
        "2004-08": {
            "month": "2004-08",
            "price": "46.04",
            "revenue": 1305918
        },
        "2004-09": {
            "month": "2004-09",
            "price": "40.65",
            "revenue": 1471059
        },
        "2004-10": {
            "month": "2004-10",
            "price": "37.43",
            "revenue": 1504634
        },
        "2004-11": {
            "month": "2004-11",
            "price": "34.36",
            "revenue": 1538283
        },
        "2004-12": {
            "month": "2004-12",
            "price": "34.00",
            "revenue": 1415503
        },
        "2005-01": {
            "month": "2005-01",
            "price": "33.33",
            "revenue": 1264180
        },
        "2005-02": {
            "month": "2005-02",
            "price": "37.33",
            "revenue": 1021990
        },
        "2005-03": {
            "month": "2005-03",
            "price": "38.85",
            "revenue": 1308646
        },
        "2005-04": {
            "month": "2005-04",
            "price": "38.30",
            "revenue": 1349571
        },
        "2005-05": {
            "month": "2005-05",
            "price": "37.73",
            "revenue": 1420666
        },
        "2005-06": {
            "month": "2005-06",
            "price": "38.44",
            "revenue": 1431699
        },
        "2005-07": {
            "month": "2005-07",
            "price": "41.97",
            "revenue": 1654860
        },
        "2005-08": {
            "month": "2005-08",
            "price": "38.52",
            "revenue": 1778969
        },
        "2005-09": {
            "month": "2005-09",
            "price": "36.65",
            "revenue": 2089130
        },
        "2005-10": {
            "month": "2005-10",
            "price": "34.41",
            "revenue": 2476149
        },
        "2005-11": {
            "month": "2005-11",
            "price": "35.35",
            "revenue": 2583854
        },
        "2005-12": {
            "month": "2005-12",
            "price": "38.18",
            "revenue": 2547707
        },
        "2006-01": {
            "month": "2006-01",
            "price": "40.22",
            "revenue": 2159376
        },
        "2006-02": {
            "month": "2006-02",
            "price": "38.23",
            "revenue": 1532440
        },
        "2006-03": {
            "month": "2006-03",
            "price": "36.09",
            "revenue": 2072890
        },
        "2006-04": {
            "month": "2006-04",
            "price": "37.25",
            "revenue": 1832195
        },
        "2006-05": {
            "month": "2006-05",
            "price": "36.24",
            "revenue": 1822523
        },
        "2006-06": {
            "month": "2006-06",
            "price": "33.32",
            "revenue": 1770313
        },
        "2006-07": {
            "month": "2006-07",
            "price": "33.77",
            "revenue": 1681987
        },
        "2006-08": {
            "month": "2006-08",
            "price": "33.64",
            "revenue": 1961538
        },
        "2006-09": {
            "month": "2006-09",
            "price": "28.44",
            "revenue": 2242786
        },
        "2006-10": {
            "month": "2006-10",
            "price": "28.43",
            "revenue": 2562352
        },
        "2006-11": {
            "month": "2006-11",
            "price": "29.96",
            "revenue": 2538886
        },
        "2006-12": {
            "month": "2006-12",
            "price": "30.40",
            "revenue": 2301931
        },
        "2007-01": {
            "month": "2007-01",
            "price": "30.97",
            "revenue": 2321973
        },
        "2007-02": {
            "month": "2007-02",
            "price": "30.49",
            "revenue": 1336951
        },
        "2007-03": {
            "month": "2007-03",
            "price": "32.39",
            "revenue": 2161475
        },
        "2007-04": {
            "month": "2007-04",
            "price": "36.15",
            "revenue": 1891425
        },
        "2007-05": {
            "month": "2007-05",
            "price": "41.20",
            "revenue": 1791700
        },
        "2007-06": {
            "month": "2007-06",
            "price": "43.36",
            "revenue": 1931928
        },
        "2007-07": {
            "month": "2007-07",
            "price": "45.72",
            "revenue": 2001579
        },
        "2007-08": {
            "month": "2007-08",
            "price": "39.61",
            "revenue": 2210842
        },
        "2007-09": {
            "month": "2007-09",
            "price": "38.93",
            "revenue": 2243622
        },
        "2007-10": {
            "month": "2007-10",
            "price": "39.49",
            "revenue": 2215703
        },
        "2007-11": {
            "month": "2007-11",
            "price": "34.61",
            "revenue": 2247860
        },
        "2007-12": {
            "month": "2007-12",
            "price": "32.04",
            "revenue": 2151227
        },
        "2008-01": {
            "month": "2008-01",
            "price": "29.31",
            "revenue": 2075907
        },
        "2008-02": {
            "month": "2008-02",
            "price": "29.43",
            "revenue": 1434316
        },
        "2008-03": {
            "month": "2008-03",
            "price": "30.06",
            "revenue": 2071209
        },
        "2008-04": {
            "month": "2008-04",
            "price": "31.78",
            "revenue": 1947692
        },
        "2008-05": {
            "month": "2008-05",
            "price": "30.57",
            "revenue": 1819210
        },
        "2008-06": {
            "month": "2008-06",
            "price": "27.88",
            "revenue": 1838275
        },
        "2008-07": {
            "month": "2008-07",
            "price": "23.87",
            "revenue": 1759047
        },
        "2008-08": {
            "month": "2008-08",
            "price": "19.78",
            "revenue": 1719585
        },
        "2008-09": {
            "month": "2008-09",
            "price": "15.40",
            "revenue": 1874058
        },
        "2008-10": {
            "month": "2008-10",
            "price": "12.94",
            "revenue": 1524915
        },
        "2008-11": {
            "month": "2008-11",
            "price": "10.32",
            "revenue": 1014953
        },
        "2008-12": {
            "month": "2008-12",
            "price": "9.77",
            "revenue": 1018086
        },
        "2009-01": {
            "month": "2009-01",
            "price": "9.85",
            "revenue": 648054
        },
        "2009-02": {
            "month": "2009-02",
            "price": "10.03",
            "revenue": 1133759
        },
        "2009-03": {
            "month": "2009-03",
            "price": "12.50",
            "revenue": 1200271
        },
        "2009-04": {
            "month": "2009-04",
            "price": "16.82",
            "revenue": 1321730
        },
        "2009-05": {
            "month": "2009-05",
            "price": "18.19",
            "revenue": 1187100
        },
        "2009-06": {
            "month": "2009-06",
            "price": "18.29",
            "revenue": 1414715
        },
        "2009-07": {
            "month": "2009-07",
            "price": "17.03",
            "revenue": 1515460
        },
        "2009-08": {
            "month": "2009-08",
            "price": "17.97",
            "revenue": 1673924
        },
        "2009-09": {
            "month": "2009-09",
            "price": "18.54",
            "revenue": 1778484
        },
        "2009-10": {
            "month": "2009-10",
            "price": "21.29",
            "revenue": 1502129
        },
        "2009-11": {
            "month": "2009-11",
            "price": "20.97",
            "revenue": 1441866
        },
        "2009-12": {
            "month": "2009-12",
            "price": "22.14",
            "revenue": 1867761
        },
        "2010-01": {
            "month": "2010-01",
            "price": "24.32",
            "revenue": 1526913
        },
        "2010-02": {
            "month": "2010-02",
            "price": "23.05",
            "revenue": 1276126
        },
        "2010-03": {
            "month": "2010-03",
            "price": "24.20",
            "revenue": 1638849
        },
        "2010-04": {
            "month": "2010-04",
            "price": "26.07",
            "revenue": 1793863
        },
        "2010-05": {
            "month": "2010-05",
            "price": "25.58",
            "revenue": 1671909
        },
        "2010-06": {
            "month": "2010-06",
            "price": "25.45",
            "revenue": 1576044
        },
        "2010-07": {
            "month": "2010-07",
            "price": "24.25",
            "revenue": 1719083
        },
        "2010-08": {
            "month": "2010-08",
            "price": "24.33",
            "revenue": 1708066
        },
        "2010-09": {
            "month": "2010-09",
            "price": "24.20",
            "revenue": 1705058
        },
        "2010-10": {
            "month": "2010-10",
            "price": "24.30",
            "revenue": 1363687
        },
        "2010-11": {
            "month": "2010-11",
            "price": "23.72",
            "revenue": 1452006
        },
        "2010-12": {
            "month": "2010-12",
            "price": "23.87",
            "revenue": 1594598
        },
        "2011-01": {
            "month": "2011-01",
            "price": "23.61",
            "revenue": 1506853
        },
        "2011-02": {
            "month": "2011-02",
            "price": "23.14",
            "revenue": 1071307
        },
        "2011-03": {
            "month": "2011-03",
            "price": "21.88",
            "revenue": 1763167
        },
        "2011-04": {
            "month": "2011-04",
            "price": "22.51",
            "revenue": 1552646
        },
        "2011-05": {
            "month": "2011-05",
            "price": "22.76",
            "revenue": 1509692
        },
        "2011-06": {
            "month": "2011-06",
            "price": "22.59",
            "revenue": 1547800
        },
        "2011-07": {
            "month": "2011-07",
            "price": "20.35",
            "revenue": 1439786
        },
        "2011-08": {
            "month": "2011-08",
            "price": "17.68",
            "revenue": 1473095
        },
        "2011-09": {
            "month": "2011-09",
            "price": "17.26",
            "revenue": 1627865
        },
        "2011-10": {
            "month": "2011-10",
            "price": "17.64",
            "revenue": 1427376
        },
        "2011-11": {
            "month": "2011-11",
            "price": "18.15",
            "revenue": 1457735
        },
        "2011-12": {
            "month": "2011-12",
            "price": "17.92",
            "revenue": 1519270
        },
        "2012-01": {
            "month": "2012-01",
            "price": "18.53",
            "revenue": 1090356
        },
        "2012-02": {
            "month": "2012-02",
            "price": "21.72",
            "revenue": 1368217
        },
        "2012-03": {
            "month": "2012-03",
            "price": "23.59",
            "revenue": 1705314
        },
        "2012-04": {
            "month": "2012-04",
            "price": "23.96",
            "revenue": 1665894
        },
        "2012-05": {
            "month": "2012-05",
            "price": "23.92",
            "revenue": 1695916
        },
        "2012-06": {
            "month": "2012-06",
            "price": "23.76",
            "revenue": 1503588
        },
        "2012-07": {
            "month": "2012-07",
            "price": "23.75",
            "revenue": 1688683
        },
        "2012-08": {
            "month": "2012-08",
            "price": "23.12",
            "revenue": 1700073
        },
        "2012-09": {
            "month": "2012-09",
            "price": "23.80",
            "revenue": 1796730
        },
        "2012-10": {
            "month": "2012-10",
            "price": "23.32",
            "revenue": 1542287
        },
        "2012-11": {
            "month": "2012-11",
            "price": "23.45",
            "revenue": 1539630
        },
        "2012-12": {
            "month": "2012-12",
            "price": "23.90",
            "revenue": 1449310
        },
        "2013-01": {
            "month": "2013-01",
            "price": "24.30",
            "revenue": 1725984
        },
        "2013-02": {
            "month": "2013-02",
            "price": "25.40",
            "revenue": 1285766
        },
        "2013-03": {
            "month": "2013-03",
            "price": "26.34",
            "revenue": 1863540
        },
        "2013-04": {
            "month": "2013-04",
            "price": "26.76",
            "revenue": 1666994
        },
        "2013-05": {
            "month": "2013-05",
            "price": "28.05",
            "revenue": 1636354
        },
        "2013-06": {
            "month": "2013-06",
            "price": "28.82",
            "revenue": 1471442
        },
        "2013-07": {
            "month": "2013-07",
            "price": "27.14",
            "revenue": 1659123
        },
        "2013-08": {
            "month": "2013-08",
            "price": "28.86",
            "revenue": 1629138
        },
        "2013-09": {
            "month": "2013-09",
            "price": "29.66",
            "revenue": 1823913
        },
        "2013-10": {
            "month": "2013-10",
            "price": "29.93",
            "revenue": 1797945
        },
        "2013-11": {
            "month": "2013-11",
            "price": "30.76",
            "revenue": 1717442
        },
        "2013-12": {
            "month": "2013-12",
            "price": "32.40",
            "revenue": 1783019
        },
        "2014-01": {
            "month": "2014-01",
            "price": "33.68",
            "revenue": 1566892
        },
        "2014-02": {
            "month": "2014-02",
            "price": "32.80",
            "revenue": 1318591
        },
        "2014-03": {
            "month": "2014-03",
            "price": "33.12",
            "revenue": 1665454
        },
        "2014-04": {
            "month": "2014-04",
            "price": "35.70",
            "revenue": 1740818
        },
        "2014-05": {
            "month": "2014-05",
            "price": "37.64",
            "revenue": 1787198
        },
        "2014-06": {
            "month": "2014-06",
            "price": "39.46",
            "revenue": 1687396
        },
        "2014-07": {
            "month": "2014-07",
            "price": "36.62",
            "revenue": 1783075
        },
        "2014-08": {
            "month": "2014-08",
            "price": "36.86",
            "revenue": 1760690
        },
        "2014-09": {
            "month": "2014-09",
            "price": "37.06",
            "revenue": 1817973
        },
        "2014-10": {
            "month": "2014-10",
            "price": "35.35",
            "revenue": 1782403
        },
        "2014-11": {
            "month": "2014-11",
            "price": "35.31",
            "revenue": 1816922
        },
        "2014-12": {
            "month": "2014-12",
            "price": "35.91",
            "revenue": 1717655
        },
        "2015-01": {
            "month": "2015-01",
            "price": "36.26",
            "revenue": 1671209
        },
        "2015-02": {
            "month": "2015-02",
            "price": "37.42",
            "revenue": 1052174
        },
        "2015-03": {
            "month": "2015-03",
            "price": "38.41",
            "revenue": 1522105
        },
        "2015-04": {
            "month": "2015-04",
            "price": "38.94",
            "revenue": 1448419
        },
        "2015-05": {
            "month": "2015-05",
            "price": "37.85",
            "revenue": 1449371
        },
        "2015-06": {
            "month": "2015-06",
            "price": "36.20",
            "revenue": 1384297
        },
        "2015-07": {
            "month": "2015-07",
            "price": "31.32",
            "revenue": 1416851
        },
        "2015-08": {
            "month": "2015-08",
            "price": "27.17",
            "revenue": 1494530
        },
        "2015-09": {
            "month": "2015-09",
            "price": "27.39",
            "revenue": 1568376
        },
        "2015-10": {
            "month": "2015-10",
            "price": "28.17",
            "revenue": 1483075
        },
        "2015-11": {
            "month": "2015-11",
            "price": "29.92",
            "revenue": 1498109
        },
        "2015-12": {
            "month": "2015-12",
            "price": "29.67",
            "revenue": 1681891
        },
        "2016-01": {
            "month": "2016-01",
            "price": "29.70",
            "revenue": 1579514
        },
        "2016-02": {
            "month": "2016-02",
            "price": "33.27",
            "revenue": 983706
        },
        "2016-03": {
            "month": "2016-03",
            "price": "34.60",
            "revenue": 1500167
        },
        "2016-04": {
            "month": "2016-04",
            "price": "34.59",
            "revenue": 1672425
        },
        "2016-05": {
            "month": "2016-05",
            "price": "33.78",
            "revenue": 1586387
        },
        "2016-06": {
            "month": "2016-06",
            "price": "34.17",
            "revenue": 1569603
        },
        "2016-07": {
            "month": "2016-07",
            "price": "34.32",
            "revenue": 1662397
        },
        "2016-08": {
            "month": "2016-08",
            "price": "31.76",
            "revenue": 1704281
        },
        "2016-09": {
            "month": "2016-09",
            "price": "31.91",
            "revenue": 1684025
        },
        "2016-10": {
            "month": "2016-10",
            "price": "31.88",
            "revenue": 1610025
        },
        "2016-11": {
            "month": "2016-11",
            "price": "30.67",
            "revenue": 1672315
        },
        "2016-12": {
            "month": "2016-12",
            "price": "30.27",
            "revenue": 1597577
        },
        "2017-01": {
            "month": "2017-01",
            "price": "30.67",
            "revenue": 1499609
        },
        "2017-02": {
            "month": "2017-02",
            "price": "31.42",
            "revenue": 1156644
        },
        "2017-03": {
            "month": "2017-03",
            "price": "32.53",
            "revenue": 1633258
        },
        "2017-04": {
            "month": "2017-04",
            "price": "31.93",
            "revenue": 1454717
        },
        "2017-05": {
            "month": "2017-05",
            "price": "31.27",
            "revenue": 1401618
        },
        "2017-06": {
            "month": "2017-06",
            "price": "30.75",
            "revenue": 1469388
        },
        "2017-07": {
            "month": "2017-07",
            "price": "30.00",
            "revenue": 1518716
        },
        "2017-08": {
            "month": "2017-08",
            "price": "28.10",
            "revenue": 1673763
        },
        "2017-09": {
            "month": "2017-09",
            "price": "28.29",
            "revenue": 1779269
        },
        "2017-10": {
            "month": "2017-10",
            "price": "27.91",
            "revenue": 1574220
        },
        "2017-11": {
            "month": "2017-11",
            "price": "27.78",
            "revenue": 1704001
        },
        "2017-12": {
            "month": "2017-12",
            "price": "27.94",
            "revenue": 1578535
        },
        "2018-01": {
            "month": "2018-01",
            "price": "28.76",
            "revenue": 1785044
        },
        "2018-02": {
            "month": "2018-02",
            "price": "28.62",
            "revenue": 1048123
        },
        "2018-03": {
            "month": "2018-03",
            "price": "28.61",
            "revenue": 1726666
        },
        "2018-04": {
            "month": "2018-04",
            "price": "28.58",
            "revenue": 1532529
        },
        "2018-05": {
            "month": "2018-05",
            "price": "28.44",
            "revenue": 1817735
        },
        "2018-06": {
            "month": "2018-06",
            "price": "28.71",
            "revenue": 1655975
        },
        "2018-07": {
            "month": "2018-07",
            "price": "27.99",
            "revenue": 1758104
        },
        "2018-08": {
            "month": "2018-08",
            "price": "28.14",
            "revenue": 1852656
        },
        "2018-09": {
            "month": "2018-09",
            "price": "28.56",
            "revenue": 1780898
        },
        "2018-10": {
            "month": "2018-10",
            "price": "27.80",
            "revenue": 1624661
        },
        "2018-11": {
            "month": "2018-11",
            "price": "28.17",
            "revenue": 1673068
        },
        "2018-12": {
            "month": "2018-12",
            "price": "28.46",
            "revenue": 1466806
        },
        "2019-01": {
            "month": "2019-01",
            "price": "28.48",
            "revenue": 1827410
        },
        "2019-02": {
            "month": "2019-02",
            "price": "29.40",
            "revenue": 1219990
        },
        "2019-03": {
            "month": "2019-03",
            "price": "31.00",
            "revenue": 1778894
        },
        "2019-04": {
            "month": "2019-04",
            "price": "32.38",
            "revenue": 1931011
        },
        "2019-05": {
            "month": "2019-05",
            "price": "32.86",
            "revenue": 2064187
        },
        "2019-06": {
            "month": "2019-06",
            "price": "33.73",
            "revenue": 1954564
        },
        "2019-07": {
            "month": "2019-07",
            "price": "34.11",
            "revenue": 2046252
        },
        "2019-08": {
            "month": "2019-08",
            "price": "32.77",
            "revenue": 2067882
        },
        "2019-09": {
            "month": "2019-09",
            "price": "34.00",
            "revenue": 1915769
        },
        "2019-10": {
            "month": "2019-10",
            "price": "33.99",
            "revenue": 2065758
        },
        "2019-11": {
            "month": "2019-11",
            "price": "34.44",
            "revenue": 1993245
        },
        "2019-12": {
            "month": "2019-12",
            "price": "34.77",
            "revenue": 1967200
        },
        "2020-01": {
            "month": "2020-01",
            "price": "34.73",
            "revenue": 1726060
        },
        "2020-02": {
            "month": "2020-02",
            "price": "34.15",
            "revenue": 1344644
        },
        "2020-03": {
            "month": "2020-03",
            "price": "30.83",
            "revenue": 2505741
        },
        "2020-04": {
            "month": "2020-04",
            "price": "31.80",
            "revenue": 2651782
        },
        "2020-05": {
            "month": "2020-05",
            "price": "33.87",
            "revenue": 1956138
        },
        "2020-06": {
            "month": "2020-06",
            "price": "34.36",
            "revenue": 2021512
        },
        "2020-07": {
            "month": "2020-07",
            "price": "34.41",
            "revenue": 2292559
        },
        "2020-08": {
            "month": "2020-08",
            "price": "33.07",
            "revenue": 2338681
        },
        "2020-09": {
            "month": "2020-09",
            "price": "33.39",
            "revenue": 2720888
        },
        "2020-10": {
            "month": "2020-10",
            "price": "34.92",
            "revenue": 2283815
        },
        "2020-11": {
            "month": "2020-11",
            "price": "35.34",
            "revenue": 2254183
        },
        "2020-12": {
            "month": "2020-12",
            "price": "35.32",
            "revenue": 2602206
        },
        "2021-01": {
            "month": "2021-01",
            "price": "35.16",
            "revenue": 2955404
        },
        "2021-02": {
            "month": "2021-02",
            "price": "35.65",
            "revenue": 2102475
        },
        "2021-03": {
            "month": "2021-03",
            "price": "37.90",
            "revenue": 2786653
        },
        "2021-04": {
            "month": "2021-04",
            "price": "40.94",
            "revenue": 2702551
        },
        "2021-05": {
            "month": "2021-05",
            "price": "40.14",
            "revenue": 2736678
        },
        "2021-06": {
            "month": "2021-06",
            "price": "40.69",
            "revenue": 2558789
        },
        "2021-07": {
            "month": "2021-07",
            "price": "42.42",
            "revenue": 2828268
        },
        "2021-08": {
            "month": "2021-08",
            "price": "41.03",
            "revenue": 2878559
        },
        "2021-09": {
            "month": "2021-09",
            "price": "38.84",
            "revenue": 2711829
        },
        "2021-10": {
            "month": "2021-10",
            "price": "38.28",
            "revenue": 2616249
        },
        "2021-11": {
            "month": "2021-11",
            "price": "40.03",
            "revenue": 2823830
        },
        "2021-12": {
            "month": "2021-12",
            "price": "40.93",
            "revenue": 2759875
        },
        "2022-01": {
            "month": "2022-01",
            "price": "41.77",
            "revenue": 3094730
        },
        "2022-02": {
            "month": "2022-02",
            "price": "43.24",
            "revenue": 2358279
        },
        "2022-03": {
            "month": "2022-03",
            "price": "44.55",
            "revenue": 3014088
        },
        "2022-04": {
            "month": "2022-04",
            "price": "44.15",
            "revenue": 2452025
        },
        "2022-05": {
            "month": "2022-05",
            "price": "42.75",
            "revenue": 2908476
        },
        "2022-06": {
            "month": "2022-06",
            "price": "42.73",
            "revenue": 2363264
        },
        "2022-07": {
            "month": "2022-07",
            "price": "39.11",
            "revenue": 1811874
        },
        "2022-08": {
            "month": "2022-08",
            "price": "38.58",
            "revenue": 1952572
        },
        "2022-09": {
            "month": "2022-09",
            "price": "37.78",
            "revenue": 2195935
        },
        "2022-10": {
            "month": "2022-10",
            "price": "35.60",
            "revenue": 1975146
        },
        "2022-11": {
            "month": "2022-11",
            "price": "36.93",
            "revenue": 2072342
        },
        "2022-12": {
            "month": "2022-12",
            "price": "38.01",
            "revenue": 1874456
        },
        "2023-01": {
            "month": "2023-01",
            "price": "38.05",
            "revenue": 1969320
        },
        "2023-02": {
            "month": "2023-02",
            "price": "39.02",
            "revenue": 2476055
        },
        "2023-03": {
            "month": "2023-03",
            "price": "41.05",
            "revenue": 2476026
        },
        "2023-04": {
            "month": "2023-04",
            "price": "41.71",
            "revenue": 2093375
        },
        "2023-05": {
            "month": "2023-05",
            "price": "42.04",
            "revenue": 2465632
        },
        "2023-06": {
            "month": "2023-06",
            "price": "43.91",
            "revenue": 2180406
        },
        "2023-07": {
            "month": "2023-07",
            "price": "44.82",
            "revenue": 2371700
        },
        "2023-08": {
            "month": "2023-08",
            "price": "44.38",
            "revenue": 2964660
        },
        "2023-09": {
            "month": "2023-09",
            "price": "46.32",
            "revenue": 3027372
        },
        "2023-10": {
            "month": "2023-10",
            "price": "51.12",
            "revenue": 2547022
        },
        "2023-11": {
            "month": "2023-11",
            "price": "56.45",
            "revenue": 2602185
        },
        "2023-12": {
            "month": "2023-12",
            "price": "59.80",
            "revenue": 2342762
        }
    }
}
