{
    "summary": {
        "stock_name": "萬泰科",
        "stock_id": "6190",
        "category": "通信網路",
        "main_business": "區域網路線.電子線<br>汽機車用線<br>電源線 電腦線",
        "website_url": "http://www.wontex.com",
        "ceo": "張程雅",
        "pe_ratio": 29,
        "report_year_from": 2002,
        "report_year_to": 2023,
        "age": 22,
        "eps_negative_percentage": 35,
        "eps_growth_avg": {
            "last_all": -12.38,
            "last_2y": 26.11,
            "last_4y": 10.28,
            "last_8y": 13.88,
            "last_12y": -9.73,
            "last_16y": -14.44,
            "last_20y": -12.38,
            "at_2006_last_3y": 0,
            "at_2007_last_3y": 1.36,
            "at_2008_last_3y": 1.36,
            "at_2009_last_3y": 1.36,
            "at_2010_last_3y": -28.57,
            "at_2011_last_3y": -58.18,
            "at_2012_last_3y": -58.18,
            "at_2013_last_3y": -58.18,
            "at_2014_last_3y": -92.38,
            "at_2015_last_3y": -100,
            "at_2016_last_3y": null,
            "at_2017_last_3y": -8.08,
            "at_2018_last_3y": 22.88,
            "at_2019_last_3y": 6.92,
            "at_2020_last_3y": 4.72,
            "at_2021_last_3y": 21.78,
            "at_2022_last_3y": 29.38,
            "at_2023_last_3y": 19.1,
            "at_2024_last_3y": 19.1,
            "at_2006_last_all": 0,
            "at_2007_last_all": 1.36,
            "at_2008_last_all": -23.98,
            "at_2009_last_all": -23.98,
            "at_2010_last_all": -17.14,
            "at_2011_last_all": -28.41,
            "at_2012_last_all": -38.64,
            "at_2013_last_all": -38.64,
            "at_2014_last_all": -38.64,
            "at_2015_last_all": -38.64,
            "at_2016_last_all": -38.64,
            "at_2017_last_all": -34.82,
            "at_2018_last_all": -24.97,
            "at_2019_last_all": -24.97,
            "at_2020_last_all": -22.87,
            "at_2021_last_all": -15.95,
            "at_2022_last_all": -8.24,
            "at_2023_last_all": -12.38,
            "at_2024_last_all": -12.38
        },
        "latest_eps": 1.18,
        "latest_price": 34.45,
        "latest_roe": 7.36,
        "latest_gross_margin": 13.44,
        "latest_equity": 2904497,
        "latest_revenue": 1655835,
        "latest_gross_profit": 222493,
        "latest_net_income": 58895,
        "latest_debt_ratio": 52.22,
        "latest_current_ratio": 202.31,
        "latest_account_receivable_turnover_ratio": 1.07,
        "latest_inventory_turnover_ratio": 0.81,
        "latest_reinvestment_rate": 38.84,
        "latest_research_to_sale_ratio": 0.61
    },
    "eps_dividends": {
        "1996": {
            "cash": 0.5,
            "stock": 1,
            "eps": 0
        },
        "1997": {
            "cash": 0,
            "stock": 1.5,
            "eps": 0
        },
        "1998": {
            "cash": 0,
            "stock": 1.5,
            "eps": 0
        },
        "2001": {
            "cash": 0,
            "stock": 0,
            "eps": -0.07
        },
        "2002": {
            "cash": 0,
            "stock": 0,
            "eps": -0.09
        },
        "2003": {
            "cash": 0,
            "stock": 0,
            "eps": 0.1
        },
        "2004": {
            "cash": 0,
            "stock": 0,
            "eps": -0.94
        },
        "2005": {
            "cash": 0,
            "stock": 0,
            "eps": 0.24
        },
        "2006": {
            "cash": 0,
            "stock": 0.1,
            "eps": 1.96
        },
        "2007": {
            "cash": 0.4,
            "stock": 0.8,
            "eps": 2.04
        },
        "2008": {
            "cash": 1.3,
            "stock": 0.1,
            "eps": -1.49
        },
        "2009": {
            "cash": 0,
            "stock": 0,
            "eps": 1.37
        },
        "2010": {
            "cash": 0.3,
            "stock": 0.2,
            "eps": 1.51
        },
        "2011": {
            "cash": 0.3,
            "stock": 0,
            "eps": 0.23
        },
        "2012": {
            "cash": 0.2,
            "stock": 0,
            "eps": -1.29
        },
        "2013": {
            "cash": 0,
            "stock": 0,
            "eps": -0.78
        },
        "2014": {
            "cash": 0,
            "stock": 0,
            "eps": -0.18
        },
        "2015": {
            "cash": 0,
            "stock": 0,
            "eps": -0.26
        },
        "2016": {
            "cash": 0,
            "stock": 0,
            "eps": 0.99
        },
        "2017": {
            "cash": 0.52,
            "stock": 0,
            "eps": 0.91
        },
        "2018": {
            "cash": 0.6,
            "stock": 0,
            "eps": 1.4
        },
        "2019": {
            "cash": 1,
            "stock": 0,
            "eps": 1.05
        },
        "2020": {
            "cash": 0.8,
            "stock": 0,
            "eps": 1.03
        },
        "2021": {
            "cash": 1,
            "stock": 0,
            "eps": 1.65
        },
        "2022": {
            "cash": 1.4,
            "stock": 0,
            "eps": 3.04
        },
        "2023": {
            "cash": 2,
            "stock": 0,
            "eps": 1.03
        }
    },
    "dividends": {
        "1996-06-16": {
            "cash": 0.5,
            "stock": 1
        },
        "1997-05-11": {
            "cash": 0,
            "stock": 1.5
        },
        "1998-05-15": {
            "cash": 0,
            "stock": 1.5
        },
        "2006-03-30": {
            "cash": 0,
            "stock": 0.1
        },
        "2007-04-11": {
            "cash": 0.4,
            "stock": 0.8
        },
        "2008-04-03": {
            "cash": 1.3,
            "stock": 0.1
        },
        "2010-03-18": {
            "cash": 0.3,
            "stock": 0.2
        },
        "2011-03-25": {
            "cash": 0.3,
            "stock": 0
        },
        "2012-06-12": {
            "cash": 0.2,
            "stock": 0
        },
        "2017-08-08": {
            "cash": 0.52,
            "stock": 0
        },
        "2018-07-24": {
            "cash": 0.6,
            "stock": 0
        },
        "2019-07-31": {
            "cash": 1,
            "stock": 0
        },
        "2020-07-21": {
            "cash": 0.8,
            "stock": 0
        },
        "2021-08-31": {
            "cash": 1,
            "stock": 0
        },
        "2022-08-23": {
            "cash": 1.4,
            "stock": 0
        },
        "2023-07-31": {
            "cash": 2,
            "stock": 0
        }
    },
    "prices": {
        "200101": "無",
        "200102": "無",
        "200103": "無",
        "200104": "無",
        "200105": "無",
        "200106": "無",
        "200107": "無",
        "200108": "無",
        "200109": "無",
        "200110": "無",
        "200111": "無",
        "200112": "無",
        "200201": "無",
        "200202": "無",
        "200203": "無",
        "200204": "無",
        "200205": "無",
        "200206": "無",
        "200207": "無",
        "200208": "7.00",
        "200209": "6.18",
        "200210": "5.85",
        "200211": "8.10",
        "200212": "7.55",
        "200301": "7.90",
        "200302": "8.67",
        "200303": "16.00",
        "200304": "13.14",
        "200305": "12.52",
        "200306": "14.63",
        "200307": "14.83",
        "200308": "15.91",
        "200309": "14.26",
        "200310": "13.90",
        "200311": "14.56",
        "200312": "14.47",
        "200401": "14.06",
        "200402": "14.93",
        "200403": "25.63",
        "200404": "29.08",
        "200405": "22.08",
        "200406": "25.55",
        "200407": "20.51",
        "200408": "22.18",
        "200409": "17.99",
        "200410": "14.18",
        "200411": "13.45",
        "200412": "11.28",
        "200501": "11.65",
        "200502": "11.78",
        "200503": "11.09",
        "200504": "9.57",
        "200505": "8.46",
        "200506": "9.23",
        "200507": "11.09",
        "200508": "9.85",
        "200509": "8.92",
        "200510": "8.31",
        "200511": "7.99",
        "200512": "8.96",
        "200601": "9.75",
        "200602": "10.49",
        "200603": "10.71",
        "200604": "12.81",
        "200605": "14.36",
        "200606": "13.21",
        "200607": "14.35",
        "200608": "15.74",
        "200609": "17.33",
        "200610": "17.98",
        "200611": "18.50",
        "200612": "21.76",
        "200701": "22.74",
        "200702": "21.76",
        "200703": "23.54",
        "200704": "24.22",
        "200705": "24.63",
        "200706": "26.29",
        "200707": "27.61",
        "200708": "24.99",
        "200709": "23.20",
        "200710": "22.09",
        "200711": "19.23",
        "200712": "17.90",
        "200801": "16.58",
        "200802": "15.95",
        "200803": "16.35",
        "200804": "17.23",
        "200805": "17.96",
        "200806": "16.73",
        "200807": "14.65",
        "200808": "13.91",
        "200809": "11.74",
        "200810": "8.45",
        "200811": "6.02",
        "200812": "5.09",
        "200901": "4.95",
        "200902": "4.92",
        "200903": "6.32",
        "200904": "8.34",
        "200905": "9.00",
        "200906": "8.52",
        "200907": "9.63",
        "200908": "12.41",
        "200909": "14.48",
        "200910": "15.71",
        "200911": "15.47",
        "200912": "16.41",
        "201001": "17.29",
        "201002": "16.26",
        "201003": "16.88",
        "201004": "17.45",
        "201005": "16.85",
        "201006": "16.15",
        "201007": "16.01",
        "201008": "16.23",
        "201009": "15.69",
        "201010": "15.55",
        "201011": "14.41",
        "201012": "14.72",
        "201101": "14.47",
        "201102": "14.44",
        "201103": "14.18",
        "201104": "13.95",
        "201105": "13.66",
        "201106": "13.48",
        "201107": "13.48",
        "201108": "11.97",
        "201109": "11.14",
        "201110": "10.70",
        "201111": "9.06",
        "201112": "7.96",
        "201201": "7.92",
        "201202": "9.11",
        "201203": "9.63",
        "201204": "8.75",
        "201205": "7.91",
        "201206": "6.79",
        "201207": "6.85",
        "201208": "6.80",
        "201209": "6.78",
        "201210": "6.21",
        "201211": "5.41",
        "201212": "5.78",
        "201301": "6.44",
        "201302": "7.22",
        "201303": "6.92",
        "201304": "7.01",
        "201305": "7.11",
        "201306": "6.90",
        "201307": "6.72",
        "201308": "6.50",
        "201309": "6.41",
        "201310": "6.46",
        "201311": "6.15",
        "201312": "6.31",
        "201401": "6.98",
        "201402": "8.35",
        "201403": "9.93",
        "201404": "8.82",
        "201405": "8.66",
        "201406": "8.87",
        "201407": "9.35",
        "201408": "8.44",
        "201409": "8.20",
        "201410": "7.61",
        "201411": "7.10",
        "201412": "7.29",
        "201501": "7.82",
        "201502": "7.68",
        "201503": "7.51",
        "201504": "7.15",
        "201505": "6.97",
        "201506": "7.00",
        "201507": "6.42",
        "201508": "5.63",
        "201509": "5.99",
        "201510": "6.49",
        "201511": "6.14",
        "201512": "5.93",
        "201601": "5.45",
        "201602": "5.87",
        "201603": "6.23",
        "201604": "5.77",
        "201605": "5.60",
        "201606": "6.43",
        "201607": "8.19",
        "201608": "9.88",
        "201609": "12.08",
        "201610": "12.25",
        "201611": "11.45",
        "201612": "11.90",
        "201701": "12.18",
        "201702": "13.74",
        "201703": "14.85",
        "201704": "14.11",
        "201705": "14.06",
        "201706": "12.77",
        "201707": "12.81",
        "201708": "13.94",
        "201709": "14.33",
        "201710": "14.06",
        "201711": "14.25",
        "201712": "13.56",
        "201801": "14.10",
        "201802": "13.62",
        "201803": "13.90",
        "201804": "13.52",
        "201805": "13.85",
        "201806": "15.50",
        "201807": "15.80",
        "201808": "17.63",
        "201809": "17.33",
        "201810": "16.49",
        "201811": "16.46",
        "201812": "18.34",
        "201901": "18.24",
        "201902": "19.41",
        "201903": "19.56",
        "201904": "20.07",
        "201905": "19.93",
        "201906": "19.48",
        "201907": "18.76",
        "201908": "17.37",
        "201909": "17.69",
        "201910": "16.93",
        "201911": "16.73",
        "201912": "16.87",
        "202001": "16.84",
        "202002": "16.31",
        "202003": "14.44",
        "202004": "14.50",
        "202005": "15.89",
        "202006": "15.81",
        "202007": "15.08",
        "202008": "15.15",
        "202009": "15.81",
        "202010": "15.73",
        "202011": "16.11",
        "202012": "17.19",
        "202101": "17.69",
        "202102": "18.21",
        "202103": "19.65",
        "202104": "24.33",
        "202105": "23.16",
        "202106": "25.21",
        "202107": "26.99",
        "202108": "24.52",
        "202109": "23.97",
        "202110": "23.30",
        "202111": "28.78",
        "202112": "39.86",
        "202201": "36.28",
        "202202": "36.60",
        "202203": "35.50",
        "202204": "37.75",
        "202205": "36.91",
        "202206": "37.18",
        "202207": "33.82",
        "202208": "38.25",
        "202209": "37.42",
        "202210": "32.26",
        "202211": "32.01",
        "202212": "30.85",
        "202301": "29.28",
        "202302": "31.06",
        "202303": "32.09",
        "202304": "32.40",
        "202305": "33.10",
        "202306": "35.51",
        "202307": "36.30",
        "202308": "34.29",
        "202309": "33.49",
        "202310": "31.31",
        "202311": "30.40",
        "202312": "30.85"
    },
    "quarters": {
        "20011": {
            "year_quarter": 20011,
            "year": 2001,
            "quarter": 1,
            "eps": -0.45,
            "eps_growth_year": -4600,
            "eps_4q": -0.56,
            "eps_4q_growth_year": -702.51,
            "roe": -3.85,
            "roe_4q": -3.85,
            "gross_profit": -1013,
            "gross_margin": -0.49,
            "gross_margin_4q_avg": -0.49,
            "net_income": -30268,
            "net_income_4q": null,
            "revenue": 206790,
            "revenue_4q": null,
            "common_shares": 672000,
            "book_valuer_per_share": 10.11,
            "book_valuer_per_share_4q_avg": 10.11,
            "equity": 679151,
            "current_ratio": 67.04,
            "debt_ratio": 60.63,
            "inventory_turnover_ratio": 0.96,
            "account_receivable_turnover_ratio": null,
            "reinvestment_rate": null,
            "research_to_sale_ratio": null,
            "price_fair": 0,
            "eps_avg_yearly": 0,
            "eps_latest_yearly": 0,
            "eps_growth_yearly": 0
        },
        "20012": {
            "year_quarter": 20012,
            "year": 2001,
            "quarter": 2,
            "eps": 0.09,
            "eps_growth_year": null,
            "eps_4q": -0.26,
            "eps_4q_growth_year": null,
            "roe": 0.87,
            "roe_4q": -2.98,
            "gross_profit": 12020,
            "gross_margin": 4.86,
            "gross_margin_4q_avg": 2.19,
            "net_income": 6036,
            "net_income_4q": null,
            "revenue": 247142,
            "revenue_4q": null,
            "common_shares": 672000,
            "book_valuer_per_share": 10.49,
            "book_valuer_per_share_4q_avg": 10.3,
            "equity": 704879,
            "current_ratio": 66.29,
            "debt_ratio": 59.6,
            "inventory_turnover_ratio": 2.11,
            "account_receivable_turnover_ratio": null,
            "reinvestment_rate": null,
            "research_to_sale_ratio": null,
            "price_fair": 0,
            "eps_avg_yearly": 0,
            "eps_latest_yearly": 0,
            "eps_growth_yearly": 0
        },
        "20013": {
            "year_quarter": 20013,
            "year": 2001,
            "quarter": 3,
            "eps": 0.02,
            "eps_growth_year": null,
            "eps_4q": -0.09,
            "eps_4q_growth_year": null,
            "roe": 0.21,
            "roe_4q": -2.77,
            "gross_profit": 16349,
            "gross_margin": 8.65,
            "gross_margin_4q_avg": 4.34,
            "net_income": 1509,
            "net_income_4q": null,
            "revenue": 188974,
            "revenue_4q": null,
            "common_shares": 672000,
            "book_valuer_per_share": 10.59,
            "book_valuer_per_share_4q_avg": 10.4,
            "equity": 711696,
            "current_ratio": 68.28,
            "debt_ratio": 57.67,
            "inventory_turnover_ratio": 1.8,
            "account_receivable_turnover_ratio": null,
            "reinvestment_rate": null,
            "research_to_sale_ratio": null,
            "price_fair": 0,
            "eps_avg_yearly": 0,
            "eps_latest_yearly": 0,
            "eps_growth_yearly": 0
        },
        "20014": {
            "year_quarter": 20014,
            "year": 2001,
            "quarter": 4,
            "eps": 0.27,
            "eps_growth_year": 12.5,
            "eps_4q": -0.07,
            "eps_4q_growth_year": null,
            "roe": 2.19,
            "roe_4q": -0.5800000000000001,
            "gross_profit": 16894,
            "gross_margin": 8.99,
            "gross_margin_4q_avg": 5.5,
            "net_income": 18091,
            "net_income_4q": null,
            "revenue": 187836,
            "revenue_4q": null,
            "common_shares": 672000,
            "book_valuer_per_share": 11.06,
            "book_valuer_per_share_4q_avg": 10.56,
            "equity": 938152,
            "current_ratio": 98.07,
            "debt_ratio": 57.97,
            "inventory_turnover_ratio": 1.01,
            "account_receivable_turnover_ratio": null,
            "reinvestment_rate": null,
            "research_to_sale_ratio": null,
            "price_fair": 0,
            "eps_avg_yearly": 0,
            "eps_latest_yearly": 0,
            "eps_growth_yearly": 0
        },
        "20021": {
            "year_quarter": 20021,
            "year": 2002,
            "quarter": 1,
            "eps": -0.19,
            "eps_growth_year": null,
            "eps_4q": 0.2,
            "eps_4q_growth_year": null,
            "roe": -1.5,
            "roe_4q": 1.77,
            "gross_profit": 7668,
            "gross_margin": 4.75,
            "gross_margin_4q_avg": 6.81,
            "net_income": -12368,
            "net_income_4q": null,
            "revenue": 161521,
            "revenue_4q": null,
            "common_shares": 672000,
            "book_valuer_per_share": 10.65,
            "book_valuer_per_share_4q_avg": 10.7,
            "equity": 715933,
            "current_ratio": 70.82,
            "debt_ratio": 54.38,
            "inventory_turnover_ratio": 0.93,
            "account_receivable_turnover_ratio": null,
            "reinvestment_rate": null,
            "research_to_sale_ratio": null,
            "price_fair": 0,
            "eps_avg_yearly": 0,
            "eps_latest_yearly": 0,
            "eps_growth_yearly": 0
        },
        "20022": {
            "year_quarter": 20022,
            "year": 2002,
            "quarter": 2,
            "eps": 0.2,
            "eps_growth_year": 122.22,
            "eps_4q": 0.31,
            "eps_4q_growth_year": null,
            "roe": 1.8,
            "roe_4q": 2.7,
            "gross_profit": 14493,
            "gross_margin": 8.21,
            "gross_margin_4q_avg": 7.65,
            "net_income": 13160,
            "net_income_4q": null,
            "revenue": 176485,
            "revenue_4q": null,
            "common_shares": 672000,
            "book_valuer_per_share": 11.1,
            "book_valuer_per_share_4q_avg": 10.85,
            "equity": 745725,
            "current_ratio": 69.88,
            "debt_ratio": 53.85,
            "inventory_turnover_ratio": 1.81,
            "account_receivable_turnover_ratio": null,
            "reinvestment_rate": null,
            "research_to_sale_ratio": null,
            "price_fair": 0,
            "eps_avg_yearly": 0,
            "eps_latest_yearly": 0,
            "eps_growth_yearly": 0
        },
        "20023": {
            "year_quarter": 20023,
            "year": 2002,
            "quarter": 3,
            "eps": -0.21,
            "eps_growth_year": -1150,
            "eps_4q": 0.07,
            "eps_4q_growth_year": null,
            "roe": -1.87,
            "roe_4q": 0.6199999999999999,
            "gross_profit": 10041,
            "gross_margin": 5.44,
            "gross_margin_4q_avg": 6.85,
            "net_income": -13918,
            "net_income_4q": null,
            "revenue": 184627,
            "revenue_4q": null,
            "common_shares": 672000,
            "book_valuer_per_share": 11.04,
            "book_valuer_per_share_4q_avg": 10.96,
            "equity": 741839,
            "current_ratio": 68.34,
            "debt_ratio": 54.65,
            "inventory_turnover_ratio": 2.06,
            "account_receivable_turnover_ratio": null,
            "reinvestment_rate": null,
            "research_to_sale_ratio": null,
            "price_fair": 0,
            "eps_avg_yearly": 0,
            "eps_latest_yearly": 0,
            "eps_growth_yearly": 0
        },
        "20024": {
            "year_quarter": 20024,
            "year": 2002,
            "quarter": 4,
            "eps": 0.11,
            "eps_growth_year": -59.26,
            "eps_4q": -0.09,
            "eps_4q_growth_year": null,
            "roe": 0.85,
            "roe_4q": -0.72,
            "gross_profit": 9796,
            "gross_margin": 5.16,
            "gross_margin_4q_avg": 5.89,
            "net_income": 7080,
            "net_income_4q": null,
            "revenue": 189888,
            "revenue_4q": null,
            "common_shares": 672000,
            "book_valuer_per_share": 10.99,
            "book_valuer_per_share_4q_avg": 10.95,
            "equity": 927933,
            "current_ratio": 92.38,
            "debt_ratio": 58.27,
            "inventory_turnover_ratio": 1.19,
            "account_receivable_turnover_ratio": null,
            "reinvestment_rate": null,
            "research_to_sale_ratio": null,
            "price_fair": 0,
            "eps_avg_yearly": 0,
            "eps_latest_yearly": 0,
            "eps_growth_yearly": 0
        },
        "20031": {
            "year_quarter": 20031,
            "year": 2003,
            "quarter": 1,
            "eps": -0.08,
            "eps_growth_year": null,
            "eps_4q": 0.01,
            "eps_4q_growth_year": -92.95,
            "roe": -0.65,
            "roe_4q": 0.1299999999999999,
            "gross_profit": 15080,
            "gross_margin": 8.01,
            "gross_margin_4q_avg": 6.71,
            "net_income": -5359,
            "net_income_4q": null,
            "revenue": 188179,
            "revenue_4q": null,
            "common_shares": 672000,
            "book_valuer_per_share": 10.91,
            "book_valuer_per_share_4q_avg": 11.01,
            "equity": 733025,
            "current_ratio": 65.32,
            "debt_ratio": 54.24,
            "inventory_turnover_ratio": 1.12,
            "account_receivable_turnover_ratio": null,
            "reinvestment_rate": null,
            "research_to_sale_ratio": null,
            "price_fair": 0,
            "eps_avg_yearly": 0,
            "eps_latest_yearly": 0,
            "eps_growth_yearly": 0
        },
        "20032": {
            "year_quarter": 20032,
            "year": 2003,
            "quarter": 2,
            "eps": 0.18,
            "eps_growth_year": -10,
            "eps_4q": -0.01,
            "eps_4q_growth_year": -101.62,
            "roe": 1.6,
            "roe_4q": -0.07000000000000006,
            "gross_profit": 18675,
            "gross_margin": 6.69,
            "gross_margin_4q_avg": 6.33,
            "net_income": 11866,
            "net_income_4q": null,
            "revenue": 278987,
            "revenue_4q": null,
            "common_shares": 672000,
            "book_valuer_per_share": 11.12,
            "book_valuer_per_share_4q_avg": 11.02,
            "equity": 747592,
            "current_ratio": 73.02,
            "debt_ratio": 57.83,
            "inventory_turnover_ratio": 2.68,
            "account_receivable_turnover_ratio": null,
            "reinvestment_rate": null,
            "research_to_sale_ratio": null,
            "price_fair": 0,
            "eps_avg_yearly": 0,
            "eps_latest_yearly": 0,
            "eps_growth_yearly": 0
        },
        "20033": {
            "year_quarter": 20033,
            "year": 2003,
            "quarter": 3,
            "eps": -0.07,
            "eps_growth_year": null,
            "eps_4q": 0.14,
            "eps_4q_growth_year": 92.16,
            "roe": -0.54,
            "roe_4q": 1.26,
            "gross_profit": 8209,
            "gross_margin": 3.47,
            "gross_margin_4q_avg": 5.83,
            "net_income": -4046,
            "net_income_4q": null,
            "revenue": 236257,
            "revenue_4q": null,
            "common_shares": 672000,
            "book_valuer_per_share": 11.06,
            "book_valuer_per_share_4q_avg": 11.02,
            "equity": 743546,
            "current_ratio": 72.13,
            "debt_ratio": 56.62,
            "inventory_turnover_ratio": 2.13,
            "account_receivable_turnover_ratio": null,
            "reinvestment_rate": null,
            "research_to_sale_ratio": null,
            "price_fair": 0,
            "eps_avg_yearly": 0,
            "eps_latest_yearly": 0,
            "eps_growth_yearly": 0
        },
        "20034": {
            "year_quarter": 20034,
            "year": 2003,
            "quarter": 4,
            "eps": 0.07,
            "eps_growth_year": -36.36,
            "eps_4q": 0.1,
            "eps_4q_growth_year": null,
            "roe": 0.59,
            "roe_4q": 0.9999999999999999,
            "gross_profit": 7112,
            "gross_margin": 3.67,
            "gross_margin_4q_avg": 5.46,
            "net_income": 4981,
            "net_income_4q": null,
            "revenue": 193683,
            "revenue_4q": null,
            "common_shares": 672000,
            "book_valuer_per_share": 11.14,
            "book_valuer_per_share_4q_avg": 11.06,
            "equity": 957593,
            "current_ratio": 96.48,
            "debt_ratio": 56.47,
            "inventory_turnover_ratio": 1.1,
            "account_receivable_turnover_ratio": null,
            "reinvestment_rate": null,
            "research_to_sale_ratio": null,
            "price_fair": 0,
            "eps_avg_yearly": 0,
            "eps_latest_yearly": 0,
            "eps_growth_yearly": 0
        },
        "20041": {
            "year_quarter": 20041,
            "year": 2004,
            "quarter": 1,
            "eps": 0.17,
            "eps_growth_year": null,
            "eps_4q": 0.36,
            "eps_4q_growth_year": 2387.49,
            "roe": 1.37,
            "roe_4q": 3.02,
            "gross_profit": 23497,
            "gross_margin": 9.9,
            "gross_margin_4q_avg": 5.93,
            "net_income": 11600,
            "net_income_4q": null,
            "revenue": 237366,
            "revenue_4q": null,
            "common_shares": 672000,
            "book_valuer_per_share": 11.02,
            "book_valuer_per_share_4q_avg": 11.09,
            "equity": 740469,
            "current_ratio": 92.63,
            "debt_ratio": 61.72,
            "inventory_turnover_ratio": 1.29,
            "account_receivable_turnover_ratio": null,
            "reinvestment_rate": -18176.73,
            "research_to_sale_ratio": null,
            "price_fair": 23.8,
            "eps_avg_yearly": 0.68,
            "eps_latest_yearly": 0.68,
            "eps_growth_yearly": 571.43
        },
        "20042": {
            "year_quarter": 20042,
            "year": 2004,
            "quarter": 2,
            "eps": 0.35,
            "eps_growth_year": 94.44,
            "eps_4q": 0.52,
            "eps_4q_growth_year": null,
            "roe": 2.98,
            "roe_4q": 4.3999999999999995,
            "gross_profit": 24574,
            "gross_margin": 9.9,
            "gross_margin_4q_avg": 6.74,
            "net_income": 25371,
            "net_income_4q": null,
            "revenue": 248142,
            "revenue_4q": null,
            "common_shares": 802199,
            "book_valuer_per_share": 12.02,
            "book_valuer_per_share_4q_avg": 11.31,
            "equity": 964388,
            "current_ratio": 86.29,
            "debt_ratio": 52.54,
            "inventory_turnover_ratio": 2.09,
            "account_receivable_turnover_ratio": null,
            "reinvestment_rate": -289.67,
            "research_to_sale_ratio": null,
            "price_fair": 36.4,
            "eps_avg_yearly": 1.04,
            "eps_latest_yearly": 1.4,
            "eps_growth_yearly": 497.48
        },
        "20043": {
            "year_quarter": 20043,
            "year": 2004,
            "quarter": 3,
            "eps": 0.11,
            "eps_growth_year": null,
            "eps_4q": 0.66,
            "eps_4q_growth_year": 366.22,
            "roe": 0.86,
            "roe_4q": 5.8,
            "gross_profit": 20138,
            "gross_margin": 6.24,
            "gross_margin_4q_avg": 7.43,
            "net_income": 8361,
            "net_income_4q": null,
            "revenue": 322820,
            "revenue_4q": null,
            "common_shares": 802199,
            "book_valuer_per_share": 12.15,
            "book_valuer_per_share_4q_avg": 11.58,
            "equity": 974883,
            "current_ratio": 85.17,
            "debt_ratio": 50.95,
            "inventory_turnover_ratio": 1.8,
            "account_receivable_turnover_ratio": null,
            "reinvestment_rate": -218.07,
            "research_to_sale_ratio": null,
            "price_fair": 29.4,
            "eps_avg_yearly": 0.84,
            "eps_latest_yearly": 0.44,
            "eps_growth_yearly": 240.22
        },
        "20044": {
            "year_quarter": 20044,
            "year": 2004,
            "quarter": 4,
            "eps": -1.57,
            "eps_growth_year": -2342.86,
            "eps_4q": -0.81,
            "eps_4q_growth_year": -875.45,
            "roe": -11.95,
            "roe_4q": -6.739999999999999,
            "gross_profit": 21431,
            "gross_margin": 6.42,
            "gross_margin_4q_avg": 8.12,
            "net_income": -121096,
            "net_income_4q": null,
            "revenue": 333927,
            "revenue_4q": null,
            "common_shares": 858368,
            "book_valuer_per_share": 10.2,
            "book_valuer_per_share_4q_avg": 11.35,
            "equity": 1051290,
            "current_ratio": 107.43,
            "debt_ratio": 56.92,
            "inventory_turnover_ratio": 1.2,
            "account_receivable_turnover_ratio": null,
            "reinvestment_rate": null,
            "research_to_sale_ratio": null,
            "price_fair": 29.4,
            "eps_avg_yearly": 0.84,
            "eps_latest_yearly": 0.44,
            "eps_growth_yearly": 240.22
        },
        "20051": {
            "year_quarter": 20051,
            "year": 2005,
            "quarter": 1,
            "eps": 0.07,
            "eps_growth_year": -58.82,
            "eps_4q": -1,
            "eps_4q_growth_year": -380.19,
            "roe": 0.6,
            "roe_4q": -7.51,
            "gross_profit": 16610,
            "gross_margin": 7.84,
            "gross_margin_4q_avg": 7.6,
            "net_income": 5705,
            "net_income_4q": null,
            "revenue": 211979,
            "revenue_4q": null,
            "common_shares": 858368,
            "book_valuer_per_share": 9.99,
            "book_valuer_per_share_4q_avg": 11.09,
            "equity": 857646,
            "current_ratio": 78.18,
            "debt_ratio": 48.62,
            "inventory_turnover_ratio": 0.84,
            "account_receivable_turnover_ratio": null,
            "reinvestment_rate": null,
            "research_to_sale_ratio": null,
            "price_fair": 29.4,
            "eps_avg_yearly": 0.84,
            "eps_latest_yearly": 0.44,
            "eps_growth_yearly": 240.22
        },
        "20052": {
            "year_quarter": 20052,
            "year": 2005,
            "quarter": 2,
            "eps": 0.1,
            "eps_growth_year": -71.43,
            "eps_4q": -1.26,
            "eps_4q_growth_year": -340.29,
            "roe": 0.92,
            "roe_4q": -9.57,
            "gross_profit": 8418,
            "gross_margin": 3.53,
            "gross_margin_4q_avg": 6.01,
            "net_income": 7890,
            "net_income_4q": null,
            "revenue": 238723,
            "revenue_4q": null,
            "common_shares": 858368,
            "book_valuer_per_share": 10.03,
            "book_valuer_per_share_4q_avg": 10.59,
            "equity": 860577,
            "current_ratio": 80.11,
            "debt_ratio": 48.83,
            "inventory_turnover_ratio": 1.48,
            "account_receivable_turnover_ratio": null,
            "reinvestment_rate": null,
            "research_to_sale_ratio": null,
            "price_fair": 25.55,
            "eps_avg_yearly": 0.73,
            "eps_latest_yearly": 0.4,
            "eps_growth_yearly": 223.03
        },
        "20053": {
            "year_quarter": 20053,
            "year": 2005,
            "quarter": 3,
            "eps": 0.05,
            "eps_growth_year": -54.55,
            "eps_4q": -1.29,
            "eps_4q_growth_year": -294.95,
            "roe": 0.46,
            "roe_4q": -9.969999999999999,
            "gross_profit": 11108,
            "gross_margin": 3.58,
            "gross_margin_4q_avg": 5.34,
            "net_income": 4010,
            "net_income_4q": null,
            "revenue": 310650,
            "revenue_4q": null,
            "common_shares": 858368,
            "book_valuer_per_share": 10.42,
            "book_valuer_per_share_4q_avg": 10.16,
            "equity": 894380,
            "current_ratio": 80.82,
            "debt_ratio": 46.47,
            "inventory_turnover_ratio": 2.23,
            "account_receivable_turnover_ratio": null,
            "reinvestment_rate": null,
            "research_to_sale_ratio": null,
            "price_fair": 21.84,
            "eps_avg_yearly": 0.62,
            "eps_latest_yearly": 0.2,
            "eps_growth_yearly": 138.42
        },
        "20054": {
            "year_quarter": 20054,
            "year": 2005,
            "quarter": 4,
            "eps": 0.02,
            "eps_growth_year": null,
            "eps_4q": 0.24,
            "eps_4q_growth_year": null,
            "roe": 0.16,
            "roe_4q": 2.14,
            "gross_profit": 24586,
            "gross_margin": 8.22,
            "gross_margin_4q_avg": 5.79,
            "net_income": 1612,
            "net_income_4q": null,
            "revenue": 299138,
            "revenue_4q": null,
            "common_shares": 858368,
            "book_valuer_per_share": 10.29,
            "book_valuer_per_share_4q_avg": 10.18,
            "equity": 1074108,
            "current_ratio": 99.71,
            "debt_ratio": 56.15,
            "inventory_turnover_ratio": 1.3,
            "account_receivable_turnover_ratio": null,
            "reinvestment_rate": null,
            "research_to_sale_ratio": null,
            "price_fair": 18.67,
            "eps_avg_yearly": 0.53,
            "eps_latest_yearly": 0.08,
            "eps_growth_yearly": 75.35
        },
        "20061": {
            "year_quarter": 20061,
            "year": 2006,
            "quarter": 1,
            "eps": 0.27,
            "eps_growth_year": 285.71,
            "eps_4q": 0.43,
            "eps_4q_growth_year": null,
            "roe": 2.28,
            "roe_4q": 3.82,
            "gross_profit": 31861,
            "gross_margin": 7.54,
            "gross_margin_4q_avg": 5.72,
            "net_income": 22723,
            "net_income_4q": null,
            "revenue": 422367,
            "revenue_4q": null,
            "common_shares": 858368,
            "book_valuer_per_share": 10.68,
            "book_valuer_per_share_4q_avg": 10.36,
            "equity": 916665,
            "current_ratio": 88.42,
            "debt_ratio": 49.7,
            "inventory_turnover_ratio": 1.88,
            "account_receivable_turnover_ratio": null,
            "reinvestment_rate": null,
            "research_to_sale_ratio": null,
            "price_fair": 21.4,
            "eps_avg_yearly": 0.61,
            "eps_latest_yearly": 1.08,
            "eps_growth_yearly": 778.87
        },
        "20062": {
            "year_quarter": 20062,
            "year": 2006,
            "quarter": 2,
            "eps": 0.7,
            "eps_growth_year": 600,
            "eps_4q": 1.04,
            "eps_4q_growth_year": null,
            "roe": 6.04,
            "roe_4q": 8.940000000000001,
            "gross_profit": 54836,
            "gross_margin": 12.94,
            "gross_margin_4q_avg": 8.07,
            "net_income": 58186,
            "net_income_4q": null,
            "revenue": 423619,
            "revenue_4q": null,
            "common_shares": 858368,
            "book_valuer_per_share": 11.76,
            "book_valuer_per_share_4q_avg": 10.79,
            "equity": 1009620,
            "current_ratio": 108.43,
            "debt_ratio": 49.81,
            "inventory_turnover_ratio": 2.78,
            "account_receivable_turnover_ratio": null,
            "reinvestment_rate": -489.49,
            "research_to_sale_ratio": null,
            "price_fair": 30.98,
            "eps_avg_yearly": 0.89,
            "eps_latest_yearly": 2.8,
            "eps_growth_yearly": 761.14
        },
        "20063": {
            "year_quarter": 20063,
            "year": 2006,
            "quarter": 3,
            "eps": 0.84,
            "eps_growth_year": 1580,
            "eps_4q": 1.82,
            "eps_4q_growth_year": null,
            "roe": 6.75,
            "roe_4q": 15.229999999999999,
            "gross_profit": 74424,
            "gross_margin": 12.46,
            "gross_margin_4q_avg": 10.29,
            "net_income": 71043,
            "net_income_4q": null,
            "revenue": 597143,
            "revenue_4q": null,
            "common_shares": 866952,
            "book_valuer_per_share": 12.62,
            "book_valuer_per_share_4q_avg": 11.34,
            "equity": 1094506,
            "current_ratio": 192.83,
            "debt_ratio": 50.64,
            "inventory_turnover_ratio": 3.65,
            "account_receivable_turnover_ratio": null,
            "reinvestment_rate": -97.38,
            "research_to_sale_ratio": null,
            "price_fair": 40.6,
            "eps_avg_yearly": 1.16,
            "eps_latest_yearly": 3.36,
            "eps_growth_yearly": 685.46
        },
        "20064": {
            "year_quarter": 20064,
            "year": 2006,
            "quarter": 4,
            "eps": 0.15,
            "eps_growth_year": 650,
            "eps_4q": 1.97,
            "eps_4q_growth_year": 726.11,
            "roe": 1.04,
            "roe_4q": 16.11,
            "gross_profit": 40022,
            "gross_margin": 7.8,
            "gross_margin_4q_avg": 10.19,
            "net_income": 12526,
            "net_income_4q": null,
            "revenue": 513117,
            "revenue_4q": null,
            "common_shares": 866952,
            "book_valuer_per_share": 12.63,
            "book_valuer_per_share_4q_avg": 11.92,
            "equity": 1304866,
            "current_ratio": 214.04,
            "debt_ratio": 57.44,
            "inventory_turnover_ratio": 1.73,
            "account_receivable_turnover_ratio": null,
            "reinvestment_rate": 27.49,
            "research_to_sale_ratio": null,
            "price_fair": 38.64,
            "eps_avg_yearly": 1.1,
            "eps_latest_yearly": 0.6,
            "eps_growth_yearly": 584.06
        },
        "20071": {
            "year_quarter": 20071,
            "year": 2007,
            "quarter": 1,
            "eps": 0.7,
            "eps_growth_year": 159.26,
            "eps_4q": 2.33,
            "eps_4q_growth_year": 440.35,
            "roe": 4.71,
            "roe_4q": 18.54,
            "gross_profit": 48226,
            "gross_margin": 9.74,
            "gross_margin_4q_avg": 10.74,
            "net_income": 61008,
            "net_income_4q": null,
            "revenue": 495009,
            "revenue_4q": null,
            "common_shares": 922340,
            "book_valuer_per_share": 13.97,
            "book_valuer_per_share_4q_avg": 12.75,
            "equity": 1288076,
            "current_ratio": 236.63,
            "debt_ratio": 41.53,
            "inventory_turnover_ratio": 1.69,
            "account_receivable_turnover_ratio": null,
            "reinvestment_rate": -47.93,
            "research_to_sale_ratio": null,
            "price_fair": 44.04,
            "eps_avg_yearly": 1.26,
            "eps_latest_yearly": 2.8,
            "eps_growth_yearly": 664.29
        },
        "20072": {
            "year_quarter": 20072,
            "year": 2007,
            "quarter": 2,
            "eps": 0.64,
            "eps_growth_year": -8.57,
            "eps_4q": 2.08,
            "eps_4q_growth_year": 100.14,
            "roe": 4.76,
            "roe_4q": 17.259999999999998,
            "gross_profit": 70989,
            "gross_margin": 10.4,
            "gross_margin_4q_avg": 10.1,
            "net_income": 64103,
            "net_income_4q": null,
            "revenue": 682519,
            "revenue_4q": null,
            "common_shares": 977780,
            "book_valuer_per_share": 14.38,
            "book_valuer_per_share_4q_avg": 13.4,
            "equity": 1406181,
            "current_ratio": 166,
            "debt_ratio": 40.09,
            "inventory_turnover_ratio": 5.26,
            "account_receivable_turnover_ratio": null,
            "reinvestment_rate": -37.13,
            "research_to_sale_ratio": null,
            "price_fair": 47.83,
            "eps_avg_yearly": 1.37,
            "eps_latest_yearly": 2.56,
            "eps_growth_yearly": 606.08
        },
        "20073": {
            "year_quarter": 20073,
            "year": 2007,
            "quarter": 3,
            "eps": 0.66,
            "eps_growth_year": -21.43,
            "eps_4q": 2.01,
            "eps_4q_growth_year": 10.87,
            "roe": 4.61,
            "roe_4q": 15.120000000000001,
            "gross_profit": 67312,
            "gross_margin": 9.41,
            "gross_margin_4q_avg": 9.34,
            "net_income": 67140,
            "net_income_4q": null,
            "revenue": 714952,
            "revenue_4q": null,
            "common_shares": 1099959,
            "book_valuer_per_share": 13.72,
            "book_valuer_per_share_4q_avg": 13.68,
            "equity": 1509166,
            "current_ratio": 149.07,
            "debt_ratio": 39.75,
            "inventory_turnover_ratio": 5.84,
            "account_receivable_turnover_ratio": null,
            "reinvestment_rate": -18.62,
            "research_to_sale_ratio": null,
            "price_fair": 51.26,
            "eps_avg_yearly": 1.46,
            "eps_latest_yearly": 2.64,
            "eps_growth_yearly": 560.42
        },
        "20074": {
            "year_quarter": 20074,
            "year": 2007,
            "quarter": 4,
            "eps": 0.04,
            "eps_growth_year": -73.33,
            "eps_4q": 1.8,
            "eps_4q_growth_year": -8.42,
            "roe": 0.25,
            "roe_4q": 14.330000000000002,
            "gross_profit": 48422,
            "gross_margin": 6.95,
            "gross_margin_4q_avg": 9.13,
            "net_income": 4360,
            "net_income_4q": null,
            "revenue": 696386,
            "revenue_4q": null,
            "common_shares": 1111251,
            "book_valuer_per_share": 13.33,
            "book_valuer_per_share_4q_avg": 13.85,
            "equity": 2022433,
            "current_ratio": 219.89,
            "debt_ratio": 53.45,
            "inventory_turnover_ratio": 1.83,
            "account_receivable_turnover_ratio": null,
            "reinvestment_rate": 93.67,
            "research_to_sale_ratio": null,
            "price_fair": 48,
            "eps_avg_yearly": 1.37,
            "eps_latest_yearly": 0.16,
            "eps_growth_yearly": 493.55
        },
        "20081": {
            "year_quarter": 20081,
            "year": 2008,
            "quarter": 1,
            "eps": 0.38,
            "eps_growth_year": -45.71,
            "eps_4q": 1.24,
            "eps_4q_growth_year": -46.82,
            "roe": 2.69,
            "roe_4q": 12.31,
            "gross_profit": 145755,
            "gross_margin": 9.47,
            "gross_margin_4q_avg": 9.06,
            "net_income": 53987,
            "net_income_4q": null,
            "revenue": 1539712,
            "revenue_4q": null,
            "common_shares": 1117109,
            "book_valuer_per_share": 13.11,
            "book_valuer_per_share_4q_avg": 13.64,
            "equity": 1984212,
            "current_ratio": 232.6,
            "debt_ratio": 52.06,
            "inventory_turnover_ratio": 2.35,
            "account_receivable_turnover_ratio": null,
            "reinvestment_rate": 117.01,
            "research_to_sale_ratio": null,
            "price_fair": 50.1,
            "eps_avg_yearly": 1.43,
            "eps_latest_yearly": 1.52,
            "eps_growth_yearly": 695.59
        },
        "20082": {
            "year_quarter": 20082,
            "year": 2008,
            "quarter": 2,
            "eps": 0.6,
            "eps_growth_year": -6.25,
            "eps_4q": 1.25,
            "eps_4q_growth_year": -40.21,
            "roe": 4.39,
            "roe_4q": 11.940000000000001,
            "gross_profit": 204496,
            "gross_margin": 12.9,
            "gross_margin_4q_avg": 9.68,
            "net_income": 84713,
            "net_income_4q": null,
            "revenue": 1585041,
            "revenue_4q": null,
            "common_shares": 1124392,
            "book_valuer_per_share": 12.32,
            "book_valuer_per_share_4q_avg": 13.12,
            "equity": 1873984,
            "current_ratio": 184.17,
            "debt_ratio": 57.26,
            "inventory_turnover_ratio": 2.23,
            "account_receivable_turnover_ratio": null,
            "reinvestment_rate": 109,
            "research_to_sale_ratio": null,
            "price_fair": 52.6,
            "eps_avg_yearly": 1.5,
            "eps_latest_yearly": 2.4,
            "eps_growth_yearly": 681.88
        },
        "20083": {
            "year_quarter": 20083,
            "year": 2008,
            "quarter": 3,
            "eps": -0.12,
            "eps_growth_year": -118.18,
            "eps_4q": 0.83,
            "eps_4q_growth_year": -59,
            "roe": -0.71,
            "roe_4q": 6.619999999999999,
            "gross_profit": 119671,
            "gross_margin": 7.62,
            "gross_margin_4q_avg": 9.24,
            "net_income": -13237,
            "net_income_4q": null,
            "revenue": 1570016,
            "revenue_4q": null,
            "common_shares": 1146943,
            "book_valuer_per_share": 12.14,
            "book_valuer_per_share_4q_avg": 12.73,
            "equity": 1865865,
            "current_ratio": 168.97,
            "debt_ratio": 59.14,
            "inventory_turnover_ratio": 1.99,
            "account_receivable_turnover_ratio": null,
            "reinvestment_rate": 121.54,
            "research_to_sale_ratio": null,
            "price_fair": 55.46,
            "eps_avg_yearly": 1.58,
            "eps_latest_yearly": 2.4,
            "eps_growth_yearly": 755.43
        },
        "20084": {
            "year_quarter": 20084,
            "year": 2008,
            "quarter": 4,
            "eps": -2.35,
            "eps_growth_year": -5975,
            "eps_4q": -1.26,
            "eps_4q_growth_year": -170.01,
            "roe": -19.87,
            "roe_4q": -13.500000000000002,
            "gross_profit": -272263,
            "gross_margin": -27.59,
            "gross_margin_4q_avg": 0.6,
            "net_income": -339567,
            "net_income_4q": null,
            "revenue": 986813,
            "revenue_4q": null,
            "common_shares": 1146943,
            "book_valuer_per_share": 9.72,
            "book_valuer_per_share_4q_avg": 11.82,
            "equity": 1551590,
            "current_ratio": 188.1,
            "debt_ratio": 55.04,
            "inventory_turnover_ratio": 2.07,
            "account_receivable_turnover_ratio": 1.86,
            "reinvestment_rate": 196.37,
            "research_to_sale_ratio": null,
            "price_fair": 55.46,
            "eps_avg_yearly": 1.58,
            "eps_latest_yearly": 2.4,
            "eps_growth_yearly": 755.43
        },
        "20091": {
            "year_quarter": 20091,
            "year": 2009,
            "quarter": 1,
            "eps": 0.43,
            "eps_growth_year": 13.16,
            "eps_4q": -1.8,
            "eps_4q_growth_year": -245.25,
            "roe": 2.56,
            "roe_4q": -13.630000000000003,
            "gross_profit": 74291,
            "gross_margin": 9.5,
            "gross_margin_4q_avg": 0.61,
            "net_income": 40662,
            "net_income_4q": null,
            "revenue": 781993,
            "revenue_4q": null,
            "common_shares": 1126943,
            "book_valuer_per_share": 10.48,
            "book_valuer_per_share_4q_avg": 11.17,
            "equity": 1623272,
            "current_ratio": 207.2,
            "debt_ratio": 52.86,
            "inventory_turnover_ratio": 1.67,
            "account_receivable_turnover_ratio": 0.91,
            "reinvestment_rate": 225.37,
            "research_to_sale_ratio": null,
            "price_fair": 55.46,
            "eps_avg_yearly": 1.58,
            "eps_latest_yearly": 2.4,
            "eps_growth_yearly": 755.43
        },
        "20092": {
            "year_quarter": 20092,
            "year": 2009,
            "quarter": 2,
            "eps": 0.17,
            "eps_growth_year": -71.67,
            "eps_4q": -1.2,
            "eps_4q_growth_year": -196.33,
            "roe": 1.88,
            "roe_4q": -16.14,
            "gross_profit": 106814,
            "gross_margin": 10.28,
            "gross_margin_4q_avg": -0.05,
            "net_income": 30674,
            "net_income_4q": null,
            "revenue": 1039287,
            "revenue_4q": null,
            "common_shares": 1126943,
            "book_valuer_per_share": 10.5,
            "book_valuer_per_share_4q_avg": 10.71,
            "equity": 1632790,
            "current_ratio": 117.12,
            "debt_ratio": 55.99,
            "inventory_turnover_ratio": 1.89,
            "account_receivable_turnover_ratio": 1.2,
            "reinvestment_rate": 208.74,
            "research_to_sale_ratio": null,
            "price_fair": 56.22,
            "eps_avg_yearly": 1.61,
            "eps_latest_yearly": 0.68,
            "eps_growth_yearly": 723.64
        },
        "20093": {
            "year_quarter": 20093,
            "year": 2009,
            "quarter": 3,
            "eps": 0.65,
            "eps_growth_year": null,
            "eps_4q": -0.99,
            "eps_4q_growth_year": -220.08,
            "roe": 5.46,
            "roe_4q": -9.97,
            "gross_profit": 136905,
            "gross_margin": 10.71,
            "gross_margin_4q_avg": 0.73,
            "net_income": 88666,
            "net_income_4q": null,
            "revenue": 1277992,
            "revenue_4q": null,
            "common_shares": 1126943,
            "book_valuer_per_share": 10.91,
            "book_valuer_per_share_4q_avg": 10.4,
            "equity": 1612137,
            "current_ratio": 117.78,
            "debt_ratio": 55.89,
            "inventory_turnover_ratio": 2.12,
            "account_receivable_turnover_ratio": 1.19,
            "reinvestment_rate": 158.72,
            "research_to_sale_ratio": null,
            "price_fair": 62.68,
            "eps_avg_yearly": 1.79,
            "eps_latest_yearly": 2.6,
            "eps_growth_yearly": 825.9
        },
        "20094": {
            "year_quarter": 20094,
            "year": 2009,
            "quarter": 4,
            "eps": 0.12,
            "eps_growth_year": null,
            "eps_4q": 1.37,
            "eps_4q_growth_year": null,
            "roe": 1.03,
            "roe_4q": 10.930000000000001,
            "gross_profit": 179239,
            "gross_margin": 13.47,
            "gross_margin_4q_avg": 10.99,
            "net_income": 17040,
            "net_income_4q": null,
            "revenue": 1330853,
            "revenue_4q": null,
            "common_shares": 1127014,
            "book_valuer_per_share": 11.82,
            "book_valuer_per_share_4q_avg": 10.93,
            "equity": 1687034,
            "current_ratio": 147.46,
            "debt_ratio": 56.53,
            "inventory_turnover_ratio": 1.99,
            "account_receivable_turnover_ratio": 2.05,
            "reinvestment_rate": 272.63,
            "research_to_sale_ratio": null,
            "price_fair": 63.75,
            "eps_avg_yearly": 1.82,
            "eps_latest_yearly": 0.48,
            "eps_growth_yearly": 819.27
        },
        "20101": {
            "year_quarter": 20101,
            "year": 2010,
            "quarter": 1,
            "eps": 0.48,
            "eps_growth_year": 11.63,
            "eps_4q": 1.35,
            "eps_4q_growth_year": null,
            "roe": 4.02,
            "roe_4q": 12.39,
            "gross_profit": 134847,
            "gross_margin": 9.45,
            "gross_margin_4q_avg": 10.98,
            "net_income": 70831,
            "net_income_4q": null,
            "revenue": 1427006,
            "revenue_4q": null,
            "common_shares": 1175727,
            "book_valuer_per_share": 12.38,
            "book_valuer_per_share_4q_avg": 11.4,
            "equity": 1838111,
            "current_ratio": 142.9,
            "debt_ratio": 56.63,
            "inventory_turnover_ratio": 1.99,
            "account_receivable_turnover_ratio": 1.03,
            "reinvestment_rate": 364.33,
            "research_to_sale_ratio": 0.3,
            "price_fair": 66.02,
            "eps_avg_yearly": 1.89,
            "eps_latest_yearly": 1.92,
            "eps_growth_yearly": 526.97
        },
        "20102": {
            "year_quarter": 20102,
            "year": 2010,
            "quarter": 2,
            "eps": 0.63,
            "eps_growth_year": 269.26,
            "eps_4q": 1.8,
            "eps_4q_growth_year": null,
            "roe": 4.19,
            "roe_4q": 14.7,
            "gross_profit": 127137,
            "gross_margin": 7.89,
            "gross_margin_4q_avg": 10.38,
            "net_income": 77893,
            "net_income_4q": null,
            "revenue": 1612014,
            "revenue_4q": null,
            "common_shares": 1175870,
            "book_valuer_per_share": 12.82,
            "book_valuer_per_share_4q_avg": 11.98,
            "equity": 1883260,
            "current_ratio": 139.4,
            "debt_ratio": 59.94,
            "inventory_turnover_ratio": 2.02,
            "account_receivable_turnover_ratio": 1.02,
            "reinvestment_rate": 350.58,
            "research_to_sale_ratio": 0.36,
            "price_fair": 65.26,
            "eps_avg_yearly": 1.86,
            "eps_latest_yearly": 2.52,
            "eps_growth_yearly": 487.58
        },
        "20103": {
            "year_quarter": 20103,
            "year": 2010,
            "quarter": 3,
            "eps": 0.48,
            "eps_growth_year": -25.45,
            "eps_4q": 1.68,
            "eps_4q_growth_year": null,
            "roe": 2.63,
            "roe_4q": 11.87,
            "gross_profit": 111069,
            "gross_margin": 7.32,
            "gross_margin_4q_avg": 9.53,
            "net_income": 49802,
            "net_income_4q": null,
            "revenue": 1516952,
            "revenue_4q": null,
            "common_shares": 1174727,
            "book_valuer_per_share": 13.06,
            "book_valuer_per_share_4q_avg": 12.52,
            "equity": 1910923,
            "current_ratio": 156.09,
            "debt_ratio": 58.35,
            "inventory_turnover_ratio": 1.76,
            "account_receivable_turnover_ratio": 0.96,
            "reinvestment_rate": 384.84,
            "research_to_sale_ratio": 0.36,
            "price_fair": 61.38,
            "eps_avg_yearly": 1.75,
            "eps_latest_yearly": 1.92,
            "eps_growth_yearly": 474.1
        },
        "20104": {
            "year_quarter": 20104,
            "year": 2010,
            "quarter": 4,
            "eps": -0.08,
            "eps_growth_year": -168.25,
            "eps_4q": 1.29,
            "eps_4q_growth_year": -5.76,
            "roe": -0.28,
            "roe_4q": 10.559999999999999,
            "gross_profit": 125136,
            "gross_margin": 7.85,
            "gross_margin_4q_avg": 8.13,
            "net_income": -5461,
            "net_income_4q": null,
            "revenue": 1593653,
            "revenue_4q": null,
            "common_shares": 1313608,
            "book_valuer_per_share": 12.31,
            "book_valuer_per_share_4q_avg": 12.64,
            "equity": 2002594,
            "current_ratio": 164.73,
            "debt_ratio": 52.67,
            "inventory_turnover_ratio": 1.91,
            "account_receivable_turnover_ratio": 1.1,
            "reinvestment_rate": 298.36,
            "research_to_sale_ratio": 0.32,
            "price_fair": 64.75,
            "eps_avg_yearly": 1.85,
            "eps_latest_yearly": 1.92,
            "eps_growth_yearly": 540.99
        },
        "20111": {
            "year_quarter": 20111,
            "year": 2011,
            "quarter": 1,
            "eps": 0.06,
            "eps_growth_year": -87.5,
            "eps_4q": 0.96,
            "eps_4q_growth_year": -28.89,
            "roe": 0.81,
            "roe_4q": 7.3500000000000005,
            "gross_profit": 123805,
            "gross_margin": 8.19,
            "gross_margin_4q_avg": 7.81,
            "net_income": 15974,
            "net_income_4q": null,
            "revenue": 1511921,
            "revenue_4q": null,
            "common_shares": 1293608,
            "book_valuer_per_share": 12.36,
            "book_valuer_per_share_4q_avg": 12.64,
            "equity": 1944607,
            "current_ratio": 158.39,
            "debt_ratio": 58.45,
            "inventory_turnover_ratio": 1.69,
            "account_receivable_turnover_ratio": 1.03,
            "reinvestment_rate": 488.57,
            "research_to_sale_ratio": 0.43,
            "price_fair": 61.73,
            "eps_avg_yearly": 1.76,
            "eps_latest_yearly": 1.92,
            "eps_growth_yearly": 456.84
        },
        "20112": {
            "year_quarter": 20112,
            "year": 2011,
            "quarter": 2,
            "eps": 0.16,
            "eps_growth_year": -73.72,
            "eps_4q": 0.58,
            "eps_4q_growth_year": -67.91,
            "roe": 0.7,
            "roe_4q": 3.86,
            "gross_profit": 130486,
            "gross_margin": 7.67,
            "gross_margin_4q_avg": 7.76,
            "net_income": 13261,
            "net_income_4q": null,
            "revenue": 1700955,
            "revenue_4q": null,
            "common_shares": 1293608,
            "book_valuer_per_share": 12.02,
            "book_valuer_per_share_4q_avg": 12.44,
            "equity": 1856070,
            "current_ratio": 143.07,
            "debt_ratio": 60.67,
            "inventory_turnover_ratio": 1.78,
            "account_receivable_turnover_ratio": 1.09,
            "reinvestment_rate": 604.75,
            "research_to_sale_ratio": 0.4,
            "price_fair": 55.62,
            "eps_avg_yearly": 1.59,
            "eps_latest_yearly": 0.64,
            "eps_growth_yearly": 520.56
        },
        "20113": {
            "year_quarter": 20113,
            "year": 2011,
            "quarter": 3,
            "eps": 0.13,
            "eps_growth_year": -74.08,
            "eps_4q": 0.27,
            "eps_4q_growth_year": -83.99,
            "roe": 0.73,
            "roe_4q": 1.9600000000000002,
            "gross_profit": 158675,
            "gross_margin": 9.38,
            "gross_margin_4q_avg": 8.27,
            "net_income": 13912,
            "net_income_4q": null,
            "revenue": 1692209,
            "revenue_4q": null,
            "common_shares": 1258608,
            "book_valuer_per_share": 12.48,
            "book_valuer_per_share_4q_avg": 12.29,
            "equity": 1952575,
            "current_ratio": 129.03,
            "debt_ratio": 59.37,
            "inventory_turnover_ratio": 1.9,
            "account_receivable_turnover_ratio": 1.04,
            "reinvestment_rate": 857.51,
            "research_to_sale_ratio": 6.83,
            "price_fair": 48.87,
            "eps_avg_yearly": 1.4,
            "eps_latest_yearly": 0.52,
            "eps_growth_yearly": 512.6
        },
        "20114": {
            "year_quarter": 20114,
            "year": 2011,
            "quarter": 4,
            "eps": -0.12,
            "eps_growth_year": null,
            "eps_4q": 0.24,
            "eps_4q_growth_year": -81.12,
            "roe": -0.99,
            "roe_4q": 1.25,
            "gross_profit": 102700,
            "gross_margin": 7.35,
            "gross_margin_4q_avg": 8.15,
            "net_income": -19095,
            "net_income_4q": null,
            "revenue": 1396722,
            "revenue_4q": null,
            "common_shares": 1258608,
            "book_valuer_per_share": 12.69,
            "book_valuer_per_share_4q_avg": 12.39,
            "equity": 1921580,
            "current_ratio": 158.71,
            "debt_ratio": 56.61,
            "inventory_turnover_ratio": 1.72,
            "account_receivable_turnover_ratio": 0.93,
            "reinvestment_rate": 550.71,
            "research_to_sale_ratio": -7.2,
            "price_fair": 53.2,
            "eps_avg_yearly": 1.52,
            "eps_latest_yearly": 0.52,
            "eps_growth_yearly": 601.44
        },
        "20121": {
            "year_quarter": 20121,
            "year": 2012,
            "quarter": 1,
            "eps": -0.14,
            "eps_growth_year": -333.33,
            "eps_4q": 0.04,
            "eps_4q_growth_year": -96.25,
            "roe": -0.75,
            "roe_4q": -0.31000000000000005,
            "gross_profit": 114285,
            "gross_margin": 9.37,
            "gross_margin_4q_avg": 8.44,
            "net_income": -13986,
            "net_income_4q": null,
            "revenue": 1219098,
            "revenue_4q": null,
            "common_shares": 1252608,
            "book_valuer_per_share": 12.2,
            "book_valuer_per_share_4q_avg": 12.35,
            "equity": 1813096,
            "current_ratio": 154.52,
            "debt_ratio": 58.78,
            "inventory_turnover_ratio": 1.48,
            "account_receivable_turnover_ratio": 0.9,
            "reinvestment_rate": 1304.82,
            "research_to_sale_ratio": 0.55,
            "price_fair": 53.2,
            "eps_avg_yearly": 1.52,
            "eps_latest_yearly": 0.52,
            "eps_growth_yearly": 290.49
        },
        "20122": {
            "year_quarter": 20122,
            "year": 2012,
            "quarter": 2,
            "eps": -0.15,
            "eps_growth_year": -191.83,
            "eps_4q": -0.28,
            "eps_4q_growth_year": -148.73,
            "roe": -1.04,
            "roe_4q": -2.0500000000000003,
            "gross_profit": 67008,
            "gross_margin": 5.45,
            "gross_margin_4q_avg": 7.89,
            "net_income": -18696,
            "net_income_4q": null,
            "revenue": 1230272,
            "revenue_4q": null,
            "common_shares": 1252608,
            "book_valuer_per_share": 11.92,
            "book_valuer_per_share_4q_avg": 12.32,
            "equity": 1785231,
            "current_ratio": 134.16,
            "debt_ratio": 59.12,
            "inventory_turnover_ratio": 1.59,
            "account_receivable_turnover_ratio": 0.9,
            "reinvestment_rate": null,
            "research_to_sale_ratio": 0.55,
            "price_fair": 49.35,
            "eps_avg_yearly": 1.41,
            "eps_latest_yearly": 0.52,
            "eps_growth_yearly": 297.85
        },
        "20123": {
            "year_quarter": 20123,
            "year": 2012,
            "quarter": 3,
            "eps": -0.06,
            "eps_growth_year": -147.45,
            "eps_4q": -0.47,
            "eps_4q_growth_year": -273.94,
            "roe": -0.46,
            "roe_4q": -3.24,
            "gross_profit": 86855,
            "gross_margin": 6.67,
            "gross_margin_4q_avg": 7.21,
            "net_income": -8207,
            "net_income_4q": null,
            "revenue": 1302158,
            "revenue_4q": null,
            "common_shares": 1252608,
            "book_valuer_per_share": 11.75,
            "book_valuer_per_share_4q_avg": 12.14,
            "equity": 1757391,
            "current_ratio": 137.46,
            "debt_ratio": 59.15,
            "inventory_turnover_ratio": 1.7,
            "account_receivable_turnover_ratio": 0.95,
            "reinvestment_rate": null,
            "research_to_sale_ratio": 0.74,
            "price_fair": 49.35,
            "eps_avg_yearly": 1.41,
            "eps_latest_yearly": 0.52,
            "eps_growth_yearly": 297.85
        },
        "20124": {
            "year_quarter": 20124,
            "year": 2012,
            "quarter": 4,
            "eps": -0.94,
            "eps_growth_year": null,
            "eps_4q": -1.29,
            "eps_4q_growth_year": -629.8,
            "roe": -7.28,
            "roe_4q": -9.530000000000001,
            "gross_profit": 43845,
            "gross_margin": 3.68,
            "gross_margin_4q_avg": 6.29,
            "net_income": -124617,
            "net_income_4q": null,
            "revenue": 1191014,
            "revenue_4q": null,
            "common_shares": 1252608,
            "book_valuer_per_share": 10.73,
            "book_valuer_per_share_4q_avg": 11.65,
            "equity": 1667505,
            "current_ratio": 128.65,
            "debt_ratio": 57.63,
            "inventory_turnover_ratio": 1.68,
            "account_receivable_turnover_ratio": 0.92,
            "reinvestment_rate": 254.88,
            "research_to_sale_ratio": 0.55,
            "price_fair": 49.35,
            "eps_avg_yearly": 1.41,
            "eps_latest_yearly": 0.52,
            "eps_growth_yearly": 297.85
        },
        "20131": {
            "year_quarter": 20131,
            "year": 2013,
            "quarter": 1,
            "eps": -0.1,
            "eps_growth_year": null,
            "eps_4q": -1.27,
            "eps_4q_growth_year": -3618.61,
            "roe": -0.66,
            "roe_4q": -9.440000000000001,
            "gross_profit": 91525,
            "gross_margin": 7.29,
            "gross_margin_4q_avg": 5.77,
            "net_income": -10896,
            "net_income_4q": null,
            "revenue": 1255459,
            "revenue_4q": null,
            "common_shares": 1252608,
            "book_valuer_per_share": 10.81,
            "book_valuer_per_share_4q_avg": 11.3,
            "equity": 1636178,
            "current_ratio": 124.45,
            "debt_ratio": 60.35,
            "inventory_turnover_ratio": 1.69,
            "account_receivable_turnover_ratio": 0.99,
            "reinvestment_rate": 335.23,
            "research_to_sale_ratio": 0.42,
            "price_fair": 49.35,
            "eps_avg_yearly": 1.41,
            "eps_latest_yearly": 0.52,
            "eps_growth_yearly": 297.85
        },
        "20132": {
            "year_quarter": 20132,
            "year": 2013,
            "quarter": 2,
            "eps": -0.02,
            "eps_growth_year": null,
            "eps_4q": -1.14,
            "eps_4q_growth_year": null,
            "roe": -0.09,
            "roe_4q": -8.490000000000002,
            "gross_profit": 89757,
            "gross_margin": 7.73,
            "gross_margin_4q_avg": 6.34,
            "net_income": -1443,
            "net_income_4q": null,
            "revenue": 1161376,
            "revenue_4q": null,
            "common_shares": 1252608,
            "book_valuer_per_share": 10.8,
            "book_valuer_per_share_4q_avg": 11.02,
            "equity": 1659673,
            "current_ratio": 141.71,
            "debt_ratio": 58.43,
            "inventory_turnover_ratio": 1.53,
            "account_receivable_turnover_ratio": 0.9,
            "reinvestment_rate": 430.09,
            "research_to_sale_ratio": 0.5,
            "price_fair": 53,
            "eps_avg_yearly": 1.51,
            "eps_latest_yearly": 0.52,
            "eps_growth_yearly": 374.96
        },
        "20133": {
            "year_quarter": 20133,
            "year": 2013,
            "quarter": 3,
            "eps": -0.28,
            "eps_growth_year": null,
            "eps_4q": -1.36,
            "eps_4q_growth_year": null,
            "roe": -2.62,
            "roe_4q": -10.65,
            "gross_profit": 61718,
            "gross_margin": 6.01,
            "gross_margin_4q_avg": 6.18,
            "net_income": -42510,
            "net_income_4q": null,
            "revenue": 1027334,
            "revenue_4q": null,
            "common_shares": 1252608,
            "book_valuer_per_share": 10.36,
            "book_valuer_per_share_4q_avg": 10.68,
            "equity": 1591330,
            "current_ratio": 142.49,
            "debt_ratio": 56.27,
            "inventory_turnover_ratio": 1.44,
            "account_receivable_turnover_ratio": 0.87,
            "reinvestment_rate": null,
            "research_to_sale_ratio": 0.58,
            "price_fair": 46.67,
            "eps_avg_yearly": 1.33,
            "eps_latest_yearly": 0.52,
            "eps_growth_yearly": 249.21
        },
        "20134": {
            "year_quarter": 20134,
            "year": 2013,
            "quarter": 4,
            "eps": -0.38,
            "eps_growth_year": null,
            "eps_4q": -0.79,
            "eps_4q_growth_year": null,
            "roe": -3.65,
            "roe_4q": -7.02,
            "gross_profit": 55830,
            "gross_margin": 5.68,
            "gross_margin_4q_avg": 6.68,
            "net_income": -57023,
            "net_income_4q": null,
            "revenue": 982631,
            "revenue_4q": null,
            "common_shares": 1252608,
            "book_valuer_per_share": 10.04,
            "book_valuer_per_share_4q_avg": 10.5,
            "equity": 1530717,
            "current_ratio": 145.6,
            "debt_ratio": 54.56,
            "inventory_turnover_ratio": 1.5,
            "account_receivable_turnover_ratio": 0.91,
            "reinvestment_rate": null,
            "research_to_sale_ratio": 0.79,
            "price_fair": 52.64,
            "eps_avg_yearly": 1.5,
            "eps_latest_yearly": 0.52,
            "eps_growth_yearly": 364.29
        },
        "20141": {
            "year_quarter": 20141,
            "year": 2014,
            "quarter": 1,
            "eps": 0.02,
            "eps_growth_year": null,
            "eps_4q": -0.67,
            "eps_4q_growth_year": null,
            "roe": 0.18,
            "roe_4q": -6.18,
            "gross_profit": 80554,
            "gross_margin": 7.83,
            "gross_margin_4q_avg": 6.81,
            "net_income": 2739,
            "net_income_4q": null,
            "revenue": 1029351,
            "revenue_4q": null,
            "common_shares": 1252608,
            "book_valuer_per_share": 10.28,
            "book_valuer_per_share_4q_avg": 10.37,
            "equity": 1559499,
            "current_ratio": 127.81,
            "debt_ratio": 54.51,
            "inventory_turnover_ratio": 1.56,
            "account_receivable_turnover_ratio": 0.95,
            "reinvestment_rate": null,
            "research_to_sale_ratio": 0.66,
            "price_fair": 49,
            "eps_avg_yearly": 1.4,
            "eps_latest_yearly": 0.52,
            "eps_growth_yearly": 155.36
        },
        "20142": {
            "year_quarter": 20142,
            "year": 2014,
            "quarter": 2,
            "eps": 0.04,
            "eps_growth_year": null,
            "eps_4q": -0.61,
            "eps_4q_growth_year": null,
            "roe": 0.21,
            "roe_4q": -5.88,
            "gross_profit": 96183,
            "gross_margin": 8.98,
            "gross_margin_4q_avg": 7.13,
            "net_income": 3330,
            "net_income_4q": null,
            "revenue": 1070936,
            "revenue_4q": null,
            "common_shares": 1232608,
            "book_valuer_per_share": 10.89,
            "book_valuer_per_share_4q_avg": 10.39,
            "equity": 1623357,
            "current_ratio": 127.48,
            "debt_ratio": 54.35,
            "inventory_turnover_ratio": 1.55,
            "account_receivable_turnover_ratio": 0.95,
            "reinvestment_rate": null,
            "research_to_sale_ratio": 0.8,
            "price_fair": 28.35,
            "eps_avg_yearly": 0.81,
            "eps_latest_yearly": 0.16,
            "eps_growth_yearly": 224.11
        },
        "20143": {
            "year_quarter": 20143,
            "year": 2014,
            "quarter": 3,
            "eps": -0.07,
            "eps_growth_year": null,
            "eps_4q": -0.39,
            "eps_4q_growth_year": null,
            "roe": -0.74,
            "roe_4q": -4,
            "gross_profit": 83560,
            "gross_margin": 7.81,
            "gross_margin_4q_avg": 7.58,
            "net_income": -12059,
            "net_income_4q": null,
            "revenue": 1070341,
            "revenue_4q": null,
            "common_shares": 1232608,
            "book_valuer_per_share": 11.05,
            "book_valuer_per_share_4q_avg": 10.57,
            "equity": 1644340,
            "current_ratio": 135.64,
            "debt_ratio": 55.31,
            "inventory_turnover_ratio": 1.47,
            "account_receivable_turnover_ratio": 0.93,
            "reinvestment_rate": null,
            "research_to_sale_ratio": 0.92,
            "price_fair": 15.4,
            "eps_avg_yearly": 0.44,
            "eps_latest_yearly": 0.16,
            "eps_growth_yearly": 330.56
        },
        "20144": {
            "year_quarter": 20144,
            "year": 2014,
            "quarter": 4,
            "eps": -0.17,
            "eps_growth_year": null,
            "eps_4q": -0.18,
            "eps_4q_growth_year": null,
            "roe": -2.03,
            "roe_4q": -2.3799999999999994,
            "gross_profit": 87544,
            "gross_margin": 8.27,
            "gross_margin_4q_avg": 8.22,
            "net_income": -33455,
            "net_income_4q": null,
            "revenue": 1058980,
            "revenue_4q": null,
            "common_shares": 1232608,
            "book_valuer_per_share": 11.07,
            "book_valuer_per_share_4q_avg": 10.82,
            "equity": 1658994,
            "current_ratio": 134.03,
            "debt_ratio": 57.21,
            "inventory_turnover_ratio": 1.37,
            "account_receivable_turnover_ratio": 0.93,
            "reinvestment_rate": null,
            "research_to_sale_ratio": 0.88,
            "price_fair": 15.4,
            "eps_avg_yearly": 0.44,
            "eps_latest_yearly": 0.16,
            "eps_growth_yearly": 330.56
        },
        "20151": {
            "year_quarter": 20151,
            "year": 2015,
            "quarter": 1,
            "eps": 0.12,
            "eps_growth_year": 500,
            "eps_4q": -0.08,
            "eps_4q_growth_year": null,
            "roe": 0.66,
            "roe_4q": -1.8999999999999995,
            "gross_profit": 90402,
            "gross_margin": 8.56,
            "gross_margin_4q_avg": 8.41,
            "net_income": 10985,
            "net_income_4q": null,
            "revenue": 1055703,
            "revenue_4q": null,
            "common_shares": 1232608,
            "book_valuer_per_share": 11.14,
            "book_valuer_per_share_4q_avg": 11.04,
            "equity": 1663869,
            "current_ratio": 136.81,
            "debt_ratio": 54.88,
            "inventory_turnover_ratio": 1.41,
            "account_receivable_turnover_ratio": 0.94,
            "reinvestment_rate": null,
            "research_to_sale_ratio": 0.5,
            "price_fair": 15.4,
            "eps_avg_yearly": 0.44,
            "eps_latest_yearly": 0.16,
            "eps_growth_yearly": 330.56
        },
        "20152": {
            "year_quarter": 20152,
            "year": 2015,
            "quarter": 2,
            "eps": -0.01,
            "eps_growth_year": -125,
            "eps_4q": -0.13,
            "eps_4q_growth_year": null,
            "roe": -0.14,
            "roe_4q": -2.25,
            "gross_profit": 96357,
            "gross_margin": 9.67,
            "gross_margin_4q_avg": 8.58,
            "net_income": -2242,
            "net_income_4q": null,
            "revenue": 995999,
            "revenue_4q": null,
            "common_shares": 1232608,
            "book_valuer_per_share": 10.93,
            "book_valuer_per_share_4q_avg": 11.05,
            "equity": 1627942,
            "current_ratio": 132.04,
            "debt_ratio": 56.8,
            "inventory_turnover_ratio": 1.35,
            "account_receivable_turnover_ratio": 0.9,
            "reinvestment_rate": null,
            "research_to_sale_ratio": 0.6,
            "price_fair": 11.9,
            "eps_avg_yearly": 0.34,
            "eps_latest_yearly": 0.16,
            "eps_growth_yearly": 162.5
        },
        "20153": {
            "year_quarter": 20153,
            "year": 2015,
            "quarter": 3,
            "eps": 0.09,
            "eps_growth_year": null,
            "eps_4q": 0.02,
            "eps_4q_growth_year": null,
            "roe": 0.41,
            "roe_4q": -1.0999999999999999,
            "gross_profit": 89208,
            "gross_margin": 9.54,
            "gross_margin_4q_avg": 9.01,
            "net_income": 6563,
            "net_income_4q": null,
            "revenue": 935483,
            "revenue_4q": null,
            "common_shares": 1232608,
            "book_valuer_per_share": 11.26,
            "book_valuer_per_share_4q_avg": 11.1,
            "equity": 1611480,
            "current_ratio": 133.1,
            "debt_ratio": 56.4,
            "inventory_turnover_ratio": 1.31,
            "account_receivable_turnover_ratio": 0.9,
            "reinvestment_rate": null,
            "research_to_sale_ratio": 0.57,
            "price_fair": 5.6,
            "eps_avg_yearly": 0.16,
            "eps_latest_yearly": 0.16,
            "eps_growth_yearly": 400
        },
        "20154": {
            "year_quarter": 20154,
            "year": 2015,
            "quarter": 4,
            "eps": -0.46,
            "eps_growth_year": null,
            "eps_4q": -0.26,
            "eps_4q_growth_year": null,
            "roe": -4.71,
            "roe_4q": -3.7799999999999994,
            "gross_profit": 90089,
            "gross_margin": 8.96,
            "gross_margin_4q_avg": 9.18,
            "net_income": -73796,
            "net_income_4q": null,
            "revenue": 1005981,
            "revenue_4q": null,
            "common_shares": 1232608,
            "book_valuer_per_share": 10.68,
            "book_valuer_per_share_4q_avg": 11,
            "equity": 1520776,
            "current_ratio": 135.5,
            "debt_ratio": 53.89,
            "inventory_turnover_ratio": 1.46,
            "account_receivable_turnover_ratio": 1,
            "reinvestment_rate": null,
            "research_to_sale_ratio": 0.83,
            "price_fair": 5.6,
            "eps_avg_yearly": 0.16,
            "eps_latest_yearly": 0.16,
            "eps_growth_yearly": 400
        },
        "20161": {
            "year_quarter": 20161,
            "year": 2016,
            "quarter": 1,
            "eps": 0.1,
            "eps_growth_year": -16.67,
            "eps_4q": -0.27,
            "eps_4q_growth_year": null,
            "roe": 0.91,
            "roe_4q": -3.53,
            "gross_profit": 106221,
            "gross_margin": 10.98,
            "gross_margin_4q_avg": 9.79,
            "net_income": 13803,
            "net_income_4q": null,
            "revenue": 967458,
            "revenue_4q": null,
            "common_shares": 1207608,
            "book_valuer_per_share": 10.71,
            "book_valuer_per_share_4q_avg": 10.9,
            "equity": 1523405,
            "current_ratio": 137.76,
            "debt_ratio": 53.84,
            "inventory_turnover_ratio": 1.36,
            "account_receivable_turnover_ratio": 0.98,
            "reinvestment_rate": null,
            "research_to_sale_ratio": 0.56,
            "price_fair": 5.6,
            "eps_avg_yearly": 0.16,
            "eps_latest_yearly": 0.16,
            "eps_growth_yearly": 400
        },
        "20162": {
            "year_quarter": 20162,
            "year": 2016,
            "quarter": 2,
            "eps": 0.36,
            "eps_growth_year": null,
            "eps_4q": 0.1,
            "eps_4q_growth_year": null,
            "roe": 3.24,
            "roe_4q": -0.14999999999999963,
            "gross_profit": 130465,
            "gross_margin": 13.24,
            "gross_margin_4q_avg": 10.68,
            "net_income": 50130,
            "net_income_4q": null,
            "revenue": 985143,
            "revenue_4q": null,
            "common_shares": 1207608,
            "book_valuer_per_share": 11.04,
            "book_valuer_per_share_4q_avg": 10.92,
            "equity": 1569094,
            "current_ratio": 140.57,
            "debt_ratio": 52.34,
            "inventory_turnover_ratio": 1.33,
            "account_receivable_turnover_ratio": 1.01,
            "reinvestment_rate": null,
            "research_to_sale_ratio": 0.64,
            "price_fair": 28,
            "eps_avg_yearly": 0.8,
            "eps_latest_yearly": 1.44,
            "eps_growth_yearly": 720
        },
        "20163": {
            "year_quarter": 20163,
            "year": 2016,
            "quarter": 3,
            "eps": 0.36,
            "eps_growth_year": 300,
            "eps_4q": 0.37,
            "eps_4q_growth_year": 1543.87,
            "roe": 3.11,
            "roe_4q": 2.55,
            "gross_profit": 138717,
            "gross_margin": 13.96,
            "gross_margin_4q_avg": 11.79,
            "net_income": 49433,
            "net_income_4q": null,
            "revenue": 993942,
            "revenue_4q": null,
            "common_shares": 1227804,
            "book_valuer_per_share": 11.22,
            "book_valuer_per_share_4q_avg": 10.91,
            "equity": 1609269,
            "current_ratio": 126.72,
            "debt_ratio": 51.71,
            "inventory_turnover_ratio": 1.33,
            "account_receivable_turnover_ratio": 1,
            "reinvestment_rate": null,
            "research_to_sale_ratio": 0.7,
            "price_fair": 35.47,
            "eps_avg_yearly": 1.01,
            "eps_latest_yearly": 1.44,
            "eps_growth_yearly": 480
        },
        "20164": {
            "year_quarter": 20164,
            "year": 2016,
            "quarter": 4,
            "eps": 0.17,
            "eps_growth_year": null,
            "eps_4q": 0.97,
            "eps_4q_growth_year": null,
            "roe": 1.49,
            "roe_4q": 8.75,
            "gross_profit": 149316,
            "gross_margin": 14.93,
            "gross_margin_4q_avg": 13.28,
            "net_income": 24400,
            "net_income_4q": null,
            "revenue": 999788,
            "revenue_4q": null,
            "common_shares": 1235353,
            "book_valuer_per_share": 11.44,
            "book_valuer_per_share_4q_avg": 11.1,
            "equity": 1669269,
            "current_ratio": 130.71,
            "debt_ratio": 52.88,
            "inventory_turnover_ratio": 1.26,
            "account_receivable_turnover_ratio": 1,
            "reinvestment_rate": null,
            "research_to_sale_ratio": 0.84,
            "price_fair": 32.55,
            "eps_avg_yearly": 0.93,
            "eps_latest_yearly": 0.68,
            "eps_growth_yearly": 307.22
        },
        "20171": {
            "year_quarter": 20171,
            "year": 2017,
            "quarter": 1,
            "eps": 0.23,
            "eps_growth_year": 130,
            "eps_4q": 1.02,
            "eps_4q_growth_year": null,
            "roe": 2.19,
            "roe_4q": 10.03,
            "gross_profit": 154003,
            "gross_margin": 14.23,
            "gross_margin_4q_avg": 14.09,
            "net_income": 37553,
            "net_income_4q": null,
            "revenue": 1082606,
            "revenue_4q": null,
            "common_shares": 1371823,
            "book_valuer_per_share": 11.19,
            "book_valuer_per_share_4q_avg": 11.22,
            "equity": 1762709,
            "current_ratio": 134.98,
            "debt_ratio": 52.27,
            "inventory_turnover_ratio": 1.28,
            "account_receivable_turnover_ratio": 1.06,
            "reinvestment_rate": -1001.99,
            "research_to_sale_ratio": 0.46,
            "price_fair": 32.48,
            "eps_avg_yearly": 0.93,
            "eps_latest_yearly": 0.92,
            "eps_growth_yearly": 274.01
        },
        "20172": {
            "year_quarter": 20172,
            "year": 2017,
            "quarter": 2,
            "eps": 0.25,
            "eps_growth_year": -30.56,
            "eps_4q": 0.94,
            "eps_4q_growth_year": 862.86,
            "roe": 2.35,
            "roe_4q": 9.14,
            "gross_profit": 118230,
            "gross_margin": 11.55,
            "gross_margin_4q_avg": 13.67,
            "net_income": 41119,
            "net_income_4q": null,
            "revenue": 1023349,
            "revenue_4q": null,
            "common_shares": 1400548,
            "book_valuer_per_share": 10.91,
            "book_valuer_per_share_4q_avg": 11.19,
            "equity": 1743525,
            "current_ratio": 128.49,
            "debt_ratio": 55.16,
            "inventory_turnover_ratio": 1.16,
            "account_receivable_turnover_ratio": 0.97,
            "reinvestment_rate": -305.17,
            "research_to_sale_ratio": 0.6,
            "price_fair": 32.9,
            "eps_avg_yearly": 0.94,
            "eps_latest_yearly": 1,
            "eps_growth_yearly": 234.14
        },
        "20173": {
            "year_quarter": 20173,
            "year": 2017,
            "quarter": 3,
            "eps": 0.25,
            "eps_growth_year": -30.56,
            "eps_4q": 0.87,
            "eps_4q_growth_year": 135.22,
            "roe": 2.41,
            "roe_4q": 8.44,
            "gross_profit": 145489,
            "gross_margin": 13.1,
            "gross_margin_4q_avg": 13.45,
            "net_income": 42744,
            "net_income_4q": null,
            "revenue": 1110825,
            "revenue_4q": null,
            "common_shares": 1403685,
            "book_valuer_per_share": 11.2,
            "book_valuer_per_share_4q_avg": 11.19,
            "equity": 1797332,
            "current_ratio": 128.22,
            "debt_ratio": 57.26,
            "inventory_turnover_ratio": 1.18,
            "account_receivable_turnover_ratio": 1.01,
            "reinvestment_rate": -60.71,
            "research_to_sale_ratio": 0.62,
            "price_fair": 33.2,
            "eps_avg_yearly": 0.95,
            "eps_latest_yearly": 1,
            "eps_growth_yearly": 200.69
        },
        "20174": {
            "year_quarter": 20174,
            "year": 2017,
            "quarter": 4,
            "eps": 0.18,
            "eps_growth_year": 6.74,
            "eps_4q": 0.9,
            "eps_4q_growth_year": -7.27,
            "roe": 1.65,
            "roe_4q": 8.6,
            "gross_profit": 156297,
            "gross_margin": 13.85,
            "gross_margin_4q_avg": 13.18,
            "net_income": 29755,
            "net_income_4q": null,
            "revenue": 1128470,
            "revenue_4q": null,
            "common_shares": 1403685,
            "book_valuer_per_share": 11.34,
            "book_valuer_per_share_4q_avg": 11.16,
            "equity": 1805830,
            "current_ratio": 125.23,
            "debt_ratio": 55.62,
            "inventory_turnover_ratio": 1.2,
            "account_receivable_turnover_ratio": 0.98,
            "reinvestment_rate": -12,
            "research_to_sale_ratio": 0.63,
            "price_fair": 32.2,
            "eps_avg_yearly": 0.92,
            "eps_latest_yearly": 0.72,
            "eps_growth_yearly": 161.61
        },
        "20181": {
            "year_quarter": 20181,
            "year": 2018,
            "quarter": 1,
            "eps": 0.44,
            "eps_growth_year": 91.3,
            "eps_4q": 1.13,
            "eps_4q_growth_year": 10.83,
            "roe": 3.88,
            "roe_4q": 10.29,
            "gross_profit": 178384,
            "gross_margin": 15.14,
            "gross_margin_4q_avg": 13.41,
            "net_income": 71686,
            "net_income_4q": null,
            "revenue": 1178583,
            "revenue_4q": null,
            "common_shares": 1403685,
            "book_valuer_per_share": 11.71,
            "book_valuer_per_share_4q_avg": 11.29,
            "equity": 1885550,
            "current_ratio": 128.59,
            "debt_ratio": 53.34,
            "inventory_turnover_ratio": 1.14,
            "account_receivable_turnover_ratio": 1.07,
            "reinvestment_rate": -38.12,
            "research_to_sale_ratio": 0.47,
            "price_fair": 35.47,
            "eps_avg_yearly": 1.01,
            "eps_latest_yearly": 1.76,
            "eps_growth_yearly": 207.85
        },
        "20182": {
            "year_quarter": 20182,
            "year": 2018,
            "quarter": 2,
            "eps": 0.45,
            "eps_growth_year": 80,
            "eps_4q": 1.33,
            "eps_4q_growth_year": 41.87,
            "roe": 3.82,
            "roe_4q": 11.76,
            "gross_profit": 202546,
            "gross_margin": 15.85,
            "gross_margin_4q_avg": 14.49,
            "net_income": 72210,
            "net_income_4q": null,
            "revenue": 1277580,
            "revenue_4q": null,
            "common_shares": 1403685,
            "book_valuer_per_share": 11.7,
            "book_valuer_per_share_4q_avg": 11.49,
            "equity": 1894761,
            "current_ratio": 131.85,
            "debt_ratio": 53.58,
            "inventory_turnover_ratio": 1.13,
            "account_receivable_turnover_ratio": 1.17,
            "reinvestment_rate": -11.37,
            "research_to_sale_ratio": 0.47,
            "price_fair": 41.84,
            "eps_avg_yearly": 1.2,
            "eps_latest_yearly": 1.8,
            "eps_growth_yearly": 164.41
        },
        "20183": {
            "year_quarter": 20183,
            "year": 2018,
            "quarter": 3,
            "eps": 0.25,
            "eps_growth_year": 0,
            "eps_4q": 1.32,
            "eps_4q_growth_year": 52.78,
            "roe": 2.21,
            "roe_4q": 11.56,
            "gross_profit": 189046,
            "gross_margin": 14.77,
            "gross_margin_4q_avg": 14.9,
            "net_income": 42371,
            "net_income_4q": null,
            "revenue": 1280197,
            "revenue_4q": null,
            "common_shares": 1403685,
            "book_valuer_per_share": 11.96,
            "book_valuer_per_share_4q_avg": 11.68,
            "equity": 1941845,
            "current_ratio": 134.08,
            "debt_ratio": 53.3,
            "inventory_turnover_ratio": 1.15,
            "account_receivable_turnover_ratio": 1.13,
            "reinvestment_rate": -14.94,
            "research_to_sale_ratio": 0.66,
            "price_fair": 41.16,
            "eps_avg_yearly": 1.18,
            "eps_latest_yearly": 1,
            "eps_growth_yearly": 130.19
        },
        "20184": {
            "year_quarter": 20184,
            "year": 2018,
            "quarter": 4,
            "eps": 0.26,
            "eps_growth_year": 39.8,
            "eps_4q": 1.37,
            "eps_4q_growth_year": 51.39,
            "roe": 2.28,
            "roe_4q": 12.190000000000001,
            "gross_profit": 193766,
            "gross_margin": 15.11,
            "gross_margin_4q_avg": 15.22,
            "net_income": 45587,
            "net_income_4q": null,
            "revenue": 1282773,
            "revenue_4q": null,
            "common_shares": 1403685,
            "book_valuer_per_share": 12.36,
            "book_valuer_per_share_4q_avg": 11.93,
            "equity": 2056026,
            "current_ratio": 141.67,
            "debt_ratio": 50.54,
            "inventory_turnover_ratio": 1.14,
            "account_receivable_turnover_ratio": 1.15,
            "reinvestment_rate": -10.35,
            "research_to_sale_ratio": 0.69,
            "price_fair": 40.73,
            "eps_avg_yearly": 1.16,
            "eps_latest_yearly": 1.04,
            "eps_growth_yearly": 119.81
        },
        "20191": {
            "year_quarter": 20191,
            "year": 2019,
            "quarter": 1,
            "eps": 0.45,
            "eps_growth_year": 2.27,
            "eps_4q": 1.39,
            "eps_4q_growth_year": 23.28,
            "roe": 3.3,
            "roe_4q": 11.61,
            "gross_profit": 201545,
            "gross_margin": 15.88,
            "gross_margin_4q_avg": 15.4,
            "net_income": 69212,
            "net_income_4q": null,
            "revenue": 1269062,
            "revenue_4q": null,
            "common_shares": 1403685,
            "book_valuer_per_share": 12.86,
            "book_valuer_per_share_4q_avg": 12.22,
            "equity": 2139135,
            "current_ratio": 143.4,
            "debt_ratio": 49.5,
            "inventory_turnover_ratio": 1.11,
            "account_receivable_turnover_ratio": 1.14,
            "reinvestment_rate": -1.68,
            "research_to_sale_ratio": 0.54,
            "price_fair": 42.58,
            "eps_avg_yearly": 1.22,
            "eps_latest_yearly": 1.8,
            "eps_growth_yearly": 134.19
        },
        "20192": {
            "year_quarter": 20192,
            "year": 2019,
            "quarter": 2,
            "eps": 0.42,
            "eps_growth_year": -6.67,
            "eps_4q": 1.37,
            "eps_4q_growth_year": 3.2,
            "roe": 3.27,
            "roe_4q": 11.059999999999999,
            "gross_profit": 217981,
            "gross_margin": 17.31,
            "gross_margin_4q_avg": 15.77,
            "net_income": 69207,
            "net_income_4q": null,
            "revenue": 1259604,
            "revenue_4q": null,
            "common_shares": 1403685,
            "book_valuer_per_share": 12.4,
            "book_valuer_per_share_4q_avg": 12.4,
            "equity": 2091800,
            "current_ratio": 131.94,
            "debt_ratio": 53.34,
            "inventory_turnover_ratio": 1.03,
            "account_receivable_turnover_ratio": 1.1,
            "reinvestment_rate": 6.85,
            "research_to_sale_ratio": 0.55,
            "price_fair": 43.83,
            "eps_avg_yearly": 1.25,
            "eps_latest_yearly": 1.68,
            "eps_growth_yearly": 121.81
        },
        "20193": {
            "year_quarter": 20193,
            "year": 2019,
            "quarter": 3,
            "eps": 0.23,
            "eps_growth_year": -8,
            "eps_4q": 1.36,
            "eps_4q_growth_year": 2.99,
            "roe": 1.95,
            "roe_4q": 10.799999999999999,
            "gross_profit": 192559,
            "gross_margin": 15.44,
            "gross_margin_4q_avg": 15.94,
            "net_income": 40948,
            "net_income_4q": null,
            "revenue": 1247269,
            "revenue_4q": null,
            "common_shares": 1403685,
            "book_valuer_per_share": 12.57,
            "book_valuer_per_share_4q_avg": 12.55,
            "equity": 2111102,
            "current_ratio": 135.58,
            "debt_ratio": 51.91,
            "inventory_turnover_ratio": 1.01,
            "account_receivable_turnover_ratio": 1.08,
            "reinvestment_rate": 5.06,
            "research_to_sale_ratio": 0.48,
            "price_fair": 43,
            "eps_avg_yearly": 1.23,
            "eps_latest_yearly": 0.92,
            "eps_growth_yearly": 100.19
        },
        "20194": {
            "year_quarter": 20194,
            "year": 2019,
            "quarter": 4,
            "eps": -0.05,
            "eps_growth_year": -118.34,
            "eps_4q": 1.09,
            "eps_4q_growth_year": -20.05,
            "roe": -0.28,
            "roe_4q": 8.239999999999998,
            "gross_profit": 176447,
            "gross_margin": 15.55,
            "gross_margin_4q_avg": 16.05,
            "net_income": -5859,
            "net_income_4q": null,
            "revenue": 1135058,
            "revenue_4q": null,
            "common_shares": 1403685,
            "book_valuer_per_share": 12.29,
            "book_valuer_per_share_4q_avg": 12.53,
            "equity": 2014880,
            "current_ratio": 132.65,
            "debt_ratio": 51.34,
            "inventory_turnover_ratio": 0.94,
            "account_receivable_turnover_ratio": 1.02,
            "reinvestment_rate": 8.42,
            "research_to_sale_ratio": 0.53,
            "price_fair": 43,
            "eps_avg_yearly": 1.23,
            "eps_latest_yearly": 0.92,
            "eps_growth_yearly": 100.19
        },
        "20201": {
            "year_quarter": 20201,
            "year": 2020,
            "quarter": 1,
            "eps": 0.23,
            "eps_growth_year": -48.89,
            "eps_4q": 0.85,
            "eps_4q_growth_year": -38.6,
            "roe": 2.01,
            "roe_4q": 6.949999999999999,
            "gross_profit": 185971,
            "gross_margin": 15.38,
            "gross_margin_4q_avg": 15.92,
            "net_income": 40155,
            "net_income_4q": null,
            "revenue": 1209486,
            "revenue_4q": null,
            "common_shares": 1403685,
            "book_valuer_per_share": 12.13,
            "book_valuer_per_share_4q_avg": 12.35,
            "equity": 1987681,
            "current_ratio": 130.19,
            "debt_ratio": 53.1,
            "inventory_turnover_ratio": 1.01,
            "account_receivable_turnover_ratio": 1.08,
            "reinvestment_rate": 7.74,
            "research_to_sale_ratio": 0.59,
            "price_fair": 43,
            "eps_avg_yearly": 1.23,
            "eps_latest_yearly": 0.92,
            "eps_growth_yearly": 100.19
        },
        "20202": {
            "year_quarter": 20202,
            "year": 2020,
            "quarter": 2,
            "eps": 0.1,
            "eps_growth_year": -76.19,
            "eps_4q": 0.52,
            "eps_4q_growth_year": -62.05,
            "roe": 1.03,
            "roe_4q": 4.71,
            "gross_profit": 155646,
            "gross_margin": 16.05,
            "gross_margin_4q_avg": 15.61,
            "net_income": 19886,
            "net_income_4q": null,
            "revenue": 969503,
            "revenue_4q": null,
            "common_shares": 1403685,
            "book_valuer_per_share": 11.53,
            "book_valuer_per_share_4q_avg": 12.13,
            "equity": 1886606,
            "current_ratio": 126.78,
            "debt_ratio": 52.35,
            "inventory_turnover_ratio": 0.85,
            "account_receivable_turnover_ratio": 0.92,
            "reinvestment_rate": 9.57,
            "research_to_sale_ratio": 0.71,
            "price_fair": 22.8,
            "eps_avg_yearly": 1.15,
            "eps_latest_yearly": 0.4,
            "eps_growth_yearly": 9.75
        },
        "20203": {
            "year_quarter": 20203,
            "year": 2020,
            "quarter": 3,
            "eps": 0.38,
            "eps_growth_year": 65.22,
            "eps_4q": 0.67,
            "eps_4q_growth_year": -50.97,
            "roe": 3.36,
            "roe_4q": 6.119999999999999,
            "gross_profit": 202196,
            "gross_margin": 15.92,
            "gross_margin_4q_avg": 15.73,
            "net_income": 63386,
            "net_income_4q": null,
            "revenue": 1270142,
            "revenue_4q": null,
            "common_shares": 1403685,
            "book_valuer_per_share": 11.75,
            "book_valuer_per_share_4q_avg": 11.93,
            "equity": 1889655,
            "current_ratio": 122.93,
            "debt_ratio": 56.01,
            "inventory_turnover_ratio": 1.12,
            "account_receivable_turnover_ratio": 1.18,
            "reinvestment_rate": 14.8,
            "research_to_sale_ratio": 0.54,
            "price_fair": 40.6,
            "eps_avg_yearly": 1.16,
            "eps_latest_yearly": 1.52,
            "eps_growth_yearly": 89.75
        },
        "20204": {
            "year_quarter": 20204,
            "year": 2020,
            "quarter": 4,
            "eps": 0.32,
            "eps_growth_year": null,
            "eps_4q": 1.04,
            "eps_4q_growth_year": -4.56,
            "roe": 2.77,
            "roe_4q": 9.17,
            "gross_profit": 195651,
            "gross_margin": 14.6,
            "gross_margin_4q_avg": 15.49,
            "net_income": 53196,
            "net_income_4q": null,
            "revenue": 1340477,
            "revenue_4q": null,
            "common_shares": 1403685,
            "book_valuer_per_share": 12.16,
            "book_valuer_per_share_4q_avg": 11.89,
            "equity": 1953827,
            "current_ratio": 130.62,
            "debt_ratio": 58.63,
            "inventory_turnover_ratio": 1.03,
            "account_receivable_turnover_ratio": 1.1,
            "reinvestment_rate": 24.8,
            "research_to_sale_ratio": 0.7,
            "price_fair": 42.1,
            "eps_avg_yearly": 1.2,
            "eps_latest_yearly": 1.28,
            "eps_growth_yearly": 100.32
        },
        "20211": {
            "year_quarter": 20211,
            "year": 2021,
            "quarter": 1,
            "eps": 0.31,
            "eps_growth_year": 34.78,
            "eps_4q": 1.13,
            "eps_4q_growth_year": 31.9,
            "roe": 2.45,
            "roe_4q": 9.61,
            "gross_profit": 215252,
            "gross_margin": 12.93,
            "gross_margin_4q_avg": 14.88,
            "net_income": 48270,
            "net_income_4q": null,
            "revenue": 1664640,
            "revenue_4q": null,
            "common_shares": 1403685,
            "book_valuer_per_share": 12.43,
            "book_valuer_per_share_4q_avg": 11.97,
            "equity": 1989899,
            "current_ratio": 118.02,
            "debt_ratio": 60.34,
            "inventory_turnover_ratio": 1.18,
            "account_receivable_turnover_ratio": 1.22,
            "reinvestment_rate": 32.55,
            "research_to_sale_ratio": 0.49,
            "price_fair": 42.9,
            "eps_avg_yearly": 1.23,
            "eps_latest_yearly": 1.24,
            "eps_growth_yearly": 89.34
        },
        "20212": {
            "year_quarter": 20212,
            "year": 2021,
            "quarter": 2,
            "eps": 0.56,
            "eps_growth_year": 460,
            "eps_4q": 1.58,
            "eps_4q_growth_year": 203.47,
            "roe": 4.26,
            "roe_4q": 12.84,
            "gross_profit": 259940,
            "gross_margin": 13.09,
            "gross_margin_4q_avg": 14.14,
            "net_income": 85726,
            "net_income_4q": null,
            "revenue": 1985141,
            "revenue_4q": null,
            "common_shares": 1403685,
            "book_valuer_per_share": 12.86,
            "book_valuer_per_share_4q_avg": 12.3,
            "equity": 2038643,
            "current_ratio": 115.11,
            "debt_ratio": 65.04,
            "inventory_turnover_ratio": 1.24,
            "account_receivable_turnover_ratio": 1.21,
            "reinvestment_rate": 32.89,
            "research_to_sale_ratio": 0.43,
            "price_fair": 46,
            "eps_avg_yearly": 1.31,
            "eps_latest_yearly": 2.24,
            "eps_growth_yearly": 109.9
        },
        "20213": {
            "year_quarter": 20213,
            "year": 2021,
            "quarter": 3,
            "eps": 0.39,
            "eps_growth_year": 2.63,
            "eps_4q": 1.6,
            "eps_4q_growth_year": 138.5,
            "roe": 3.3,
            "roe_4q": 12.78,
            "gross_profit": 287015,
            "gross_margin": 14.96,
            "gross_margin_4q_avg": 13.9,
            "net_income": 66079,
            "net_income_4q": null,
            "revenue": 1919179,
            "revenue_4q": null,
            "common_shares": 1403685,
            "book_valuer_per_share": 12.29,
            "book_valuer_per_share_4q_avg": 12.44,
            "equity": 1966559,
            "current_ratio": 121.91,
            "debt_ratio": 67.72,
            "inventory_turnover_ratio": 1.03,
            "account_receivable_turnover_ratio": 1.03,
            "reinvestment_rate": 38.28,
            "research_to_sale_ratio": 0.42,
            "price_fair": 47.4,
            "eps_avg_yearly": 1.35,
            "eps_latest_yearly": 1.56,
            "eps_growth_yearly": 101.23
        },
        "20214": {
            "year_quarter": 20214,
            "year": 2021,
            "quarter": 4,
            "eps": 0.39,
            "eps_growth_year": 20.25,
            "eps_4q": 1.5,
            "eps_4q_growth_year": 43.86,
            "roe": 3.15,
            "roe_4q": 13.16,
            "gross_profit": 320976,
            "gross_margin": 16.3,
            "gross_margin_4q_avg": 14.32,
            "net_income": 69617,
            "net_income_4q": null,
            "revenue": 1969041,
            "revenue_4q": null,
            "common_shares": 1591048,
            "book_valuer_per_share": 13.99,
            "book_valuer_per_share_4q_avg": 12.89,
            "equity": 2458241,
            "current_ratio": 123.56,
            "debt_ratio": 61.92,
            "inventory_turnover_ratio": 0.96,
            "account_receivable_turnover_ratio": 1.04,
            "reinvestment_rate": 47.2,
            "research_to_sale_ratio": 0.71,
            "price_fair": 49.5,
            "eps_avg_yearly": 1.41,
            "eps_latest_yearly": 1.56,
            "eps_growth_yearly": 109.23
        },
        "20221": {
            "year_quarter": 20221,
            "year": 2022,
            "quarter": 1,
            "eps": 0.57,
            "eps_growth_year": 83.87,
            "eps_4q": 1.75,
            "eps_4q_growth_year": 55.78,
            "roe": 3.97,
            "roe_4q": 14.68,
            "gross_profit": 368442,
            "gross_margin": 15.95,
            "gross_margin_4q_avg": 15.08,
            "net_income": 102097,
            "net_income_4q": null,
            "revenue": 2310069,
            "revenue_4q": null,
            "common_shares": 1610120,
            "book_valuer_per_share": 14.95,
            "book_valuer_per_share_4q_avg": 13.52,
            "equity": 2683578,
            "current_ratio": 125.9,
            "debt_ratio": 61.9,
            "inventory_turnover_ratio": 1.02,
            "account_receivable_turnover_ratio": 1.14,
            "reinvestment_rate": 62.34,
            "research_to_sale_ratio": 0.48,
            "price_fair": 50.8,
            "eps_avg_yearly": 1.45,
            "eps_latest_yearly": 2.28,
            "eps_growth_yearly": 81.14
        },
        "20222": {
            "year_quarter": 20222,
            "year": 2022,
            "quarter": 2,
            "eps": 1.18,
            "eps_growth_year": 110.71,
            "eps_4q": 2.45,
            "eps_4q_growth_year": 54.99,
            "roe": 8.29,
            "roe_4q": 18.71,
            "gross_profit": 530374,
            "gross_margin": 19.29,
            "gross_margin_4q_avg": 16.63,
            "net_income": 223346,
            "net_income_4q": null,
            "revenue": 2749824,
            "revenue_4q": null,
            "common_shares": 1615886,
            "book_valuer_per_share": 14.88,
            "book_valuer_per_share_4q_avg": 14.03,
            "equity": 2704743,
            "current_ratio": 125.39,
            "debt_ratio": 63.16,
            "inventory_turnover_ratio": 1.13,
            "account_receivable_turnover_ratio": 1.18,
            "reinvestment_rate": 49.45,
            "research_to_sale_ratio": 0.41,
            "price_fair": 58.1,
            "eps_avg_yearly": 1.66,
            "eps_latest_yearly": 4.72,
            "eps_growth_yearly": 111.07
        },
        "20223": {
            "year_quarter": 20223,
            "year": 2022,
            "quarter": 3,
            "eps": 1.14,
            "eps_growth_year": 192.31,
            "eps_4q": 3.26,
            "eps_4q_growth_year": 104.07,
            "roe": 6.57,
            "roe_4q": 21.979999999999997,
            "gross_profit": 400096,
            "gross_margin": 17.41,
            "gross_margin_4q_avg": 17.24,
            "net_income": 186139,
            "net_income_4q": null,
            "revenue": 2297493,
            "revenue_4q": null,
            "common_shares": 1616652,
            "book_valuer_per_share": 16.42,
            "book_valuer_per_share_4q_avg": 15.06,
            "equity": 2960240,
            "current_ratio": 136.8,
            "debt_ratio": 57.67,
            "inventory_turnover_ratio": 1.04,
            "account_receivable_turnover_ratio": 0.98,
            "reinvestment_rate": 45.49,
            "research_to_sale_ratio": 0.47,
            "price_fair": 67,
            "eps_avg_yearly": 1.91,
            "eps_latest_yearly": 4.56,
            "eps_growth_yearly": 122.8
        },
        "20224": {
            "year_quarter": 20224,
            "year": 2022,
            "quarter": 4,
            "eps": 0.15,
            "eps_growth_year": -62.21,
            "eps_4q": 3.02,
            "eps_4q_growth_year": 101.61,
            "roe": 0.88,
            "roe_4q": 19.709999999999997,
            "gross_profit": 279153,
            "gross_margin": 16.71,
            "gross_margin_4q_avg": 17.34,
            "net_income": 26488,
            "net_income_4q": null,
            "revenue": 1670899,
            "revenue_4q": null,
            "common_shares": 1616652,
            "book_valuer_per_share": 16.9,
            "book_valuer_per_share_4q_avg": 15.79,
            "equity": 3034305,
            "current_ratio": 201.67,
            "debt_ratio": 51.89,
            "inventory_turnover_ratio": 0.82,
            "account_receivable_turnover_ratio": 0.88,
            "reinvestment_rate": 47.52,
            "research_to_sale_ratio": 0.84,
            "price_fair": 65.9,
            "eps_avg_yearly": 1.88,
            "eps_latest_yearly": 0.6,
            "eps_growth_yearly": 96.85
        },
        "20231": {
            "year_quarter": 20231,
            "year": 2023,
            "quarter": 1,
            "eps": 0.35,
            "eps_growth_year": -38.6,
            "eps_4q": 2.81,
            "eps_4q_growth_year": 60.45,
            "roe": 2.13,
            "roe_4q": 17.869999999999997,
            "gross_profit": 260101,
            "gross_margin": 16,
            "gross_margin_4q_avg": 17.35,
            "net_income": 65434,
            "net_income_4q": null,
            "revenue": 1625137,
            "revenue_4q": null,
            "common_shares": 1616652,
            "book_valuer_per_share": 17.27,
            "book_valuer_per_share_4q_avg": 16.37,
            "equity": 3099532,
            "current_ratio": 206.65,
            "debt_ratio": 50.83,
            "inventory_turnover_ratio": 0.78,
            "account_receivable_turnover_ratio": 1.02,
            "reinvestment_rate": 46.03,
            "research_to_sale_ratio": 0.59,
            "price_fair": 64.9,
            "eps_avg_yearly": 1.85,
            "eps_latest_yearly": 1.4,
            "eps_growth_yearly": 114.06
        },
        "20232": {
            "year_quarter": 20232,
            "year": 2023,
            "quarter": 2,
            "eps": 0.35,
            "eps_growth_year": -70.34,
            "eps_4q": 1.99,
            "eps_4q_growth_year": -18.98,
            "roe": 2.18,
            "roe_4q": 11.760000000000002,
            "gross_profit": 245696,
            "gross_margin": 14.18,
            "gross_margin_4q_avg": 16.08,
            "net_income": 65144,
            "net_income_4q": null,
            "revenue": 1732974,
            "revenue_4q": null,
            "common_shares": 1616680,
            "book_valuer_per_share": 15.71,
            "book_valuer_per_share_4q_avg": 16.58,
            "equity": 2863654,
            "current_ratio": 183.28,
            "debt_ratio": 54.96,
            "inventory_turnover_ratio": 0.81,
            "account_receivable_turnover_ratio": 1.09,
            "reinvestment_rate": 43.03,
            "research_to_sale_ratio": 0.66,
            "price_fair": 64.2,
            "eps_avg_yearly": 1.83,
            "eps_latest_yearly": 1.4,
            "eps_growth_yearly": 115.97
        },
        "20233": {
            "year_quarter": 20233,
            "year": 2023,
            "quarter": 3,
            "eps": 0.33,
            "eps_growth_year": -71.05,
            "eps_4q": 1.18,
            "eps_4q_growth_year": -63.69,
            "roe": 2.04,
            "roe_4q": 7.23,
            "gross_profit": 222493,
            "gross_margin": 13.44,
            "gross_margin_4q_avg": 15.08,
            "net_income": 58895,
            "net_income_4q": null,
            "revenue": 1655835,
            "revenue_4q": null,
            "common_shares": 1617912,
            "book_valuer_per_share": 16.16,
            "book_valuer_per_share_4q_avg": 16.51,
            "equity": 2904497,
            "current_ratio": 202.31,
            "debt_ratio": 52.22,
            "inventory_turnover_ratio": 0.81,
            "account_receivable_turnover_ratio": 1.07,
            "reinvestment_rate": 38.84,
            "research_to_sale_ratio": 0.61,
            "price_fair": 65.2,
            "eps_avg_yearly": 1.86,
            "eps_latest_yearly": 1.32,
            "eps_growth_yearly": 127.26
        }
    },
    "months": {
        "2002-08": {
            "month": "2002-08",
            "price": "7.00",
            "revenue": 53239
        },
        "2002-09": {
            "month": "2002-09",
            "price": "6.18",
            "revenue": 64155
        },
        "2002-10": {
            "month": "2002-10",
            "price": "5.85",
            "revenue": 55219
        },
        "2002-11": {
            "month": "2002-11",
            "price": "8.10",
            "revenue": 69864
        },
        "2002-12": {
            "month": "2002-12",
            "price": "7.55",
            "revenue": 65370
        },
        "2003-01": {
            "month": "2003-01",
            "price": "7.90",
            "revenue": 52465
        },
        "2003-02": {
            "month": "2003-02",
            "price": "8.67",
            "revenue": 60521
        },
        "2003-03": {
            "month": "2003-03",
            "price": "16.00",
            "revenue": 75184
        },
        "2003-04": {
            "month": "2003-04",
            "price": "13.14",
            "revenue": 105717
        },
        "2003-05": {
            "month": "2003-05",
            "price": "12.52",
            "revenue": 94398
        },
        "2003-06": {
            "month": "2003-06",
            "price": "14.63",
            "revenue": 78876
        },
        "2003-07": {
            "month": "2003-07",
            "price": "14.83",
            "revenue": 83052
        },
        "2003-08": {
            "month": "2003-08",
            "price": "15.91",
            "revenue": 82267
        },
        "2003-09": {
            "month": "2003-09",
            "price": "14.26",
            "revenue": 70937
        },
        "2003-10": {
            "month": "2003-10",
            "price": "13.90",
            "revenue": 72908
        },
        "2003-11": {
            "month": "2003-11",
            "price": "14.56",
            "revenue": 67657
        },
        "2003-12": {
            "month": "2003-12",
            "price": "14.47",
            "revenue": 53156
        },
        "2004-01": {
            "month": "2004-01",
            "price": "14.06",
            "revenue": 52886
        },
        "2004-02": {
            "month": "2004-02",
            "price": "14.93",
            "revenue": 68658
        },
        "2004-03": {
            "month": "2004-03",
            "price": "25.63",
            "revenue": 115822
        },
        "2004-04": {
            "month": "2004-04",
            "price": "29.08",
            "revenue": 91127
        },
        "2004-05": {
            "month": "2004-05",
            "price": "22.08",
            "revenue": 81610
        },
        "2004-06": {
            "month": "2004-06",
            "price": "25.55",
            "revenue": 98905
        },
        "2004-07": {
            "month": "2004-07",
            "price": "20.51",
            "revenue": 105945
        },
        "2004-08": {
            "month": "2004-08",
            "price": "22.18",
            "revenue": 116586
        },
        "2004-09": {
            "month": "2004-09",
            "price": "17.99",
            "revenue": 120789
        },
        "2004-10": {
            "month": "2004-10",
            "price": "14.18",
            "revenue": 112745
        },
        "2004-11": {
            "month": "2004-11",
            "price": "13.45",
            "revenue": 117719
        },
        "2004-12": {
            "month": "2004-12",
            "price": "11.28",
            "revenue": 103463
        },
        "2005-01": {
            "month": "2005-01",
            "price": "11.65",
            "revenue": 72026
        },
        "2005-02": {
            "month": "2005-02",
            "price": "11.78",
            "revenue": 55137
        },
        "2005-03": {
            "month": "2005-03",
            "price": "11.09",
            "revenue": 101151
        },
        "2005-04": {
            "month": "2005-04",
            "price": "9.57",
            "revenue": 91697
        },
        "2005-05": {
            "month": "2005-05",
            "price": "8.46",
            "revenue": 83886
        },
        "2005-06": {
            "month": "2005-06",
            "price": "9.23",
            "revenue": 81540
        },
        "2005-07": {
            "month": "2005-07",
            "price": "11.09",
            "revenue": 101097
        },
        "2005-08": {
            "month": "2005-08",
            "price": "9.85",
            "revenue": 90414
        },
        "2005-09": {
            "month": "2005-09",
            "price": "8.92",
            "revenue": 85339
        },
        "2005-10": {
            "month": "2005-10",
            "price": "8.31",
            "revenue": 86815
        },
        "2005-11": {
            "month": "2005-11",
            "price": "7.99",
            "revenue": 99496
        },
        "2005-12": {
            "month": "2005-12",
            "price": "8.96",
            "revenue": 112826
        },
        "2006-01": {
            "month": "2006-01",
            "price": "9.75",
            "revenue": 171793
        },
        "2006-02": {
            "month": "2006-02",
            "price": "10.49",
            "revenue": 105516
        },
        "2006-03": {
            "month": "2006-03",
            "price": "10.71",
            "revenue": 145058
        },
        "2006-04": {
            "month": "2006-04",
            "price": "12.81",
            "revenue": 140098
        },
        "2006-05": {
            "month": "2006-05",
            "price": "14.36",
            "revenue": 137679
        },
        "2006-06": {
            "month": "2006-06",
            "price": "13.21",
            "revenue": 145841
        },
        "2006-07": {
            "month": "2006-07",
            "price": "14.35",
            "revenue": 191335
        },
        "2006-08": {
            "month": "2006-08",
            "price": "15.74",
            "revenue": 198253
        },
        "2006-09": {
            "month": "2006-09",
            "price": "17.33",
            "revenue": 207556
        },
        "2006-10": {
            "month": "2006-10",
            "price": "17.98",
            "revenue": 153335
        },
        "2006-11": {
            "month": "2006-11",
            "price": "18.50",
            "revenue": 174244
        },
        "2006-12": {
            "month": "2006-12",
            "price": "21.76",
            "revenue": 185537
        },
        "2007-01": {
            "month": "2007-01",
            "price": "22.74",
            "revenue": 167163
        },
        "2007-02": {
            "month": "2007-02",
            "price": "21.76",
            "revenue": 114300
        },
        "2007-03": {
            "month": "2007-03",
            "price": "23.54",
            "revenue": 213546
        },
        "2007-04": {
            "month": "2007-04",
            "price": "24.22",
            "revenue": 221431
        },
        "2007-05": {
            "month": "2007-05",
            "price": "24.63",
            "revenue": 238636
        },
        "2007-06": {
            "month": "2007-06",
            "price": "26.29",
            "revenue": 222452
        },
        "2007-07": {
            "month": "2007-07",
            "price": "27.61",
            "revenue": 232614
        },
        "2007-08": {
            "month": "2007-08",
            "price": "24.99",
            "revenue": 239339
        },
        "2007-09": {
            "month": "2007-09",
            "price": "23.20",
            "revenue": 242999
        },
        "2007-10": {
            "month": "2007-10",
            "price": "22.09",
            "revenue": 235872
        },
        "2007-11": {
            "month": "2007-11",
            "price": "19.23",
            "revenue": 242101
        },
        "2007-12": {
            "month": "2007-12",
            "price": "17.90",
            "revenue": 218413
        },
        "2008-01": {
            "month": "2008-01",
            "price": "16.58",
            "revenue": 229652
        },
        "2008-02": {
            "month": "2008-02",
            "price": "15.95",
            "revenue": 150938
        },
        "2008-03": {
            "month": "2008-03",
            "price": "16.35",
            "revenue": 223557
        },
        "2008-04": {
            "month": "2008-04",
            "price": "17.23",
            "revenue": 229336
        },
        "2008-05": {
            "month": "2008-05",
            "price": "17.96",
            "revenue": 245048
        },
        "2008-06": {
            "month": "2008-06",
            "price": "16.73",
            "revenue": 233798
        },
        "2008-07": {
            "month": "2008-07",
            "price": "14.65",
            "revenue": 232714
        },
        "2008-08": {
            "month": "2008-08",
            "price": "13.91",
            "revenue": 225303
        },
        "2008-09": {
            "month": "2008-09",
            "price": "11.74",
            "revenue": 217339
        },
        "2008-10": {
            "month": "2008-10",
            "price": "8.45",
            "revenue": 188585
        },
        "2008-11": {
            "month": "2008-11",
            "price": "6.02",
            "revenue": 120668
        },
        "2008-12": {
            "month": "2008-12",
            "price": "5.09",
            "revenue": 89246
        },
        "2009-01": {
            "month": "2009-01",
            "price": "4.95",
            "revenue": 76468
        },
        "2009-02": {
            "month": "2009-02",
            "price": "4.92",
            "revenue": 120745
        },
        "2009-03": {
            "month": "2009-03",
            "price": "6.32",
            "revenue": 122699
        },
        "2009-04": {
            "month": "2009-04",
            "price": "8.34",
            "revenue": 131508
        },
        "2009-05": {
            "month": "2009-05",
            "price": "9.00",
            "revenue": 140874
        },
        "2009-06": {
            "month": "2009-06",
            "price": "8.52",
            "revenue": 142651
        },
        "2009-07": {
            "month": "2009-07",
            "price": "9.63",
            "revenue": 155242
        },
        "2009-08": {
            "month": "2009-08",
            "price": "12.41",
            "revenue": 158960
        },
        "2009-09": {
            "month": "2009-09",
            "price": "14.48",
            "revenue": 164571
        },
        "2009-10": {
            "month": "2009-10",
            "price": "15.71",
            "revenue": 171969
        },
        "2009-11": {
            "month": "2009-11",
            "price": "15.47",
            "revenue": 162091
        },
        "2009-12": {
            "month": "2009-12",
            "price": "16.41",
            "revenue": 204870
        },
        "2010-01": {
            "month": "2010-01",
            "price": "17.29",
            "revenue": 527438
        },
        "2010-02": {
            "month": "2010-02",
            "price": "16.26",
            "revenue": 313741
        },
        "2010-03": {
            "month": "2010-03",
            "price": "16.88",
            "revenue": 576762
        },
        "2010-04": {
            "month": "2010-04",
            "price": "17.45",
            "revenue": 553870
        },
        "2010-05": {
            "month": "2010-05",
            "price": "16.85",
            "revenue": 530252
        },
        "2010-06": {
            "month": "2010-06",
            "price": "16.15",
            "revenue": 517581
        },
        "2010-07": {
            "month": "2010-07",
            "price": "16.01",
            "revenue": 509901
        },
        "2010-08": {
            "month": "2010-08",
            "price": "16.23",
            "revenue": 508564
        },
        "2010-09": {
            "month": "2010-09",
            "price": "15.69",
            "revenue": 507975
        },
        "2010-10": {
            "month": "2010-10",
            "price": "15.55",
            "revenue": 518850
        },
        "2010-11": {
            "month": "2010-11",
            "price": "14.41",
            "revenue": 522323
        },
        "2010-12": {
            "month": "2010-12",
            "price": "14.72",
            "revenue": 526942
        },
        "2011-01": {
            "month": "2011-01",
            "price": "14.47",
            "revenue": 513151
        },
        "2011-02": {
            "month": "2011-02",
            "price": "14.44",
            "revenue": 412488
        },
        "2011-03": {
            "month": "2011-03",
            "price": "14.18",
            "revenue": 577257
        },
        "2011-04": {
            "month": "2011-04",
            "price": "13.95",
            "revenue": 609117
        },
        "2011-05": {
            "month": "2011-05",
            "price": "13.66",
            "revenue": 539737
        },
        "2011-06": {
            "month": "2011-06",
            "price": "13.48",
            "revenue": 540516
        },
        "2011-07": {
            "month": "2011-07",
            "price": "13.48",
            "revenue": 592509
        },
        "2011-08": {
            "month": "2011-08",
            "price": "11.97",
            "revenue": 568143
        },
        "2011-09": {
            "month": "2011-09",
            "price": "11.14",
            "revenue": 547299
        },
        "2011-10": {
            "month": "2011-10",
            "price": "10.70",
            "revenue": 484041
        },
        "2011-11": {
            "month": "2011-11",
            "price": "9.06",
            "revenue": 450684
        },
        "2011-12": {
            "month": "2011-12",
            "price": "7.96",
            "revenue": 414457
        },
        "2012-01": {
            "month": "2012-01",
            "price": "7.92",
            "revenue": 343088
        },
        "2012-02": {
            "month": "2012-02",
            "price": "9.11",
            "revenue": 430343
        },
        "2012-03": {
            "month": "2012-03",
            "price": "9.63",
            "revenue": 456475
        },
        "2012-04": {
            "month": "2012-04",
            "price": "8.75",
            "revenue": 384528
        },
        "2012-05": {
            "month": "2012-05",
            "price": "7.91",
            "revenue": 419858
        },
        "2012-06": {
            "month": "2012-06",
            "price": "6.79",
            "revenue": 414870
        },
        "2012-07": {
            "month": "2012-07",
            "price": "6.85",
            "revenue": 473403
        },
        "2012-08": {
            "month": "2012-08",
            "price": "6.80",
            "revenue": 406150
        },
        "2012-09": {
            "month": "2012-09",
            "price": "6.78",
            "revenue": 397048
        },
        "2012-10": {
            "month": "2012-10",
            "price": "6.21",
            "revenue": 454915
        },
        "2012-11": {
            "month": "2012-11",
            "price": "5.41",
            "revenue": 432985
        },
        "2012-12": {
            "month": "2012-12",
            "price": "5.78",
            "revenue": 346702
        },
        "2013-01": {
            "month": "2013-01",
            "price": "6.44",
            "revenue": 427879
        },
        "2013-02": {
            "month": "2013-02",
            "price": "7.22",
            "revenue": 341570
        },
        "2013-03": {
            "month": "2013-03",
            "price": "6.92",
            "revenue": 417704
        },
        "2013-04": {
            "month": "2013-04",
            "price": "7.01",
            "revenue": 391151
        },
        "2013-05": {
            "month": "2013-05",
            "price": "7.11",
            "revenue": 412834
        },
        "2013-06": {
            "month": "2013-06",
            "price": "6.90",
            "revenue": 386244
        },
        "2013-07": {
            "month": "2013-07",
            "price": "6.72",
            "revenue": 373431
        },
        "2013-08": {
            "month": "2013-08",
            "price": "6.50",
            "revenue": 335854
        },
        "2013-09": {
            "month": "2013-09",
            "price": "6.41",
            "revenue": 328149
        },
        "2013-10": {
            "month": "2013-10",
            "price": "6.46",
            "revenue": 340323
        },
        "2013-11": {
            "month": "2013-11",
            "price": "6.15",
            "revenue": 327562
        },
        "2013-12": {
            "month": "2013-12",
            "price": "6.31",
            "revenue": 310271
        },
        "2014-01": {
            "month": "2014-01",
            "price": "6.98",
            "revenue": 316175
        },
        "2014-02": {
            "month": "2014-02",
            "price": "8.35",
            "revenue": 337430
        },
        "2014-03": {
            "month": "2014-03",
            "price": "9.93",
            "revenue": 376931
        },
        "2014-04": {
            "month": "2014-04",
            "price": "8.82",
            "revenue": 351043
        },
        "2014-05": {
            "month": "2014-05",
            "price": "8.66",
            "revenue": 349708
        },
        "2014-06": {
            "month": "2014-06",
            "price": "8.87",
            "revenue": 380114
        },
        "2014-07": {
            "month": "2014-07",
            "price": "9.35",
            "revenue": 379146
        },
        "2014-08": {
            "month": "2014-08",
            "price": "8.44",
            "revenue": 358837
        },
        "2014-09": {
            "month": "2014-09",
            "price": "8.20",
            "revenue": 353309
        },
        "2014-10": {
            "month": "2014-10",
            "price": "7.61",
            "revenue": 355435
        },
        "2014-11": {
            "month": "2014-11",
            "price": "7.10",
            "revenue": 358685
        },
        "2014-12": {
            "month": "2014-12",
            "price": "7.29",
            "revenue": 352174
        },
        "2015-01": {
            "month": "2015-01",
            "price": "7.82",
            "revenue": 383480
        },
        "2015-02": {
            "month": "2015-02",
            "price": "7.68",
            "revenue": 302362
        },
        "2015-03": {
            "month": "2015-03",
            "price": "7.51",
            "revenue": 373046
        },
        "2015-04": {
            "month": "2015-04",
            "price": "7.15",
            "revenue": 346378
        },
        "2015-05": {
            "month": "2015-05",
            "price": "6.97",
            "revenue": 335543
        },
        "2015-06": {
            "month": "2015-06",
            "price": "7.00",
            "revenue": 327009
        },
        "2015-07": {
            "month": "2015-07",
            "price": "6.42",
            "revenue": 304686
        },
        "2015-08": {
            "month": "2015-08",
            "price": "5.63",
            "revenue": 312961
        },
        "2015-09": {
            "month": "2015-09",
            "price": "5.99",
            "revenue": 311153
        },
        "2015-10": {
            "month": "2015-10",
            "price": "6.49",
            "revenue": 328849
        },
        "2015-11": {
            "month": "2015-11",
            "price": "6.14",
            "revenue": 343824
        },
        "2015-12": {
            "month": "2015-12",
            "price": "5.93",
            "revenue": 325022
        },
        "2016-01": {
            "month": "2016-01",
            "price": "5.45",
            "revenue": 343465
        },
        "2016-02": {
            "month": "2016-02",
            "price": "5.87",
            "revenue": 281232
        },
        "2016-03": {
            "month": "2016-03",
            "price": "6.23",
            "revenue": 350011
        },
        "2016-04": {
            "month": "2016-04",
            "price": "5.77",
            "revenue": 305915
        },
        "2016-05": {
            "month": "2016-05",
            "price": "5.60",
            "revenue": 356627
        },
        "2016-06": {
            "month": "2016-06",
            "price": "6.43",
            "revenue": 321710
        },
        "2016-07": {
            "month": "2016-07",
            "price": "8.19",
            "revenue": 329145
        },
        "2016-08": {
            "month": "2016-08",
            "price": "9.88",
            "revenue": 336082
        },
        "2016-09": {
            "month": "2016-09",
            "price": "12.08",
            "revenue": 324337
        },
        "2016-10": {
            "month": "2016-10",
            "price": "12.25",
            "revenue": 315694
        },
        "2016-11": {
            "month": "2016-11",
            "price": "11.45",
            "revenue": 349484
        },
        "2016-12": {
            "month": "2016-12",
            "price": "11.90",
            "revenue": 344048
        },
        "2017-01": {
            "month": "2017-01",
            "price": "12.18",
            "revenue": 321921
        },
        "2017-02": {
            "month": "2017-02",
            "price": "13.74",
            "revenue": 348314
        },
        "2017-03": {
            "month": "2017-03",
            "price": "14.85",
            "revenue": 413935
        },
        "2017-04": {
            "month": "2017-04",
            "price": "14.11",
            "revenue": 339479
        },
        "2017-05": {
            "month": "2017-05",
            "price": "14.06",
            "revenue": 342570
        },
        "2017-06": {
            "month": "2017-06",
            "price": "12.77",
            "revenue": 346271
        },
        "2017-07": {
            "month": "2017-07",
            "price": "12.81",
            "revenue": 343218
        },
        "2017-08": {
            "month": "2017-08",
            "price": "13.94",
            "revenue": 389744
        },
        "2017-09": {
            "month": "2017-09",
            "price": "14.33",
            "revenue": 367532
        },
        "2017-10": {
            "month": "2017-10",
            "price": "14.06",
            "revenue": 383374
        },
        "2017-11": {
            "month": "2017-11",
            "price": "14.25",
            "revenue": 406172
        },
        "2017-12": {
            "month": "2017-12",
            "price": "13.56",
            "revenue": 366440
        },
        "2018-01": {
            "month": "2018-01",
            "price": "14.10",
            "revenue": 457471
        },
        "2018-02": {
            "month": "2018-02",
            "price": "13.62",
            "revenue": 301797
        },
        "2018-03": {
            "month": "2018-03",
            "price": "13.90",
            "revenue": 417144
        },
        "2018-04": {
            "month": "2018-04",
            "price": "13.52",
            "revenue": 372477
        },
        "2018-05": {
            "month": "2018-05",
            "price": "13.85",
            "revenue": 446961
        },
        "2018-06": {
            "month": "2018-06",
            "price": "15.50",
            "revenue": 415359
        },
        "2018-07": {
            "month": "2018-07",
            "price": "15.80",
            "revenue": 463533
        },
        "2018-08": {
            "month": "2018-08",
            "price": "17.63",
            "revenue": 455663
        },
        "2018-09": {
            "month": "2018-09",
            "price": "17.33",
            "revenue": 413020
        },
        "2018-10": {
            "month": "2018-10",
            "price": "16.49",
            "revenue": 472939
        },
        "2018-11": {
            "month": "2018-11",
            "price": "16.46",
            "revenue": 418001
        },
        "2018-12": {
            "month": "2018-12",
            "price": "18.34",
            "revenue": 431353
        },
        "2019-01": {
            "month": "2019-01",
            "price": "18.24",
            "revenue": 450408
        },
        "2019-02": {
            "month": "2019-02",
            "price": "19.41",
            "revenue": 338639
        },
        "2019-03": {
            "month": "2019-03",
            "price": "19.56",
            "revenue": 481743
        },
        "2019-04": {
            "month": "2019-04",
            "price": "20.07",
            "revenue": 429144
        },
        "2019-05": {
            "month": "2019-05",
            "price": "19.93",
            "revenue": 437035
        },
        "2019-06": {
            "month": "2019-06",
            "price": "19.48",
            "revenue": 408333
        },
        "2019-07": {
            "month": "2019-07",
            "price": "18.76",
            "revenue": 427216
        },
        "2019-08": {
            "month": "2019-08",
            "price": "17.37",
            "revenue": 416407
        },
        "2019-09": {
            "month": "2019-09",
            "price": "17.69",
            "revenue": 388476
        },
        "2019-10": {
            "month": "2019-10",
            "price": "16.93",
            "revenue": 400042
        },
        "2019-11": {
            "month": "2019-11",
            "price": "16.73",
            "revenue": 399760
        },
        "2019-12": {
            "month": "2019-12",
            "price": "16.87",
            "revenue": 372723
        },
        "2020-01": {
            "month": "2020-01",
            "price": "16.84",
            "revenue": 376391
        },
        "2020-02": {
            "month": "2020-02",
            "price": "16.31",
            "revenue": 383997
        },
        "2020-03": {
            "month": "2020-03",
            "price": "14.44",
            "revenue": 461525
        },
        "2020-04": {
            "month": "2020-04",
            "price": "14.50",
            "revenue": 383663
        },
        "2020-05": {
            "month": "2020-05",
            "price": "15.89",
            "revenue": 276734
        },
        "2020-06": {
            "month": "2020-06",
            "price": "15.81",
            "revenue": 308830
        },
        "2020-07": {
            "month": "2020-07",
            "price": "15.08",
            "revenue": 384777
        },
        "2020-08": {
            "month": "2020-08",
            "price": "15.15",
            "revenue": 435261
        },
        "2020-09": {
            "month": "2020-09",
            "price": "15.81",
            "revenue": 450588
        },
        "2020-10": {
            "month": "2020-10",
            "price": "15.73",
            "revenue": 452252
        },
        "2020-11": {
            "month": "2020-11",
            "price": "16.11",
            "revenue": 467013
        },
        "2020-12": {
            "month": "2020-12",
            "price": "17.19",
            "revenue": 463370
        },
        "2021-01": {
            "month": "2021-01",
            "price": "17.69",
            "revenue": 556886
        },
        "2021-02": {
            "month": "2021-02",
            "price": "18.21",
            "revenue": 463752
        },
        "2021-03": {
            "month": "2021-03",
            "price": "19.65",
            "revenue": 654803
        },
        "2021-04": {
            "month": "2021-04",
            "price": "24.33",
            "revenue": 611405
        },
        "2021-05": {
            "month": "2021-05",
            "price": "23.16",
            "revenue": 679706
        },
        "2021-06": {
            "month": "2021-06",
            "price": "25.21",
            "revenue": 685513
        },
        "2021-07": {
            "month": "2021-07",
            "price": "26.99",
            "revenue": 701469
        },
        "2021-08": {
            "month": "2021-08",
            "price": "24.52",
            "revenue": 630475
        },
        "2021-09": {
            "month": "2021-09",
            "price": "23.97",
            "revenue": 618057
        },
        "2021-10": {
            "month": "2021-10",
            "price": "23.30",
            "revenue": 661969
        },
        "2021-11": {
            "month": "2021-11",
            "price": "28.78",
            "revenue": 717414
        },
        "2021-12": {
            "month": "2021-12",
            "price": "39.86",
            "revenue": 621469
        },
        "2022-01": {
            "month": "2022-01",
            "price": "36.28",
            "revenue": 790708
        },
        "2022-02": {
            "month": "2022-02",
            "price": "36.60",
            "revenue": 665837
        },
        "2022-03": {
            "month": "2022-03",
            "price": "35.50",
            "revenue": 850538
        },
        "2022-04": {
            "month": "2022-04",
            "price": "37.75",
            "revenue": 916262
        },
        "2022-05": {
            "month": "2022-05",
            "price": "36.91",
            "revenue": 907821
        },
        "2022-06": {
            "month": "2022-06",
            "price": "37.18",
            "revenue": 895396
        },
        "2022-07": {
            "month": "2022-07",
            "price": "33.82",
            "revenue": 850745
        },
        "2022-08": {
            "month": "2022-08",
            "price": "38.25",
            "revenue": 808138
        },
        "2022-09": {
            "month": "2022-09",
            "price": "37.42",
            "revenue": 690544
        },
        "2022-10": {
            "month": "2022-10",
            "price": "32.26",
            "revenue": 600901
        },
        "2022-11": {
            "month": "2022-11",
            "price": "32.01",
            "revenue": 551096
        },
        "2022-12": {
            "month": "2022-12",
            "price": "30.85",
            "revenue": 499857
        },
        "2023-01": {
            "month": "2023-01",
            "price": "29.28",
            "revenue": 474634
        },
        "2023-02": {
            "month": "2023-02",
            "price": "31.06",
            "revenue": 538272
        },
        "2023-03": {
            "month": "2023-03",
            "price": "32.09",
            "revenue": 616343
        },
        "2023-04": {
            "month": "2023-04",
            "price": "32.40",
            "revenue": 633413
        },
        "2023-05": {
            "month": "2023-05",
            "price": "33.10",
            "revenue": 588741
        },
        "2023-06": {
            "month": "2023-06",
            "price": "35.51",
            "revenue": 514994
        },
        "2023-07": {
            "month": "2023-07",
            "price": "36.30",
            "revenue": 531147
        },
        "2023-08": {
            "month": "2023-08",
            "price": "34.29",
            "revenue": 604561
        },
        "2023-09": {
            "month": "2023-09",
            "price": "33.49",
            "revenue": 517941
        },
        "2023-10": {
            "month": "2023-10",
            "price": "31.31",
            "revenue": 503053
        },
        "2023-11": {
            "month": "2023-11",
            "price": "30.40",
            "revenue": 539421
        },
        "2023-12": {
            "month": "2023-12",
            "price": "30.85",
            "revenue": 483600
        }
    }
}
