{
    "summary": {
        "stock_name": "精成科",
        "stock_id": "6191",
        "category": "電子零組件",
        "main_business": "印刷電路板及組裝<br>資訊軟體服務業有線通信機械器材製造業無線通信機械器材製造業等",
        "website_url": "http://www.gbm.com.tw",
        "ceo": "賴偉珍/楊建輝",
        "pe_ratio": 8,
        "report_year_from": 2002,
        "report_year_to": 2023,
        "age": 21,
        "eps_negative_percentage": 13,
        "eps_growth_avg": {
            "last_all": 3.1,
            "last_2y": 43.42,
            "last_4y": 50.1,
            "last_8y": 18.1,
            "last_12y": -6.15,
            "last_16y": -8.77,
            "last_20y": 3.1,
            "at_2006_last_3y": 44.84,
            "at_2007_last_3y": 13.84,
            "at_2008_last_3y": -12.29,
            "at_2009_last_3y": -15.95,
            "at_2010_last_3y": -22.05,
            "at_2011_last_3y": -8.8,
            "at_2012_last_3y": -13.9,
            "at_2013_last_3y": -48.59,
            "at_2014_last_3y": -54.01,
            "at_2015_last_3y": -97,
            "at_2016_last_3y": -100,
            "at_2017_last_3y": -61.9,
            "at_2018_last_3y": -28.77,
            "at_2019_last_3y": 32.14,
            "at_2020_last_3y": 41.64,
            "at_2021_last_3y": 64.99,
            "at_2022_last_3y": 53.25,
            "at_2023_last_3y": 53.25,
            "at_2006_last_all": 44.84,
            "at_2007_last_all": 31.07,
            "at_2008_last_all": 14.13,
            "at_2009_last_all": 17.65,
            "at_2010_last_all": 11.4,
            "at_2011_last_all": 13.35,
            "at_2012_last_all": 2.92,
            "at_2013_last_all": -6.44,
            "at_2014_last_all": -6.44,
            "at_2015_last_all": -14.24,
            "at_2016_last_all": -14.24,
            "at_2017_last_all": -14.97,
            "at_2018_last_all": -11.23,
            "at_2019_last_all": -4.96,
            "at_2020_last_all": -0.27,
            "at_2021_last_all": 3.84,
            "at_2022_last_all": 3.1,
            "at_2023_last_all": 3.1
        },
        "latest_eps": 5.14,
        "latest_price": 39.55,
        "latest_roe": 13.54,
        "latest_gross_margin": 21.4,
        "latest_equity": 18666833,
        "latest_revenue": 5257755,
        "latest_gross_profit": 1125117,
        "latest_net_income": 590519,
        "latest_debt_ratio": 45.33,
        "latest_current_ratio": 176.79,
        "latest_account_receivable_turnover_ratio": 0.7,
        "latest_inventory_turnover_ratio": 1.08,
        "latest_reinvestment_rate": -7.15,
        "latest_research_to_sale_ratio": 0.16
    },
    "eps_dividends": {
        "1995": {
            "cash": 0,
            "stock": 0.12,
            "eps": 0
        },
        "2001": {
            "cash": 0,
            "stock": 0,
            "eps": -3.55
        },
        "2002": {
            "cash": 0,
            "stock": 0,
            "eps": 1.44
        },
        "2003": {
            "cash": 0,
            "stock": 0,
            "eps": 3.48
        },
        "2004": {
            "cash": 0,
            "stock": 1,
            "eps": 4.66
        },
        "2005": {
            "cash": 1,
            "stock": 1,
            "eps": 7.15
        },
        "2006": {
            "cash": 2,
            "stock": 1.5,
            "eps": 6.58
        },
        "2007": {
            "cash": 2.5,
            "stock": 1,
            "eps": 5
        },
        "2008": {
            "cash": 1.51,
            "stock": 2.01,
            "eps": 1.47
        },
        "2009": {
            "cash": 0,
            "stock": 1,
            "eps": 2.04
        },
        "2010": {
            "cash": 0.6,
            "stock": 1.19,
            "eps": 1.38
        },
        "2011": {
            "cash": 0.85,
            "stock": 1.31,
            "eps": 1.78
        },
        "2012": {
            "cash": 0,
            "stock": 0,
            "eps": 0.16
        },
        "2013": {
            "cash": 0,
            "stock": 0,
            "eps": -0.71
        },
        "2014": {
            "cash": 0,
            "stock": 0,
            "eps": 0.25
        },
        "2015": {
            "cash": 0,
            "stock": 0,
            "eps": -0.64
        },
        "2016": {
            "cash": 0,
            "stock": 0,
            "eps": 1.05
        },
        "2017": {
            "cash": 0.4,
            "stock": 0,
            "eps": 0.8
        },
        "2018": {
            "cash": 0.6,
            "stock": 0,
            "eps": 1.1
        },
        "2019": {
            "cash": 0.3,
            "stock": 0,
            "eps": 2.01
        },
        "2020": {
            "cash": 0.5,
            "stock": 0,
            "eps": 3.42
        },
        "2021": {
            "cash": 0.8,
            "stock": 0,
            "eps": 5.8
        },
        "2022": {
            "cash": 1.74,
            "stock": 0,
            "eps": 5.25
        },
        "2023": {
            "cash": 2.6,
            "stock": 0,
            "eps": 1.26
        }
    },
    "dividends": {
        "1995-06-15": {
            "cash": 0,
            "stock": 0.12
        },
        "2004-03-16": {
            "cash": 0,
            "stock": 1
        },
        "2005-04-22": {
            "cash": 1,
            "stock": 1
        },
        "2006-03-21": {
            "cash": 2,
            "stock": 1.5
        },
        "2007-03-12": {
            "cash": 2.5,
            "stock": 1
        },
        "2008-04-16": {
            "cash": 1.51,
            "stock": 2.01
        },
        "2009-03-26": {
            "cash": 0,
            "stock": 1
        },
        "2010-03-26": {
            "cash": 0.6,
            "stock": 1.19
        },
        "2011-01-01": {
            "cash": 0.62,
            "stock": 0.62
        },
        "2011-03-17": {
            "cash": 0.23,
            "stock": 0.69
        },
        "2017-08-31": {
            "cash": 0.4,
            "stock": 0
        },
        "2018-08-31": {
            "cash": 0.6,
            "stock": 0
        },
        "2019-08-15": {
            "cash": 0.3,
            "stock": 0
        },
        "2020-08-20": {
            "cash": 0.5,
            "stock": 0
        },
        "2021-09-10": {
            "cash": 0.8,
            "stock": 0
        },
        "2022-09-02": {
            "cash": 1.74,
            "stock": 0
        },
        "2023-05-03": {
            "cash": 2.6,
            "stock": 0
        }
    },
    "prices": {
        "200101": "無",
        "200102": "無",
        "200103": "無",
        "200104": "無",
        "200105": "無",
        "200106": "無",
        "200107": "無",
        "200108": "無",
        "200109": "無",
        "200110": "無",
        "200111": "無",
        "200112": "無",
        "200201": "無",
        "200202": "無",
        "200203": "無",
        "200204": "無",
        "200205": "無",
        "200206": "無",
        "200207": "無",
        "200208": "27.10",
        "200209": "22.60",
        "200210": "19.48",
        "200211": "27.16",
        "200212": "30.74",
        "200301": "37.77",
        "200302": "38.40",
        "200303": "39.05",
        "200304": "37.75",
        "200305": "36.34",
        "200306": "41.46",
        "200307": "61.02",
        "200308": "60.88",
        "200309": "61.24",
        "200310": "62.61",
        "200311": "56.93",
        "200312": "70.39",
        "200401": "88.60",
        "200402": "83.90",
        "200403": "82.65",
        "200404": "82.66",
        "200405": "70.71",
        "200406": "66.52",
        "200407": "64.84",
        "200408": "56.26",
        "200409": "47.39",
        "200410": "48.82",
        "200411": "45.61",
        "200412": "44.93",
        "200501": "43.60",
        "200502": "46.42",
        "200503": "50.48",
        "200504": "47.27",
        "200505": "44.85",
        "200506": "51.19",
        "200507": "57.93",
        "200508": "54.83",
        "200509": "46.46",
        "200510": "46.56",
        "200511": "47.13",
        "200512": "64.05",
        "200601": "67.66",
        "200602": "62.82",
        "200603": "62.37",
        "200604": "64.49",
        "200605": "64.45",
        "200606": "56.15",
        "200607": "52.74",
        "200608": "49.01",
        "200609": "51.86",
        "200610": "51.09",
        "200611": "50.74",
        "200612": "61.27",
        "200701": "60.52",
        "200702": "62.12",
        "200703": "60.95",
        "200704": "60.92",
        "200705": "56.46",
        "200706": "56.27",
        "200707": "57.12",
        "200708": "50.45",
        "200709": "49.41",
        "200710": "49.92",
        "200711": "47.71",
        "200712": "43.54",
        "200801": "38.68",
        "200802": "35.76",
        "200803": "35.02",
        "200804": "37.85",
        "200805": "38.50",
        "200806": "33.11",
        "200807": "28.85",
        "200808": "23.67",
        "200809": "17.22",
        "200810": "12.15",
        "200811": "10.05",
        "200812": "9.66",
        "200901": "9.38",
        "200902": "9.96",
        "200903": "12.50",
        "200904": "18.31",
        "200905": "17.22",
        "200906": "16.10",
        "200907": "17.48",
        "200908": "18.38",
        "200909": "17.98",
        "200910": "18.68",
        "200911": "20.07",
        "200912": "22.33",
        "201001": "22.95",
        "201002": "21.36",
        "201003": "24.61",
        "201004": "25.51",
        "201005": "21.17",
        "201006": "20.22",
        "201007": "20.76",
        "201008": "21.42",
        "201009": "20.33",
        "201010": "19.18",
        "201011": "18.21",
        "201012": "20.41",
        "201101": "19.44",
        "201102": "18.80",
        "201103": "18.40",
        "201104": "18.35",
        "201105": "17.78",
        "201106": "17.30",
        "201107": "17.09",
        "201108": "14.67",
        "201109": "14.76",
        "201110": "13.94",
        "201111": "13.96",
        "201112": "12.58",
        "201201": "13.11",
        "201202": "15.44",
        "201203": "16.29",
        "201204": "14.94",
        "201205": "13.43",
        "201206": "12.70",
        "201207": "12.81",
        "201208": "12.62",
        "201209": "11.74",
        "201210": "10.76",
        "201211": "9.66",
        "201212": "10.25",
        "201301": "10.14",
        "201302": "10.46",
        "201303": "10.85",
        "201304": "10.25",
        "201305": "10.58",
        "201306": "10.37",
        "201307": "10.36",
        "201308": "10.13",
        "201309": "10.18",
        "201310": "10.54",
        "201311": "10.04",
        "201312": "10.39",
        "201401": "10.89",
        "201402": "11.33",
        "201403": "11.04",
        "201404": "10.80",
        "201405": "10.19",
        "201406": "10.74",
        "201407": "10.86",
        "201408": "10.80",
        "201409": "10.79",
        "201410": "9.82",
        "201411": "9.80",
        "201412": "9.94",
        "201501": "10.53",
        "201502": "10.51",
        "201503": "10.46",
        "201504": "9.81",
        "201505": "8.83",
        "201506": "7.93",
        "201507": "7.18",
        "201508": "6.24",
        "201509": "6.59",
        "201510": "7.14",
        "201511": "6.91",
        "201512": "7.02",
        "201601": "6.67",
        "201602": "7.01",
        "201603": "7.42",
        "201604": "7.17",
        "201605": "7.28",
        "201606": "7.61",
        "201607": "7.90",
        "201608": "8.92",
        "201609": "9.92",
        "201610": "10.54",
        "201611": "10.98",
        "201612": "12.63",
        "201701": "12.19",
        "201702": "12.89",
        "201703": "13.08",
        "201704": "12.38",
        "201705": "11.04",
        "201706": "11.07",
        "201707": "10.99",
        "201708": "11.93",
        "201709": "13.12",
        "201710": "13.56",
        "201711": "13.52",
        "201712": "13.12",
        "201801": "13.01",
        "201802": "11.92",
        "201803": "12.86",
        "201804": "12.72",
        "201805": "15.12",
        "201806": "16.02",
        "201807": "16.23",
        "201808": "14.99",
        "201809": "13.73",
        "201810": "12.05",
        "201811": "12.62",
        "201812": "13.01",
        "201901": "12.85",
        "201902": "13.95",
        "201903": "13.62",
        "201904": "14.22",
        "201905": "14.45",
        "201906": "14.32",
        "201907": "15.55",
        "201908": "16.56",
        "201909": "17.44",
        "201910": "17.25",
        "201911": "16.98",
        "201912": "16.88",
        "202001": "16.32",
        "202002": "14.80",
        "202003": "12.78",
        "202004": "13.48",
        "202005": "13.86",
        "202006": "14.40",
        "202007": "15.76",
        "202008": "19.07",
        "202009": "20.66",
        "202010": "22.08",
        "202011": "22.94",
        "202012": "25.61",
        "202101": "25.17",
        "202102": "25.71",
        "202103": "29.79",
        "202104": "33.72",
        "202105": "30.65",
        "202106": "32.90",
        "202107": "35.36",
        "202108": "34.18",
        "202109": "32.11",
        "202110": "32.66",
        "202111": "37.40",
        "202112": "38.32",
        "202201": "36.54",
        "202202": "35.86",
        "202203": "34.31",
        "202204": "32.76",
        "202205": "31.08",
        "202206": "31.57",
        "202207": "28.05",
        "202208": "28.90",
        "202209": "27.07",
        "202210": "25.38",
        "202211": "29.25",
        "202212": "28.53",
        "202301": "27.94",
        "202302": "29.59",
        "202303": "31.99",
        "202304": "33.81",
        "202305": "37.67"
    },
    "quarters": {
        "20011": {
            "year_quarter": 20011,
            "year": 2001,
            "quarter": 1,
            "eps": 0.3,
            "eps_growth_year": 0,
            "eps_4q": 2.54,
            "eps_4q_growth_year": 270.89,
            "roe": 2.73,
            "roe_4q": 2.73,
            "gross_profit": 56403,
            "gross_margin": 14.37,
            "gross_margin_4q_avg": 14.37,
            "net_income": 22331,
            "revenue": 392420,
            "common_shares": 756296,
            "book_valuer_per_share": 10.98,
            "book_valuer_per_share_4q_avg": 10.98,
            "equity": 830595,
            "current_ratio": 103.15,
            "debt_ratio": 67.27,
            "inventory_turnover_ratio": 1.75,
            "account_receivable_turnover_ratio": null,
            "reinvestment_rate": null,
            "research_to_sale_ratio": null,
            "price_fair": 0,
            "eps_avg_yearly": 0,
            "eps_latest_yearly": 0,
            "eps_growth_yearly": 0
        },
        "20012": {
            "year_quarter": 20012,
            "year": 2001,
            "quarter": 2,
            "eps": -0.34,
            "eps_growth_year": -137.36,
            "eps_4q": 1.25,
            "eps_4q_growth_year": -37.87,
            "roe": -3.17,
            "roe_4q": -0.43999999999999995,
            "gross_profit": 32603,
            "gross_margin": 12.03,
            "gross_margin_4q_avg": 13.2,
            "net_income": -26070,
            "revenue": 271104,
            "common_shares": 756296,
            "book_valuer_per_share": 10.75,
            "book_valuer_per_share_4q_avg": 10.87,
            "equity": 813016,
            "current_ratio": 101.14,
            "debt_ratio": 66.88,
            "inventory_turnover_ratio": 0.99,
            "account_receivable_turnover_ratio": null,
            "reinvestment_rate": null,
            "research_to_sale_ratio": null,
            "price_fair": 0,
            "eps_avg_yearly": 0,
            "eps_latest_yearly": 0,
            "eps_growth_yearly": 0
        },
        "20013": {
            "year_quarter": 20013,
            "year": 2001,
            "quarter": 3,
            "eps": -0.53,
            "eps_growth_year": -161.63,
            "eps_4q": -0.14,
            "eps_4q_growth_year": -104.35,
            "roe": -5.07,
            "roe_4q": -5.51,
            "gross_profit": 1924,
            "gross_margin": 0.68,
            "gross_margin_4q_avg": 9.03,
            "net_income": -40134,
            "revenue": 281198,
            "common_shares": 756296,
            "book_valuer_per_share": 10.2,
            "book_valuer_per_share_4q_avg": 10.64,
            "equity": 771084,
            "current_ratio": 99.16,
            "debt_ratio": 67.21,
            "inventory_turnover_ratio": 1.09,
            "account_receivable_turnover_ratio": null,
            "reinvestment_rate": null,
            "research_to_sale_ratio": null,
            "price_fair": 0,
            "eps_avg_yearly": 0,
            "eps_latest_yearly": 0,
            "eps_growth_yearly": 0
        },
        "20014": {
            "year_quarter": 20014,
            "year": 2001,
            "quarter": 4,
            "eps": -2.98,
            "eps_growth_year": -777.27,
            "eps_4q": -3.61,
            "eps_4q_growth_year": -244.16,
            "roe": -31.47,
            "roe_4q": -36.980000000000004,
            "gross_profit": 26117,
            "gross_margin": 7.85,
            "gross_margin_4q_avg": 8.73,
            "net_income": -225315,
            "revenue": 332869,
            "common_shares": 756296,
            "book_valuer_per_share": 7.26,
            "book_valuer_per_share_4q_avg": 9.8,
            "equity": 660973,
            "current_ratio": 90.78,
            "debt_ratio": 71.79,
            "inventory_turnover_ratio": 1.75,
            "account_receivable_turnover_ratio": null,
            "reinvestment_rate": null,
            "research_to_sale_ratio": null,
            "price_fair": 0,
            "eps_avg_yearly": 0,
            "eps_latest_yearly": 0,
            "eps_growth_yearly": 0
        },
        "20021": {
            "year_quarter": 20021,
            "year": 2002,
            "quarter": 1,
            "eps": 0.06,
            "eps_growth_year": -80,
            "eps_4q": -3.82,
            "eps_4q_growth_year": -250.37,
            "roe": 0.74,
            "roe_4q": -38.97,
            "gross_profit": 28091,
            "gross_margin": 8.12,
            "gross_margin_4q_avg": 7.17,
            "net_income": 4507,
            "revenue": 345808,
            "common_shares": 756296,
            "book_valuer_per_share": 7.37,
            "book_valuer_per_share_4q_avg": 8.9,
            "equity": 557130,
            "current_ratio": 88.67,
            "debt_ratio": 71.47,
            "inventory_turnover_ratio": 5.08,
            "account_receivable_turnover_ratio": null,
            "reinvestment_rate": null,
            "research_to_sale_ratio": null,
            "price_fair": 0,
            "eps_avg_yearly": 0,
            "eps_latest_yearly": 0,
            "eps_growth_yearly": 0
        },
        "20022": {
            "year_quarter": 20022,
            "year": 2002,
            "quarter": 2,
            "eps": 0.26,
            "eps_growth_year": null,
            "eps_4q": -3.25,
            "eps_4q_growth_year": -359.85,
            "roe": 3.41,
            "roe_4q": -32.39,
            "gross_profit": 20140,
            "gross_margin": 8.2,
            "gross_margin_4q_avg": 6.21,
            "net_income": 19350,
            "revenue": 245466,
            "common_shares": 756296,
            "book_valuer_per_share": 7.64,
            "book_valuer_per_share_4q_avg": 8.12,
            "equity": 578077,
            "current_ratio": 91.64,
            "debt_ratio": 70.42,
            "inventory_turnover_ratio": null,
            "account_receivable_turnover_ratio": null,
            "reinvestment_rate": null,
            "research_to_sale_ratio": null,
            "price_fair": 36.4,
            "eps_avg_yearly": 1.04,
            "eps_latest_yearly": 1.04,
            "eps_growth_yearly": 1333.33
        },
        "20023": {
            "year_quarter": 20023,
            "year": 2002,
            "quarter": 3,
            "eps": 0.73,
            "eps_growth_year": null,
            "eps_4q": -1.94,
            "eps_4q_growth_year": null,
            "roe": 8.39,
            "roe_4q": -18.93,
            "gross_profit": 30434,
            "gross_margin": 8.71,
            "gross_margin_4q_avg": 8.22,
            "net_income": 55025,
            "revenue": 349598,
            "common_shares": 756296,
            "book_valuer_per_share": 9.71,
            "book_valuer_per_share_4q_avg": 8,
            "equity": 734063,
            "current_ratio": 103.84,
            "debt_ratio": 66.95,
            "inventory_turnover_ratio": null,
            "account_receivable_turnover_ratio": null,
            "reinvestment_rate": null,
            "research_to_sale_ratio": null,
            "price_fair": 69.3,
            "eps_avg_yearly": 1.98,
            "eps_latest_yearly": 2.92,
            "eps_growth_yearly": 1028.21
        },
        "20024": {
            "year_quarter": 20024,
            "year": 2002,
            "quarter": 4,
            "eps": 0.39,
            "eps_growth_year": null,
            "eps_4q": 1.39,
            "eps_4q_growth_year": null,
            "roe": 3.08,
            "roe_4q": 15.620000000000001,
            "gross_profit": 61198,
            "gross_margin": 14.22,
            "gross_margin_4q_avg": 9.81,
            "net_income": 30625,
            "revenue": 430331,
            "common_shares": 956296,
            "book_valuer_per_share": 11.08,
            "book_valuer_per_share_4q_avg": 8.95,
            "equity": 1257580,
            "current_ratio": 136.26,
            "debt_ratio": 46.02,
            "inventory_turnover_ratio": 5.77,
            "account_receivable_turnover_ratio": null,
            "reinvestment_rate": -2430.14,
            "research_to_sale_ratio": null,
            "price_fair": 64.4,
            "eps_avg_yearly": 1.84,
            "eps_latest_yearly": 1.56,
            "eps_growth_yearly": 623.37
        },
        "20031": {
            "year_quarter": 20031,
            "year": 2003,
            "quarter": 1,
            "eps": 0.61,
            "eps_growth_year": 916.67,
            "eps_4q": 1.71,
            "eps_4q_growth_year": null,
            "roe": 4.9,
            "roe_4q": 19.78,
            "gross_profit": 86336,
            "gross_margin": 8.98,
            "gross_margin_4q_avg": 10.03,
            "net_income": 58366,
            "revenue": 961348,
            "common_shares": 956296,
            "book_valuer_per_share": 11.74,
            "book_valuer_per_share_4q_avg": 10.04,
            "equity": 1122289,
            "current_ratio": 123.25,
            "debt_ratio": 60.26,
            "inventory_turnover_ratio": 4.62,
            "account_receivable_turnover_ratio": null,
            "reinvestment_rate": -713.94,
            "research_to_sale_ratio": null,
            "price_fair": 69.65,
            "eps_avg_yearly": 1.99,
            "eps_latest_yearly": 2.44,
            "eps_growth_yearly": 523.94
        },
        "20032": {
            "year_quarter": 20032,
            "year": 2003,
            "quarter": 2,
            "eps": 0.76,
            "eps_growth_year": 192.31,
            "eps_4q": 2.26,
            "eps_4q_growth_year": null,
            "roe": 6.3,
            "roe_4q": 22.67,
            "gross_profit": 78395,
            "gross_margin": 7.06,
            "gross_margin_4q_avg": 9.74,
            "net_income": 72909,
            "revenue": 1110527,
            "common_shares": 956296,
            "book_valuer_per_share": 12.48,
            "book_valuer_per_share_4q_avg": 11.25,
            "equity": 1193685,
            "current_ratio": 128.25,
            "debt_ratio": 55.92,
            "inventory_turnover_ratio": 4.35,
            "account_receivable_turnover_ratio": null,
            "reinvestment_rate": -374.07,
            "research_to_sale_ratio": null,
            "price_fair": 77,
            "eps_avg_yearly": 2.2,
            "eps_latest_yearly": 3.04,
            "eps_growth_yearly": 438.82
        },
        "20033": {
            "year_quarter": 20033,
            "year": 2003,
            "quarter": 3,
            "eps": 1.13,
            "eps_growth_year": 54.79,
            "eps_4q": 2.77,
            "eps_4q_growth_year": null,
            "roe": 7.74,
            "roe_4q": 22.019999999999996,
            "gross_profit": 73428,
            "gross_margin": 4.83,
            "gross_margin_4q_avg": 8.77,
            "net_income": 111816,
            "revenue": 1519230,
            "common_shares": 1089636,
            "book_valuer_per_share": 15.55,
            "book_valuer_per_share_4q_avg": 12.71,
            "equity": 1694877,
            "current_ratio": 140.36,
            "debt_ratio": 52.92,
            "inventory_turnover_ratio": 3.84,
            "account_receivable_turnover_ratio": null,
            "reinvestment_rate": -227.57,
            "research_to_sale_ratio": null,
            "price_fair": 90.53,
            "eps_avg_yearly": 2.59,
            "eps_latest_yearly": 4.52,
            "eps_growth_yearly": 398.14
        },
        "20034": {
            "year_quarter": 20034,
            "year": 2003,
            "quarter": 4,
            "eps": 0.98,
            "eps_growth_year": 151.28,
            "eps_4q": 3.31,
            "eps_4q_growth_year": 137.44,
            "roe": 4.21,
            "roe_4q": 23.15,
            "gross_profit": 96377,
            "gross_margin": 4,
            "gross_margin_4q_avg": 6.22,
            "net_income": 102193,
            "revenue": 2409371,
            "common_shares": 1389636,
            "book_valuer_per_share": 21.71,
            "book_valuer_per_share_4q_avg": 15.37,
            "equity": 3159320,
            "current_ratio": 196.48,
            "debt_ratio": 50.46,
            "inventory_turnover_ratio": 3.94,
            "account_receivable_turnover_ratio": null,
            "reinvestment_rate": 159.52,
            "research_to_sale_ratio": null,
            "price_fair": 97.2,
            "eps_avg_yearly": 2.78,
            "eps_latest_yearly": 3.92,
            "eps_growth_yearly": 333.68
        },
        "20041": {
            "year_quarter": 20041,
            "year": 2004,
            "quarter": 1,
            "eps": 1.18,
            "eps_growth_year": 93.44,
            "eps_4q": 3.24,
            "eps_4q_growth_year": 89.8,
            "roe": 5.21,
            "roe_4q": 23.46,
            "gross_profit": 111657,
            "gross_margin": 3.32,
            "gross_margin_4q_avg": 4.8,
            "net_income": 164303,
            "revenue": 3360445,
            "common_shares": 1389636,
            "book_valuer_per_share": 22.68,
            "book_valuer_per_share_4q_avg": 18.11,
            "equity": 3151453,
            "current_ratio": 136.49,
            "debt_ratio": 51.92,
            "inventory_turnover_ratio": 3.92,
            "account_receivable_turnover_ratio": null,
            "reinvestment_rate": -155.78,
            "research_to_sale_ratio": null,
            "price_fair": 105.7,
            "eps_avg_yearly": 3.02,
            "eps_latest_yearly": 4.72,
            "eps_growth_yearly": 302.17
        },
        "20042": {
            "year_quarter": 20042,
            "year": 2004,
            "quarter": 2,
            "eps": 0.59,
            "eps_growth_year": -22.37,
            "eps_4q": 3.32,
            "eps_4q_growth_year": 46.82,
            "roe": 2.55,
            "roe_4q": 19.71,
            "gross_profit": 62504,
            "gross_margin": 2.05,
            "gross_margin_4q_avg": 3.55,
            "net_income": 81762,
            "revenue": 3045887,
            "common_shares": 1389636,
            "book_valuer_per_share": 23.51,
            "book_valuer_per_share_4q_avg": 20.86,
            "equity": 3266345,
            "current_ratio": 133.84,
            "debt_ratio": 49.38,
            "inventory_turnover_ratio": 3.3,
            "account_receivable_turnover_ratio": null,
            "reinvestment_rate": -148.02,
            "research_to_sale_ratio": null,
            "price_fair": 103.13,
            "eps_avg_yearly": 2.95,
            "eps_latest_yearly": 2.36,
            "eps_growth_yearly": 246.38
        },
        "20043": {
            "year_quarter": 20043,
            "year": 2004,
            "quarter": 3,
            "eps": 1.13,
            "eps_growth_year": 0,
            "eps_4q": 3.4,
            "eps_4q_growth_year": 22.76,
            "roe": 5.11,
            "roe_4q": 17.080000000000002,
            "gross_profit": 102869,
            "gross_margin": 3.95,
            "gross_margin_4q_avg": 3.33,
            "net_income": 173693,
            "revenue": 2603075,
            "common_shares": 1541020,
            "book_valuer_per_share": 22.95,
            "book_valuer_per_share_4q_avg": 22.71,
            "equity": 3536456,
            "current_ratio": 116.24,
            "debt_ratio": 54.74,
            "inventory_turnover_ratio": 2.47,
            "account_receivable_turnover_ratio": null,
            "reinvestment_rate": -121.98,
            "research_to_sale_ratio": null,
            "price_fair": 108.64,
            "eps_avg_yearly": 3.1,
            "eps_latest_yearly": 4.52,
            "eps_growth_yearly": 258.35
        },
        "20044": {
            "year_quarter": 20044,
            "year": 2004,
            "quarter": 4,
            "eps": 1.76,
            "eps_growth_year": 79.59,
            "eps_4q": 4.48,
            "eps_4q_growth_year": 35.32,
            "roe": 7.13,
            "roe_4q": 20,
            "gross_profit": 163505,
            "gross_margin": 2.26,
            "gross_margin_4q_avg": 2.9,
            "net_income": 271532,
            "revenue": 7228484,
            "common_shares": 1541020,
            "book_valuer_per_share": 22.6,
            "book_valuer_per_share_4q_avg": 22.94,
            "equity": 4080763,
            "current_ratio": 132.97,
            "debt_ratio": 63.94,
            "inventory_turnover_ratio": 5.01,
            "account_receivable_turnover_ratio": null,
            "reinvestment_rate": 175.67,
            "research_to_sale_ratio": null,
            "price_fair": 121.16,
            "eps_avg_yearly": 3.46,
            "eps_latest_yearly": 7.04,
            "eps_growth_yearly": 255.14
        },
        "20051": {
            "year_quarter": 20051,
            "year": 2005,
            "quarter": 1,
            "eps": 1.27,
            "eps_growth_year": 7.63,
            "eps_4q": 4.69,
            "eps_4q_growth_year": 44.84,
            "roe": 5.05,
            "roe_4q": 19.84,
            "gross_profit": 126972,
            "gross_margin": 2.02,
            "gross_margin_4q_avg": 2.57,
            "net_income": 195476,
            "revenue": 6275166,
            "common_shares": 1541020,
            "book_valuer_per_share": 23.79,
            "book_valuer_per_share_4q_avg": 23.21,
            "equity": 3666528,
            "current_ratio": 108.2,
            "debt_ratio": 67.81,
            "inventory_turnover_ratio": 3.07,
            "account_receivable_turnover_ratio": null,
            "reinvestment_rate": -73.33,
            "research_to_sale_ratio": null,
            "price_fair": 125.88,
            "eps_avg_yearly": 3.6,
            "eps_latest_yearly": 5.08,
            "eps_growth_yearly": 224.59
        },
        "20052": {
            "year_quarter": 20052,
            "year": 2005,
            "quarter": 2,
            "eps": 1.49,
            "eps_growth_year": 152.54,
            "eps_4q": 5.26,
            "eps_4q_growth_year": 58.45,
            "roe": 6.81,
            "roe_4q": 24.099999999999998,
            "gross_profit": 193427,
            "gross_margin": 2.14,
            "gross_margin_4q_avg": 2.59,
            "net_income": 253189,
            "revenue": 9057101,
            "common_shares": 1541020,
            "book_valuer_per_share": 24.45,
            "book_valuer_per_share_4q_avg": 23.45,
            "equity": 3767057,
            "current_ratio": 106.92,
            "debt_ratio": 65.33,
            "inventory_turnover_ratio": 4.07,
            "account_receivable_turnover_ratio": null,
            "reinvestment_rate": -57.02,
            "research_to_sale_ratio": null,
            "price_fair": 132.25,
            "eps_avg_yearly": 3.78,
            "eps_latest_yearly": 5.96,
            "eps_growth_yearly": 212.65
        },
        "20053": {
            "year_quarter": 20053,
            "year": 2005,
            "quarter": 3,
            "eps": 1.75,
            "eps_growth_year": 54.87,
            "eps_4q": 5.85,
            "eps_4q_growth_year": 72.22,
            "roe": 6.59,
            "roe_4q": 25.58,
            "gross_profit": 260777,
            "gross_margin": 2.74,
            "gross_margin_4q_avg": 2.29,
            "net_income": 307553,
            "revenue": 9521298,
            "common_shares": 2054382,
            "book_valuer_per_share": 27.09,
            "book_valuer_per_share_4q_avg": 24.48,
            "equity": 5564745,
            "current_ratio": 125.52,
            "debt_ratio": 56.84,
            "inventory_turnover_ratio": 4.37,
            "account_receivable_turnover_ratio": null,
            "reinvestment_rate": -44.36,
            "research_to_sale_ratio": null,
            "price_fair": 140.3,
            "eps_avg_yearly": 4.01,
            "eps_latest_yearly": 7,
            "eps_growth_yearly": 202.44
        },
        "20054": {
            "year_quarter": 20054,
            "year": 2005,
            "quarter": 4,
            "eps": 2.64,
            "eps_growth_year": 50,
            "eps_4q": 6.78,
            "eps_4q_growth_year": 51.36,
            "roe": 7.8,
            "roe_4q": 26.25,
            "gross_profit": 441728,
            "gross_margin": 3.6,
            "gross_margin_4q_avg": 2.63,
            "net_income": 481998,
            "revenue": 12259610,
            "common_shares": 2054382,
            "book_valuer_per_share": 29.32,
            "book_valuer_per_share_4q_avg": 26.16,
            "equity": 6791049,
            "current_ratio": 146.02,
            "debt_ratio": 61.8,
            "inventory_turnover_ratio": 5.17,
            "account_receivable_turnover_ratio": null,
            "reinvestment_rate": 146.27,
            "research_to_sale_ratio": null,
            "price_fair": 155.59,
            "eps_avg_yearly": 4.45,
            "eps_latest_yearly": 10.56,
            "eps_growth_yearly": 202.51
        },
        "20061": {
            "year_quarter": 20061,
            "year": 2006,
            "quarter": 1,
            "eps": 1.87,
            "eps_growth_year": 47.24,
            "eps_4q": 6.95,
            "eps_4q_growth_year": 48.09,
            "roe": 5.83,
            "roe_4q": 27.029999999999998,
            "gross_profit": 281230,
            "gross_margin": 3.2,
            "gross_margin_4q_avg": 2.92,
            "net_income": 383768,
            "revenue": 8797649,
            "common_shares": 2054382,
            "book_valuer_per_share": 31.07,
            "book_valuer_per_share_4q_avg": 27.98,
            "equity": 6383248,
            "current_ratio": 125.8,
            "debt_ratio": 54.27,
            "inventory_turnover_ratio": 3.39,
            "account_receivable_turnover_ratio": null,
            "reinvestment_rate": 0.02,
            "research_to_sale_ratio": null,
            "price_fair": 162.23,
            "eps_avg_yearly": 4.64,
            "eps_latest_yearly": 7.48,
            "eps_growth_yearly": 182.56
        },
        "20062": {
            "year_quarter": 20062,
            "year": 2006,
            "quarter": 2,
            "eps": 1.28,
            "eps_growth_year": -14.09,
            "eps_4q": 6.21,
            "eps_4q_growth_year": 18.03,
            "roe": 4.82,
            "roe_4q": 25.04,
            "gross_profit": 255694,
            "gross_margin": 2.58,
            "gross_margin_4q_avg": 3.03,
            "net_income": 304697,
            "revenue": 9926265,
            "common_shares": 2054382,
            "book_valuer_per_share": 30.46,
            "book_valuer_per_share_4q_avg": 29.49,
            "equity": 6258056,
            "current_ratio": 121.1,
            "debt_ratio": 55.75,
            "inventory_turnover_ratio": 3.73,
            "account_receivable_turnover_ratio": null,
            "reinvestment_rate": 0.06,
            "research_to_sale_ratio": null,
            "price_fair": 171.15,
            "eps_avg_yearly": 4.89,
            "eps_latest_yearly": 5.12,
            "eps_growth_yearly": 91.34
        },
        "20063": {
            "year_quarter": 20063,
            "year": 2006,
            "quarter": 3,
            "eps": 1.48,
            "eps_growth_year": -15.43,
            "eps_4q": 6.3,
            "eps_4q_growth_year": 7.78,
            "roe": 4.96,
            "roe_4q": 23.41,
            "gross_profit": 317195,
            "gross_margin": 2.42,
            "gross_margin_4q_avg": 2.95,
            "net_income": 359165,
            "revenue": 13111172,
            "common_shares": 2717794,
            "book_valuer_per_share": 30.28,
            "book_valuer_per_share_4q_avg": 30.28,
            "equity": 8228220,
            "current_ratio": 135.02,
            "debt_ratio": 53.03,
            "inventory_turnover_ratio": 3.85,
            "account_receivable_turnover_ratio": null,
            "reinvestment_rate": 0.06,
            "research_to_sale_ratio": null,
            "price_fair": 177.71,
            "eps_avg_yearly": 5.08,
            "eps_latest_yearly": 5.92,
            "eps_growth_yearly": 50.05
        },
        "20064": {
            "year_quarter": 20064,
            "year": 2006,
            "quarter": 4,
            "eps": 1.95,
            "eps_growth_year": -26.14,
            "eps_4q": 6.15,
            "eps_4q_growth_year": -9.36,
            "roe": 5.47,
            "roe_4q": 21.08,
            "gross_profit": 286310,
            "gross_margin": 1.59,
            "gross_margin_4q_avg": 2.45,
            "net_income": 486729,
            "revenue": 17966785,
            "common_shares": 2717794,
            "book_valuer_per_share": 31.84,
            "book_valuer_per_share_4q_avg": 30.91,
            "equity": 9555955,
            "current_ratio": 160.99,
            "debt_ratio": 56.52,
            "inventory_turnover_ratio": 4.63,
            "account_receivable_turnover_ratio": null,
            "reinvestment_rate": 106.4,
            "research_to_sale_ratio": null,
            "price_fair": 191.36,
            "eps_avg_yearly": 5.47,
            "eps_latest_yearly": 7.8,
            "eps_growth_yearly": 69.64
        },
        "20071": {
            "year_quarter": 20071,
            "year": 2007,
            "quarter": 1,
            "eps": 1.31,
            "eps_growth_year": -29.95,
            "eps_4q": 5.53,
            "eps_4q_growth_year": -20.39,
            "roe": 3.83,
            "roe_4q": 19.080000000000002,
            "gross_profit": 254638,
            "gross_margin": 3.54,
            "gross_margin_4q_avg": 2.53,
            "net_income": 356881,
            "revenue": 7193202,
            "common_shares": 2717794,
            "book_valuer_per_share": 33.48,
            "book_valuer_per_share_4q_avg": 31.52,
            "equity": 9098177,
            "current_ratio": 170.37,
            "debt_ratio": 36.13,
            "inventory_turnover_ratio": 2.44,
            "account_receivable_turnover_ratio": null,
            "reinvestment_rate": 0.04,
            "research_to_sale_ratio": null,
            "price_fair": 197.49,
            "eps_avg_yearly": 5.64,
            "eps_latest_yearly": 5.24,
            "eps_growth_yearly": 47.33
        },
        "20072": {
            "year_quarter": 20072,
            "year": 2007,
            "quarter": 2,
            "eps": 1.17,
            "eps_growth_year": -8.59,
            "eps_4q": 5.17,
            "eps_4q_growth_year": -16.73,
            "roe": 3.95,
            "roe_4q": 18.21,
            "gross_profit": 268736,
            "gross_margin": 3.79,
            "gross_margin_4q_avg": 2.84,
            "net_income": 351790,
            "revenue": 7084340,
            "common_shares": 2717794,
            "book_valuer_per_share": 32.14,
            "book_valuer_per_share_4q_avg": 31.94,
            "equity": 8735840,
            "current_ratio": 161.18,
            "debt_ratio": 36.6,
            "inventory_turnover_ratio": 3.36,
            "account_receivable_turnover_ratio": null,
            "reinvestment_rate": 0.05,
            "research_to_sale_ratio": null,
            "price_fair": 201.08,
            "eps_avg_yearly": 5.75,
            "eps_latest_yearly": 4.68,
            "eps_growth_yearly": 38.51
        },
        "20073": {
            "year_quarter": 20073,
            "year": 2007,
            "quarter": 3,
            "eps": 1.35,
            "eps_growth_year": -8.78,
            "eps_4q": 5.32,
            "eps_4q_growth_year": -15.64,
            "roe": 4.56,
            "roe_4q": 17.81,
            "gross_profit": 295243,
            "gross_margin": 3.78,
            "gross_margin_4q_avg": 3.18,
            "net_income": 406779,
            "revenue": 7803223,
            "common_shares": 3017408,
            "book_valuer_per_share": 30.23,
            "book_valuer_per_share_4q_avg": 31.92,
            "equity": 9120791,
            "current_ratio": 165.04,
            "debt_ratio": 35.32,
            "inventory_turnover_ratio": 4.1,
            "account_receivable_turnover_ratio": null,
            "reinvestment_rate": 0.04,
            "research_to_sale_ratio": null,
            "price_fair": 203,
            "eps_avg_yearly": 5.8,
            "eps_latest_yearly": 5.4,
            "eps_growth_yearly": 30.19
        },
        "20074": {
            "year_quarter": 20074,
            "year": 2007,
            "quarter": 4,
            "eps": 1.17,
            "eps_growth_year": -40,
            "eps_4q": 4.86,
            "eps_4q_growth_year": -20.95,
            "roe": 3.51,
            "roe_4q": 15.85,
            "gross_profit": 234476,
            "gross_margin": 3.1,
            "gross_margin_4q_avg": 3.55,
            "net_income": 353738,
            "revenue": 7557857,
            "common_shares": 3094008,
            "book_valuer_per_share": 31.11,
            "book_valuer_per_share_4q_avg": 31.74,
            "equity": 11047919,
            "current_ratio": 168,
            "debt_ratio": 51.4,
            "inventory_turnover_ratio": 3.03,
            "account_receivable_turnover_ratio": null,
            "reinvestment_rate": 105.39,
            "research_to_sale_ratio": null,
            "price_fair": 204.66,
            "eps_avg_yearly": 5.85,
            "eps_latest_yearly": 4.68,
            "eps_growth_yearly": 30.17
        },
        "20081": {
            "year_quarter": 20081,
            "year": 2008,
            "quarter": 1,
            "eps": 0.72,
            "eps_growth_year": -45.04,
            "eps_4q": 4.38,
            "eps_4q_growth_year": -20.83,
            "roe": 2,
            "roe_4q": 14.02,
            "gross_profit": 799288,
            "gross_margin": 9.42,
            "gross_margin_4q_avg": 5.02,
            "net_income": 219502,
            "revenue": 8486576,
            "common_shares": 3094008,
            "book_valuer_per_share": 30.51,
            "book_valuer_per_share_4q_avg": 31,
            "equity": 10857807,
            "current_ratio": 187.38,
            "debt_ratio": 50.05,
            "inventory_turnover_ratio": 2.7,
            "account_receivable_turnover_ratio": null,
            "reinvestment_rate": 122.53,
            "research_to_sale_ratio": null,
            "price_fair": 145.91,
            "eps_avg_yearly": 5.73,
            "eps_latest_yearly": 2.88,
            "eps_growth_yearly": 15.45
        },
        "20082": {
            "year_quarter": 20082,
            "year": 2008,
            "quarter": 2,
            "eps": 0.09,
            "eps_growth_year": -92.31,
            "eps_4q": 3.65,
            "eps_4q_growth_year": -29.37,
            "roe": 0.24,
            "roe_4q": 10.309999999999999,
            "gross_profit": 585791,
            "gross_margin": 7.4,
            "gross_margin_4q_avg": 5.93,
            "net_income": 25104,
            "revenue": 7915479,
            "common_shares": 3094008,
            "book_valuer_per_share": 29.43,
            "book_valuer_per_share_4q_avg": 30.32,
            "equity": 10422716,
            "current_ratio": 160.85,
            "debt_ratio": 54.09,
            "inventory_turnover_ratio": 2.55,
            "account_receivable_turnover_ratio": null,
            "reinvestment_rate": 124.31,
            "research_to_sale_ratio": null,
            "price_fair": 90.16,
            "eps_avg_yearly": 5.61,
            "eps_latest_yearly": 0.36,
            "eps_growth_yearly": 6.08
        },
        "20083": {
            "year_quarter": 20083,
            "year": 2008,
            "quarter": 3,
            "eps": 0.56,
            "eps_growth_year": -58.52,
            "eps_4q": 2.58,
            "eps_4q_growth_year": -51.4,
            "roe": 1.69,
            "roe_4q": 7.4399999999999995,
            "gross_profit": 779939,
            "gross_margin": 9.32,
            "gross_margin_4q_avg": 7.31,
            "net_income": 178109,
            "revenue": 8366712,
            "common_shares": 3778923,
            "book_valuer_per_share": 24.69,
            "book_valuer_per_share_4q_avg": 28.94,
            "equity": 10693650,
            "current_ratio": 153.54,
            "debt_ratio": 52.99,
            "inventory_turnover_ratio": 2.3,
            "account_receivable_turnover_ratio": null,
            "reinvestment_rate": 141.55,
            "research_to_sale_ratio": null,
            "price_fair": 191.28,
            "eps_avg_yearly": 5.47,
            "eps_latest_yearly": 2.24,
            "eps_growth_yearly": 113.75
        },
        "20084": {
            "year_quarter": 20084,
            "year": 2008,
            "quarter": 4,
            "eps": 0.1,
            "eps_growth_year": -91.45,
            "eps_4q": 0.64,
            "eps_4q_growth_year": -86.83,
            "roe": -0.75,
            "roe_4q": 3.1799999999999997,
            "gross_profit": 454111,
            "gross_margin": 6.33,
            "gross_margin_4q_avg": 8.12,
            "net_income": -79023,
            "revenue": 7169273,
            "common_shares": 3778923,
            "book_valuer_per_share": 25.09,
            "book_valuer_per_share_4q_avg": 27.43,
            "equity": 10259331,
            "current_ratio": 135.08,
            "debt_ratio": 53.57,
            "inventory_turnover_ratio": 2.06,
            "account_receivable_turnover_ratio": 2.25,
            "reinvestment_rate": 115.65,
            "research_to_sale_ratio": null,
            "price_fair": 176.75,
            "eps_avg_yearly": 5.05,
            "eps_latest_yearly": 0.4,
            "eps_growth_yearly": 79.28
        },
        "20091": {
            "year_quarter": 20091,
            "year": 2009,
            "quarter": 1,
            "eps": 0.01,
            "eps_growth_year": -98.61,
            "eps_4q": 0.76,
            "eps_4q_growth_year": -82.68,
            "roe": -1.13,
            "roe_4q": 0.050000000000000044,
            "gross_profit": 307202,
            "gross_margin": 5.12,
            "gross_margin_4q_avg": 7.04,
            "net_income": -117106,
            "revenue": 5998296,
            "common_shares": 3778923,
            "book_valuer_per_share": 25.72,
            "book_valuer_per_share_4q_avg": 26.23,
            "equity": 10403447,
            "current_ratio": 123.27,
            "debt_ratio": 51.45,
            "inventory_turnover_ratio": 1.98,
            "account_receivable_turnover_ratio": 1.09,
            "reinvestment_rate": 201.1,
            "research_to_sale_ratio": null,
            "price_fair": 165.73,
            "eps_avg_yearly": 4.74,
            "eps_latest_yearly": 0.04,
            "eps_growth_yearly": 63.74
        },
        "20092": {
            "year_quarter": 20092,
            "year": 2009,
            "quarter": 2,
            "eps": 0.19,
            "eps_growth_year": 111.11,
            "eps_4q": 76.53,
            "eps_4q_growth_year": 1995.96,
            "roe": 0.01,
            "roe_4q": -0.17999999999999994,
            "gross_profit": 432952,
            "gross_margin": 5.74,
            "gross_margin_4q_avg": 6.63,
            "net_income": 796,
            "revenue": 7540831,
            "common_shares": 3778923,
            "book_valuer_per_share": 25.24,
            "book_valuer_per_share_4q_avg": 25.19,
            "equity": 10131626,
            "current_ratio": 116.83,
            "debt_ratio": 53.86,
            "inventory_turnover_ratio": 2.41,
            "account_receivable_turnover_ratio": 1.47,
            "reinvestment_rate": 202.07,
            "research_to_sale_ratio": null,
            "price_fair": 154.35,
            "eps_avg_yearly": 4.41,
            "eps_latest_yearly": 0.76,
            "eps_growth_yearly": 509.41
        },
        "20093": {
            "year_quarter": 20093,
            "year": 2009,
            "quarter": 3,
            "eps": 0.86,
            "eps_growth_year": 53.57,
            "eps_4q": 1.19,
            "eps_4q_growth_year": -54.14,
            "roe": 3.31,
            "roe_4q": 1.44,
            "gross_profit": 819158,
            "gross_margin": 9.02,
            "gross_margin_4q_avg": 6.55,
            "net_income": 331973,
            "revenue": 9078543,
            "common_shares": 4153407,
            "book_valuer_per_share": 23.51,
            "book_valuer_per_share_4q_avg": 24.89,
            "equity": 9927220,
            "current_ratio": 116.27,
            "debt_ratio": 54.97,
            "inventory_turnover_ratio": 2.59,
            "account_receivable_turnover_ratio": 1.55,
            "reinvestment_rate": 185.86,
            "research_to_sale_ratio": null,
            "price_fair": 146.56,
            "eps_avg_yearly": 4.19,
            "eps_latest_yearly": 3.44,
            "eps_growth_yearly": 593.2
        },
        "20094": {
            "year_quarter": 20094,
            "year": 2009,
            "quarter": 4,
            "eps": 0.98,
            "eps_growth_year": 880,
            "eps_4q": 2.01,
            "eps_4q_growth_year": 214.4,
            "roe": 3.9,
            "roe_4q": 6.09,
            "gross_profit": 604969,
            "gross_margin": 8.47,
            "gross_margin_4q_avg": 7.09,
            "net_income": 393702,
            "revenue": 7145215,
            "common_shares": 4153407,
            "book_valuer_per_share": 24.95,
            "book_valuer_per_share_4q_avg": 24.86,
            "equity": 10269439,
            "current_ratio": 115.15,
            "debt_ratio": 52.22,
            "inventory_turnover_ratio": 2.2,
            "account_receivable_turnover_ratio": 2.45,
            "reinvestment_rate": 103.16,
            "research_to_sale_ratio": null,
            "price_fair": 132.04,
            "eps_avg_yearly": 3.77,
            "eps_latest_yearly": 3.92,
            "eps_growth_yearly": 583.98
        },
        "20101": {
            "year_quarter": 20101,
            "year": 2010,
            "quarter": 1,
            "eps": 0.22,
            "eps_growth_year": 2100,
            "eps_4q": 2.22,
            "eps_4q_growth_year": 193.22,
            "roe": 0.73,
            "roe_4q": 7.949999999999999,
            "gross_profit": 541752,
            "gross_margin": 6.73,
            "gross_margin_4q_avg": 7.49,
            "net_income": 74738,
            "revenue": 8048026,
            "common_shares": 4153407,
            "book_valuer_per_share": 25.05,
            "book_valuer_per_share_4q_avg": 24.69,
            "equity": 10293344,
            "current_ratio": 103.64,
            "debt_ratio": 58.81,
            "inventory_turnover_ratio": 2.51,
            "account_receivable_turnover_ratio": 1.28,
            "reinvestment_rate": 247.15,
            "research_to_sale_ratio": 0.36,
            "price_fair": 117.6,
            "eps_avg_yearly": 3.36,
            "eps_latest_yearly": 0.88,
            "eps_growth_yearly": 571.88
        },
        "20102": {
            "year_quarter": 20102,
            "year": 2010,
            "quarter": 2,
            "eps": 0.36,
            "eps_growth_year": 90.98,
            "eps_4q": 2.19,
            "eps_4q_growth_year": -97.13,
            "roe": 1.46,
            "roe_4q": 9.4,
            "gross_profit": 664100,
            "gross_margin": 7.47,
            "gross_margin_4q_avg": 7.92,
            "net_income": 151063,
            "revenue": 8887215,
            "common_shares": 4160225,
            "book_valuer_per_share": 25.12,
            "book_valuer_per_share_4q_avg": 24.66,
            "equity": 10329381,
            "current_ratio": 108.04,
            "debt_ratio": 62.86,
            "inventory_turnover_ratio": 2.26,
            "account_receivable_turnover_ratio": 1.23,
            "reinvestment_rate": 262.79,
            "research_to_sale_ratio": 0.33,
            "price_fair": 109.55,
            "eps_avg_yearly": 3.13,
            "eps_latest_yearly": 1.44,
            "eps_growth_yearly": 595.68
        },
        "20103": {
            "year_quarter": 20103,
            "year": 2010,
            "quarter": 3,
            "eps": 0.42,
            "eps_growth_year": -51.64,
            "eps_4q": 1.84,
            "eps_4q_growth_year": 55.42,
            "roe": 1.68,
            "roe_4q": 7.77,
            "gross_profit": 733967,
            "gross_margin": 7.76,
            "gross_margin_4q_avg": 7.61,
            "net_income": 173978,
            "revenue": 9456822,
            "common_shares": 4663894,
            "book_valuer_per_share": 22.48,
            "book_valuer_per_share_4q_avg": 24.4,
            "equity": 10371487,
            "current_ratio": 109.98,
            "debt_ratio": 61.66,
            "inventory_turnover_ratio": 2.23,
            "account_receivable_turnover_ratio": 1.23,
            "reinvestment_rate": 276.2,
            "research_to_sale_ratio": 0.35,
            "price_fair": 100.28,
            "eps_avg_yearly": 2.87,
            "eps_latest_yearly": 1.68,
            "eps_growth_yearly": 595.94
        },
        "20104": {
            "year_quarter": 20104,
            "year": 2010,
            "quarter": 4,
            "eps": 0.38,
            "eps_growth_year": -61.7,
            "eps_4q": 1.33,
            "eps_4q_growth_year": -33.73,
            "roe": 1.62,
            "roe_4q": 5.49,
            "gross_profit": 772493,
            "gross_margin": 7.67,
            "gross_margin_4q_avg": 7.41,
            "net_income": 166019,
            "revenue": 10075225,
            "common_shares": 4703164,
            "book_valuer_per_share": 21.52,
            "book_valuer_per_share_4q_avg": 23.54,
            "equity": 10090251,
            "current_ratio": 119.66,
            "debt_ratio": 60.69,
            "inventory_turnover_ratio": 2.81,
            "account_receivable_turnover_ratio": 1.29,
            "reinvestment_rate": 143.12,
            "research_to_sale_ratio": -0.02,
            "price_fair": 86.54,
            "eps_avg_yearly": 2.47,
            "eps_latest_yearly": 1.52,
            "eps_growth_yearly": 585.62
        },
        "20111": {
            "year_quarter": 20111,
            "year": 2011,
            "quarter": 1,
            "eps": 0.38,
            "eps_growth_year": 72.73,
            "eps_4q": 1.51,
            "eps_4q_growth_year": -32.02,
            "roe": 1.7,
            "roe_4q": 6.46,
            "gross_profit": 657516,
            "gross_margin": 6.85,
            "gross_margin_4q_avg": 7.44,
            "net_income": 174222,
            "revenue": 9599208,
            "common_shares": 4745744,
            "book_valuer_per_share": 22.05,
            "book_valuer_per_share_4q_avg": 22.79,
            "equity": 10407375,
            "current_ratio": 128.08,
            "debt_ratio": 61.69,
            "inventory_turnover_ratio": 2.98,
            "account_receivable_turnover_ratio": 1.16,
            "reinvestment_rate": 295.8,
            "research_to_sale_ratio": 0.23,
            "price_fair": 78.4,
            "eps_avg_yearly": 2.24,
            "eps_latest_yearly": 1.52,
            "eps_growth_yearly": 593.82
        },
        "20112": {
            "year_quarter": 20112,
            "year": 2011,
            "quarter": 2,
            "eps": 0.46,
            "eps_growth_year": 27.72,
            "eps_4q": 1.55,
            "eps_4q_growth_year": -29.45,
            "roe": 2.22,
            "roe_4q": 7.22,
            "gross_profit": 750159,
            "gross_margin": 8.01,
            "gross_margin_4q_avg": 7.57,
            "net_income": 230383,
            "revenue": 9366195,
            "common_shares": 4746184,
            "book_valuer_per_share": 21.94,
            "book_valuer_per_share_4q_avg": 22,
            "equity": 10352411,
            "current_ratio": 139.72,
            "debt_ratio": 59.69,
            "inventory_turnover_ratio": 3.08,
            "account_receivable_turnover_ratio": 1.12,
            "reinvestment_rate": 299.47,
            "research_to_sale_ratio": 0.21,
            "price_fair": 72.19,
            "eps_avg_yearly": 2.06,
            "eps_latest_yearly": 1.84,
            "eps_growth_yearly": 601.76
        },
        "20113": {
            "year_quarter": 20113,
            "year": 2011,
            "quarter": 3,
            "eps": 0.62,
            "eps_growth_year": 48.99,
            "eps_4q": 1.79,
            "eps_4q_growth_year": -2.9,
            "roe": 2.81,
            "roe_4q": 8.350000000000001,
            "gross_profit": 819201,
            "gross_margin": 9.45,
            "gross_margin_4q_avg": 8,
            "net_income": 304087,
            "revenue": 8672009,
            "common_shares": 5068364,
            "book_valuer_per_share": 22.38,
            "book_valuer_per_share_4q_avg": 21.97,
            "equity": 11280242,
            "current_ratio": 141.48,
            "debt_ratio": 60.41,
            "inventory_turnover_ratio": 2.89,
            "account_receivable_turnover_ratio": 1.05,
            "reinvestment_rate": 324.28,
            "research_to_sale_ratio": 0.38,
            "price_fair": 65.8,
            "eps_avg_yearly": 1.88,
            "eps_latest_yearly": 2.48,
            "eps_growth_yearly": 606.61
        },
        "20114": {
            "year_quarter": 20114,
            "year": 2011,
            "quarter": 4,
            "eps": 0.32,
            "eps_growth_year": -13.54,
            "eps_4q": 1.76,
            "eps_4q_growth_year": 32.23,
            "roe": 1.34,
            "roe_4q": 8.07,
            "gross_profit": 671780,
            "gross_margin": 9.26,
            "gross_margin_4q_avg": 8.39,
            "net_income": 151428,
            "revenue": 7253917,
            "common_shares": 5006564,
            "book_valuer_per_share": 22.62,
            "book_valuer_per_share_4q_avg": 22.25,
            "equity": 11399606,
            "current_ratio": 144.92,
            "debt_ratio": 58.61,
            "inventory_turnover_ratio": 2.1,
            "account_receivable_turnover_ratio": 0.9,
            "reinvestment_rate": 98.91,
            "research_to_sale_ratio": 0.38,
            "price_fair": 58.36,
            "eps_avg_yearly": 1.67,
            "eps_latest_yearly": 1.28,
            "eps_growth_yearly": 597.84
        },
        "20121": {
            "year_quarter": 20121,
            "year": 2012,
            "quarter": 1,
            "eps": 0.06,
            "eps_growth_year": -84.21,
            "eps_4q": 1.47,
            "eps_4q_growth_year": -2.72,
            "roe": 0.23,
            "roe_4q": 6.6,
            "gross_profit": 470612,
            "gross_margin": 5.35,
            "gross_margin_4q_avg": 8.02,
            "net_income": 25646,
            "revenue": 8802360,
            "common_shares": 5006564,
            "book_valuer_per_share": 22.29,
            "book_valuer_per_share_4q_avg": 22.31,
            "equity": 11236273,
            "current_ratio": 142.47,
            "debt_ratio": 61.8,
            "inventory_turnover_ratio": 2.44,
            "account_receivable_turnover_ratio": 1.04,
            "reinvestment_rate": 118.03,
            "research_to_sale_ratio": 0.31,
            "price_fair": 52.59,
            "eps_avg_yearly": 1.5,
            "eps_latest_yearly": 0.24,
            "eps_growth_yearly": 587.15
        },
        "20122": {
            "year_quarter": 20122,
            "year": 2012,
            "quarter": 2,
            "eps": 0.19,
            "eps_growth_year": -59.86,
            "eps_4q": 1.14,
            "eps_4q_growth_year": -26.67,
            "roe": 0.72,
            "roe_4q": 5.1,
            "gross_profit": 575283,
            "gross_margin": 5.5,
            "gross_margin_4q_avg": 7.39,
            "net_income": 80695,
            "revenue": 10461038,
            "common_shares": 5006564,
            "book_valuer_per_share": 21.99,
            "book_valuer_per_share_4q_avg": 22.32,
            "equity": 11068810,
            "current_ratio": 147.24,
            "debt_ratio": 61.69,
            "inventory_turnover_ratio": 2.87,
            "account_receivable_turnover_ratio": 1.08,
            "reinvestment_rate": 101.02,
            "research_to_sale_ratio": 0.24,
            "price_fair": 53.46,
            "eps_avg_yearly": 1.53,
            "eps_latest_yearly": 0.76,
            "eps_growth_yearly": 663.19
        },
        "20123": {
            "year_quarter": 20123,
            "year": 2012,
            "quarter": 3,
            "eps": -0.06,
            "eps_growth_year": -109.44,
            "eps_4q": 0.49,
            "eps_4q_growth_year": -72.39,
            "roe": -0.51,
            "roe_4q": 1.78,
            "gross_profit": 520244,
            "gross_margin": 5.81,
            "gross_margin_4q_avg": 6.48,
            "net_income": -55537,
            "revenue": 8950943,
            "common_shares": 5315469,
            "book_valuer_per_share": 20.28,
            "book_valuer_per_share_4q_avg": 21.8,
            "equity": 10813484,
            "current_ratio": 136.8,
            "debt_ratio": 60.7,
            "inventory_turnover_ratio": 2.43,
            "account_receivable_turnover_ratio": 0.97,
            "reinvestment_rate": 74.25,
            "research_to_sale_ratio": 0.37,
            "price_fair": 51.8,
            "eps_avg_yearly": 1.48,
            "eps_latest_yearly": 0.76,
            "eps_growth_yearly": 568.14
        },
        "20124": {
            "year_quarter": 20124,
            "year": 2012,
            "quarter": 4,
            "eps": -0.03,
            "eps_growth_year": -108.67,
            "eps_4q": 0.16,
            "eps_4q_growth_year": -90.92,
            "roe": -0.17,
            "roe_4q": 0.2699999999999999,
            "gross_profit": 589097,
            "gross_margin": 7.21,
            "gross_margin_4q_avg": 5.97,
            "net_income": -18407,
            "revenue": 8173481,
            "common_shares": 5315469,
            "book_valuer_per_share": 20.11,
            "book_valuer_per_share_4q_avg": 21.17,
            "equity": 10735205,
            "current_ratio": 143.41,
            "debt_ratio": 59.38,
            "inventory_turnover_ratio": 2.3,
            "account_receivable_turnover_ratio": 1.03,
            "reinvestment_rate": 47.48,
            "research_to_sale_ratio": 0.46,
            "price_fair": 54.5,
            "eps_avg_yearly": 1.56,
            "eps_latest_yearly": 0.76,
            "eps_growth_yearly": 632.19
        },
        "20131": {
            "year_quarter": 20131,
            "year": 2013,
            "quarter": 1,
            "eps": -0.06,
            "eps_growth_year": -200,
            "eps_4q": 0.04,
            "eps_4q_growth_year": -96.99,
            "roe": -0.28,
            "roe_4q": -0.2400000000000001,
            "gross_profit": 498787,
            "gross_margin": 6.49,
            "gross_margin_4q_avg": 6.25,
            "net_income": -30450,
            "revenue": 7688852,
            "common_shares": 5315469,
            "book_valuer_per_share": 20.07,
            "book_valuer_per_share_4q_avg": 20.61,
            "equity": 10714418,
            "current_ratio": 138.81,
            "debt_ratio": 58.76,
            "inventory_turnover_ratio": 2.39,
            "account_receivable_turnover_ratio": 1.04,
            "reinvestment_rate": -26.69,
            "research_to_sale_ratio": 0.44,
            "price_fair": 58.58,
            "eps_avg_yearly": 1.67,
            "eps_latest_yearly": 0.76,
            "eps_growth_yearly": 708.52
        },
        "20132": {
            "year_quarter": 20132,
            "year": 2013,
            "quarter": 2,
            "eps": -0.09,
            "eps_growth_year": -148.38,
            "eps_4q": -0.23,
            "eps_4q_growth_year": -120.15,
            "roe": -0.49,
            "roe_4q": -1.4500000000000002,
            "gross_profit": 481397,
            "gross_margin": 6.11,
            "gross_margin_4q_avg": 6.41,
            "net_income": -52748,
            "revenue": 7879227,
            "common_shares": 5315469,
            "book_valuer_per_share": 20.14,
            "book_valuer_per_share_4q_avg": 20.15,
            "equity": 10742633,
            "current_ratio": 136.85,
            "debt_ratio": 59.36,
            "inventory_turnover_ratio": 2.39,
            "account_receivable_turnover_ratio": 1.08,
            "reinvestment_rate": -17.98,
            "research_to_sale_ratio": 0.38,
            "price_fair": 61.25,
            "eps_avg_yearly": 1.75,
            "eps_latest_yearly": 0.76,
            "eps_growth_yearly": 167.56
        },
        "20133": {
            "year_quarter": 20133,
            "year": 2013,
            "quarter": 3,
            "eps": 0.06,
            "eps_growth_year": null,
            "eps_4q": -0.11,
            "eps_4q_growth_year": -122.93,
            "roe": 0.26,
            "roe_4q": -0.68,
            "gross_profit": 591108,
            "gross_margin": 6.94,
            "gross_margin_4q_avg": 6.69,
            "net_income": 27324,
            "revenue": 8521648,
            "common_shares": 5315469,
            "book_valuer_per_share": 19.9,
            "book_valuer_per_share_4q_avg": 20.06,
            "equity": 10611529,
            "current_ratio": 137.55,
            "debt_ratio": 60.28,
            "inventory_turnover_ratio": 2.54,
            "account_receivable_turnover_ratio": 1.1,
            "reinvestment_rate": 8.61,
            "research_to_sale_ratio": 0.39,
            "price_fair": 55.87,
            "eps_avg_yearly": 1.6,
            "eps_latest_yearly": 0.76,
            "eps_growth_yearly": 54.56
        },
        "20134": {
            "year_quarter": 20134,
            "year": 2013,
            "quarter": 4,
            "eps": -0.62,
            "eps_growth_year": null,
            "eps_4q": -0.7,
            "eps_4q_growth_year": -538.97,
            "roe": -3.14,
            "roe_4q": -3.6500000000000004,
            "gross_profit": 606407,
            "gross_margin": 6.66,
            "gross_margin_4q_avg": 6.55,
            "net_income": -329598,
            "revenue": 9099634,
            "common_shares": 5315469,
            "book_valuer_per_share": 19.48,
            "book_valuer_per_share_4q_avg": 19.9,
            "equity": 10386473,
            "current_ratio": 142.75,
            "debt_ratio": 60.2,
            "inventory_turnover_ratio": 2.75,
            "account_receivable_turnover_ratio": 1.14,
            "reinvestment_rate": -4.13,
            "research_to_sale_ratio": 0.42,
            "price_fair": 47.74,
            "eps_avg_yearly": 1.36,
            "eps_latest_yearly": 0.76,
            "eps_growth_yearly": 54.44
        },
        "20141": {
            "year_quarter": 20141,
            "year": 2014,
            "quarter": 1,
            "eps": -0.03,
            "eps_growth_year": null,
            "eps_4q": -0.68,
            "eps_4q_growth_year": -1635.65,
            "roe": -0.16,
            "roe_4q": -3.5300000000000002,
            "gross_profit": 561683,
            "gross_margin": 7.6,
            "gross_margin_4q_avg": 6.83,
            "net_income": -16918,
            "revenue": 7392943,
            "common_shares": 5315469,
            "book_valuer_per_share": 19.84,
            "book_valuer_per_share_4q_avg": 19.84,
            "equity": 10581829,
            "current_ratio": 141.28,
            "debt_ratio": 59.43,
            "inventory_turnover_ratio": 2.33,
            "account_receivable_turnover_ratio": 0.96,
            "reinvestment_rate": -132.81,
            "research_to_sale_ratio": 0.46,
            "price_fair": 49.62,
            "eps_avg_yearly": 1.42,
            "eps_latest_yearly": 0.76,
            "eps_growth_yearly": 94.95
        },
        "20142": {
            "year_quarter": 20142,
            "year": 2014,
            "quarter": 2,
            "eps": 0.06,
            "eps_growth_year": null,
            "eps_4q": -0.53,
            "eps_4q_growth_year": null,
            "roe": 0.34,
            "roe_4q": -2.7,
            "gross_profit": 576595,
            "gross_margin": 7.54,
            "gross_margin_4q_avg": 7.19,
            "net_income": 35895,
            "revenue": 7645257,
            "common_shares": 5315469,
            "book_valuer_per_share": 19.5,
            "book_valuer_per_share_4q_avg": 19.68,
            "equity": 10403437,
            "current_ratio": 145.07,
            "debt_ratio": 61.38,
            "inventory_turnover_ratio": 2.47,
            "account_receivable_turnover_ratio": 0.98,
            "reinvestment_rate": -211.66,
            "research_to_sale_ratio": 0.45,
            "price_fair": 49.53,
            "eps_avg_yearly": 1.42,
            "eps_latest_yearly": 0.76,
            "eps_growth_yearly": 75
        },
        "20143": {
            "year_quarter": 20143,
            "year": 2014,
            "quarter": 3,
            "eps": 0.18,
            "eps_growth_year": 200,
            "eps_4q": -0.41,
            "eps_4q_growth_year": null,
            "roe": 0.94,
            "roe_4q": -2.02,
            "gross_profit": 609872,
            "gross_margin": 7.75,
            "gross_margin_4q_avg": 7.39,
            "net_income": 99004,
            "revenue": 7873117,
            "common_shares": 5315469,
            "book_valuer_per_share": 20.09,
            "book_valuer_per_share_4q_avg": 19.73,
            "equity": 10721403,
            "current_ratio": 148.73,
            "debt_ratio": 61.43,
            "inventory_turnover_ratio": 2.5,
            "account_receivable_turnover_ratio": 0.95,
            "reinvestment_rate": -225.8,
            "research_to_sale_ratio": 0.45,
            "price_fair": 45.33,
            "eps_avg_yearly": 1.3,
            "eps_latest_yearly": 0.72,
            "eps_growth_yearly": 166.67
        },
        "20144": {
            "year_quarter": 20144,
            "year": 2014,
            "quarter": 4,
            "eps": 0.04,
            "eps_growth_year": null,
            "eps_4q": 0.25,
            "eps_4q_growth_year": null,
            "roe": 0.21,
            "roe_4q": 1.33,
            "gross_profit": 597512,
            "gross_margin": 8.36,
            "gross_margin_4q_avg": 7.81,
            "net_income": 22555,
            "revenue": 7146218,
            "common_shares": 5315469,
            "book_valuer_per_share": 20.97,
            "book_valuer_per_share_4q_avg": 20.1,
            "equity": 11189085,
            "current_ratio": 164.18,
            "debt_ratio": 59.78,
            "inventory_turnover_ratio": 2.34,
            "account_receivable_turnover_ratio": 0.87,
            "reinvestment_rate": -162.04,
            "research_to_sale_ratio": 0.43,
            "price_fair": 39.38,
            "eps_avg_yearly": 1.13,
            "eps_latest_yearly": 0.16,
            "eps_growth_yearly": 132.54
        },
        "20151": {
            "year_quarter": 20151,
            "year": 2015,
            "quarter": 1,
            "eps": -0.43,
            "eps_growth_year": null,
            "eps_4q": -0.14,
            "eps_4q_growth_year": null,
            "roe": -2.06,
            "roe_4q": -0.5700000000000001,
            "gross_profit": 385444,
            "gross_margin": 6.63,
            "gross_margin_4q_avg": 7.57,
            "net_income": -226952,
            "revenue": 5811174,
            "common_shares": 5315469,
            "book_valuer_per_share": 20.3,
            "book_valuer_per_share_4q_avg": 20.22,
            "equity": 10833987,
            "current_ratio": 174.73,
            "debt_ratio": 57.97,
            "inventory_turnover_ratio": 1.9,
            "account_receivable_turnover_ratio": 0.79,
            "reinvestment_rate": -389.49,
            "research_to_sale_ratio": 0.45,
            "price_fair": 37.4,
            "eps_avg_yearly": 1.07,
            "eps_latest_yearly": 0.16,
            "eps_growth_yearly": 151.48
        },
        "20152": {
            "year_quarter": 20152,
            "year": 2015,
            "quarter": 2,
            "eps": 0.14,
            "eps_growth_year": 133.33,
            "eps_4q": -0.06,
            "eps_4q_growth_year": null,
            "roe": 0.72,
            "roe_4q": -0.19000000000000017,
            "gross_profit": 448669,
            "gross_margin": 8.2,
            "gross_margin_4q_avg": 7.74,
            "net_income": 77857,
            "revenue": 5474525,
            "common_shares": 5315469,
            "book_valuer_per_share": 20.13,
            "book_valuer_per_share_4q_avg": 20.37,
            "equity": 10744851,
            "current_ratio": 183.53,
            "debt_ratio": 55.18,
            "inventory_turnover_ratio": 1.72,
            "account_receivable_turnover_ratio": 0.88,
            "reinvestment_rate": -707.46,
            "research_to_sale_ratio": 0.47,
            "price_fair": 32.9,
            "eps_avg_yearly": 0.94,
            "eps_latest_yearly": 0.16,
            "eps_growth_yearly": 162.69
        },
        "20153": {
            "year_quarter": 20153,
            "year": 2015,
            "quarter": 3,
            "eps": 0.04,
            "eps_growth_year": -77.78,
            "eps_4q": -0.2,
            "eps_4q_growth_year": null,
            "roe": 0.22,
            "roe_4q": -0.9100000000000001,
            "gross_profit": 537293,
            "gross_margin": 9.47,
            "gross_margin_4q_avg": 8.17,
            "net_income": 24712,
            "revenue": 5672673,
            "common_shares": 5315469,
            "book_valuer_per_share": 21.52,
            "book_valuer_per_share_4q_avg": 20.73,
            "equity": 11466871,
            "current_ratio": 181.26,
            "debt_ratio": 54.21,
            "inventory_turnover_ratio": 1.76,
            "account_receivable_turnover_ratio": 0.93,
            "reinvestment_rate": null,
            "research_to_sale_ratio": 0.57,
            "price_fair": 19.37,
            "eps_avg_yearly": 0.55,
            "eps_latest_yearly": 0.16,
            "eps_growth_yearly": 91.88
        },
        "20154": {
            "year_quarter": 20154,
            "year": 2015,
            "quarter": 4,
            "eps": -0.39,
            "eps_growth_year": -1028.56,
            "eps_4q": -0.64,
            "eps_4q_growth_year": -351.62,
            "roe": -1.88,
            "roe_4q": -3,
            "gross_profit": 558272,
            "gross_margin": 8.85,
            "gross_margin_4q_avg": 8.29,
            "net_income": -213149,
            "revenue": 6308849,
            "common_shares": 5315469,
            "book_valuer_per_share": 21.03,
            "book_valuer_per_share_4q_avg": 20.75,
            "equity": 11206697,
            "current_ratio": 177.28,
            "debt_ratio": 54.97,
            "inventory_turnover_ratio": 1.96,
            "account_receivable_turnover_ratio": 0.99,
            "reinvestment_rate": null,
            "research_to_sale_ratio": 0.49,
            "price_fair": 14.28,
            "eps_avg_yearly": 0.41,
            "eps_latest_yearly": 0.16,
            "eps_growth_yearly": 148.97
        },
        "20161": {
            "year_quarter": 20161,
            "year": 2016,
            "quarter": 1,
            "eps": 0.12,
            "eps_growth_year": null,
            "eps_4q": -0.1,
            "eps_4q_growth_year": null,
            "roe": 0.55,
            "roe_4q": -0.3899999999999999,
            "gross_profit": 547060,
            "gross_margin": 10.09,
            "gross_margin_4q_avg": 9.15,
            "net_income": 60989,
            "revenue": 5421149,
            "common_shares": 5315469,
            "book_valuer_per_share": 20.94,
            "book_valuer_per_share_4q_avg": 20.91,
            "equity": 11090268,
            "current_ratio": 189.96,
            "debt_ratio": 52.23,
            "inventory_turnover_ratio": 1.75,
            "account_receivable_turnover_ratio": 0.92,
            "reinvestment_rate": null,
            "research_to_sale_ratio": 0.56,
            "price_fair": 15.75,
            "eps_avg_yearly": 0.45,
            "eps_latest_yearly": 0.16,
            "eps_growth_yearly": 267.46
        },
        "20162": {
            "year_quarter": 20162,
            "year": 2016,
            "quarter": 2,
            "eps": 0.13,
            "eps_growth_year": -7.14,
            "eps_4q": -0.1,
            "eps_4q_growth_year": null,
            "roe": 0.67,
            "roe_4q": -0.4399999999999997,
            "gross_profit": 589318,
            "gross_margin": 10.1,
            "gross_margin_4q_avg": 9.63,
            "net_income": 74819,
            "revenue": 5833242,
            "common_shares": 5315469,
            "book_valuer_per_share": 21.19,
            "book_valuer_per_share_4q_avg": 21.17,
            "equity": 11163798,
            "current_ratio": 165.39,
            "debt_ratio": 53.31,
            "inventory_turnover_ratio": 1.99,
            "account_receivable_turnover_ratio": 0.98,
            "reinvestment_rate": null,
            "research_to_sale_ratio": 0.51,
            "price_fair": 13.65,
            "eps_avg_yearly": 0.39,
            "eps_latest_yearly": 0.52,
            "eps_growth_yearly": 59.13
        },
        "20163": {
            "year_quarter": 20163,
            "year": 2016,
            "quarter": 3,
            "eps": 0.36,
            "eps_growth_year": 800,
            "eps_4q": 0.21,
            "eps_4q_growth_year": null,
            "roe": 1.7,
            "roe_4q": 1.04,
            "gross_profit": 692985,
            "gross_margin": 12.27,
            "gross_margin_4q_avg": 10.33,
            "net_income": 189320,
            "revenue": 5649824,
            "common_shares": 5315469,
            "book_valuer_per_share": 21.1,
            "book_valuer_per_share_4q_avg": 21.07,
            "equity": 11075315,
            "current_ratio": 161.04,
            "debt_ratio": 54.15,
            "inventory_turnover_ratio": 1.9,
            "account_receivable_turnover_ratio": 0.9,
            "reinvestment_rate": null,
            "research_to_sale_ratio": 0.66,
            "price_fair": 21,
            "eps_avg_yearly": 0.6,
            "eps_latest_yearly": 1.44,
            "eps_growth_yearly": 188.84
        },
        "20164": {
            "year_quarter": 20164,
            "year": 2016,
            "quarter": 4,
            "eps": 0.44,
            "eps_growth_year": null,
            "eps_4q": 1.06,
            "eps_4q_growth_year": null,
            "roe": 2.03,
            "roe_4q": 4.949999999999999,
            "gross_profit": 717229,
            "gross_margin": 12.85,
            "gross_margin_4q_avg": 11.33,
            "net_income": 229462,
            "revenue": 5582511,
            "common_shares": 5315469,
            "book_valuer_per_share": 22.04,
            "book_valuer_per_share_4q_avg": 21.32,
            "equity": 11489864,
            "current_ratio": 152.06,
            "debt_ratio": 54.3,
            "inventory_turnover_ratio": 1.74,
            "account_receivable_turnover_ratio": 0.88,
            "reinvestment_rate": null,
            "research_to_sale_ratio": 0.61,
            "price_fair": 27.77,
            "eps_avg_yearly": 0.79,
            "eps_latest_yearly": 1.76,
            "eps_growth_yearly": 172.18
        },
        "20171": {
            "year_quarter": 20171,
            "year": 2017,
            "quarter": 1,
            "eps": -0.05,
            "eps_growth_year": -141.67,
            "eps_4q": 0.89,
            "eps_4q_growth_year": null,
            "roe": -0.2,
            "roe_4q": 4.2,
            "gross_profit": 469451,
            "gross_margin": 9.56,
            "gross_margin_4q_avg": 11.2,
            "net_income": -22173,
            "revenue": 4908571,
            "common_shares": 5315469,
            "book_valuer_per_share": 20.91,
            "book_valuer_per_share_4q_avg": 21.31,
            "equity": 10820107,
            "current_ratio": 148,
            "debt_ratio": 53.46,
            "inventory_turnover_ratio": 1.53,
            "account_receivable_turnover_ratio": 0.81,
            "reinvestment_rate": null,
            "research_to_sale_ratio": 0.55,
            "price_fair": 27.77,
            "eps_avg_yearly": 0.79,
            "eps_latest_yearly": 1.76,
            "eps_growth_yearly": 172.18
        },
        "20172": {
            "year_quarter": 20172,
            "year": 2017,
            "quarter": 2,
            "eps": 0.12,
            "eps_growth_year": -7.69,
            "eps_4q": 0.88,
            "eps_4q_growth_year": null,
            "roe": 0.6,
            "roe_4q": 4.13,
            "gross_profit": 576614,
            "gross_margin": 11.57,
            "gross_margin_4q_avg": 11.56,
            "net_income": 65518,
            "revenue": 4985342,
            "common_shares": 5235469,
            "book_valuer_per_share": 21.01,
            "book_valuer_per_share_4q_avg": 21.27,
            "equity": 10871149,
            "current_ratio": 167.13,
            "debt_ratio": 54.29,
            "inventory_turnover_ratio": 1.56,
            "account_receivable_turnover_ratio": 0.9,
            "reinvestment_rate": -224.17,
            "research_to_sale_ratio": 0.5,
            "price_fair": 27.77,
            "eps_avg_yearly": 0.79,
            "eps_latest_yearly": 1.76,
            "eps_growth_yearly": 172.18
        },
        "20173": {
            "year_quarter": 20173,
            "year": 2017,
            "quarter": 3,
            "eps": 0.34,
            "eps_growth_year": -5.56,
            "eps_4q": 0.86,
            "eps_4q_growth_year": 306.11,
            "roe": 1.62,
            "roe_4q": 4.05,
            "gross_profit": 718542,
            "gross_margin": 13.2,
            "gross_margin_4q_avg": 11.8,
            "net_income": 178447,
            "revenue": 5443915,
            "common_shares": 5235469,
            "book_valuer_per_share": 21.94,
            "book_valuer_per_share_4q_avg": 21.48,
            "equity": 11180791,
            "current_ratio": 163.26,
            "debt_ratio": 55.78,
            "inventory_turnover_ratio": 1.76,
            "account_receivable_turnover_ratio": 0.91,
            "reinvestment_rate": 35.68,
            "research_to_sale_ratio": 0.5,
            "price_fair": 30.6,
            "eps_avg_yearly": 0.87,
            "eps_latest_yearly": 1.36,
            "eps_growth_yearly": 252.35
        },
        "20174": {
            "year_quarter": 20174,
            "year": 2017,
            "quarter": 4,
            "eps": 0.39,
            "eps_growth_year": -10.94,
            "eps_4q": 0.81,
            "eps_4q_growth_year": -23.64,
            "roe": 1.77,
            "roe_4q": 3.79,
            "gross_profit": 783208,
            "gross_margin": 14.76,
            "gross_margin_4q_avg": 12.27,
            "net_income": 201440,
            "revenue": 5304910,
            "common_shares": 5155469,
            "book_valuer_per_share": 22.83,
            "book_valuer_per_share_4q_avg": 21.67,
            "equity": 11634527,
            "current_ratio": 160.71,
            "debt_ratio": 55.34,
            "inventory_turnover_ratio": 1.73,
            "account_receivable_turnover_ratio": 0.8,
            "reinvestment_rate": 68.58,
            "research_to_sale_ratio": 0.56,
            "price_fair": 33.6,
            "eps_avg_yearly": 0.96,
            "eps_latest_yearly": 1.56,
            "eps_growth_yearly": 228.16
        },
        "20181": {
            "year_quarter": 20181,
            "year": 2018,
            "quarter": 1,
            "eps": 0.18,
            "eps_growth_year": null,
            "eps_4q": 1.04,
            "eps_4q_growth_year": 15.99,
            "roe": 0.82,
            "roe_4q": 4.81,
            "gross_profit": 583016,
            "gross_margin": 12.35,
            "gross_margin_4q_avg": 12.97,
            "net_income": 96213,
            "revenue": 4720936,
            "common_shares": 5155469,
            "book_valuer_per_share": 23.16,
            "book_valuer_per_share_4q_avg": 22.24,
            "equity": 11802397,
            "current_ratio": 157.59,
            "debt_ratio": 56.92,
            "inventory_turnover_ratio": 1.45,
            "account_receivable_turnover_ratio": 0.74,
            "reinvestment_rate": -107.82,
            "research_to_sale_ratio": 0.56,
            "price_fair": 32.67,
            "eps_avg_yearly": 0.93,
            "eps_latest_yearly": 0.72,
            "eps_growth_yearly": 178.87
        },
        "20182": {
            "year_quarter": 20182,
            "year": 2018,
            "quarter": 2,
            "eps": 0.2,
            "eps_growth_year": 66.67,
            "eps_4q": 1.12,
            "eps_4q_growth_year": 27.09,
            "roe": 0.42,
            "roe_4q": 4.63,
            "gross_profit": 626455,
            "gross_margin": 10.91,
            "gross_margin_4q_avg": 12.81,
            "net_income": 59660,
            "revenue": 5740842,
            "common_shares": 5155469,
            "book_valuer_per_share": 32.83,
            "book_valuer_per_share_4q_avg": 25.19,
            "equity": 16945212,
            "current_ratio": 152.82,
            "debt_ratio": 50.2,
            "inventory_turnover_ratio": 1.51,
            "account_receivable_turnover_ratio": 0.9,
            "reinvestment_rate": 28.78,
            "research_to_sale_ratio": 0.45,
            "price_fair": 32.2,
            "eps_avg_yearly": 0.92,
            "eps_latest_yearly": 0.8,
            "eps_growth_yearly": 165.43
        },
        "20183": {
            "year_quarter": 20183,
            "year": 2018,
            "quarter": 3,
            "eps": 0.43,
            "eps_growth_year": 26.47,
            "eps_4q": 1.2,
            "eps_4q_growth_year": 38.47,
            "roe": 1.2,
            "roe_4q": 4.21,
            "gross_profit": 801824,
            "gross_margin": 13.1,
            "gross_margin_4q_avg": 12.78,
            "net_income": 184200,
            "revenue": 6119143,
            "common_shares": 5155469,
            "book_valuer_per_share": 26.73,
            "book_valuer_per_share_4q_avg": 26.39,
            "equity": 13870374,
            "current_ratio": 153.43,
            "debt_ratio": 54.43,
            "inventory_turnover_ratio": 1.45,
            "account_receivable_turnover_ratio": 0.86,
            "reinvestment_rate": 38.76,
            "research_to_sale_ratio": 0.31,
            "price_fair": 35.7,
            "eps_avg_yearly": 1.02,
            "eps_latest_yearly": 1.72,
            "eps_growth_yearly": 131.43
        },
        "20184": {
            "year_quarter": 20184,
            "year": 2018,
            "quarter": 4,
            "eps": 0.29,
            "eps_growth_year": -26.51,
            "eps_4q": 1.09,
            "eps_4q_growth_year": 35.85,
            "roe": 0.42,
            "roe_4q": 2.86,
            "gross_profit": 700591,
            "gross_margin": 12.25,
            "gross_margin_4q_avg": 12.15,
            "net_income": 56390,
            "revenue": 5716812,
            "common_shares": 5155469,
            "book_valuer_per_share": 25.51,
            "book_valuer_per_share_4q_avg": 27.06,
            "equity": 13187237,
            "current_ratio": 151.14,
            "debt_ratio": 54.97,
            "inventory_turnover_ratio": 1.48,
            "account_receivable_turnover_ratio": 0.76,
            "reinvestment_rate": 48.71,
            "research_to_sale_ratio": 0.27,
            "price_fair": 39.2,
            "eps_avg_yearly": 1.12,
            "eps_latest_yearly": 1.16,
            "eps_growth_yearly": 149.52
        },
        "20191": {
            "year_quarter": 20191,
            "year": 2019,
            "quarter": 1,
            "eps": 0.36,
            "eps_growth_year": 100,
            "eps_4q": 1.27,
            "eps_4q_growth_year": 22.5,
            "roe": 1.05,
            "roe_4q": 3.09,
            "gross_profit": 543192,
            "gross_margin": 11.4,
            "gross_margin_4q_avg": 11.92,
            "net_income": 143579,
            "revenue": 4764429,
            "common_shares": 5155469,
            "book_valuer_per_share": 27.4,
            "book_valuer_per_share_4q_avg": 28.12,
            "equity": 14127562,
            "current_ratio": 157.46,
            "debt_ratio": 51.92,
            "inventory_turnover_ratio": 1.33,
            "account_receivable_turnover_ratio": 0.67,
            "reinvestment_rate": 71.65,
            "research_to_sale_ratio": 0.33,
            "price_fair": 40.22,
            "eps_avg_yearly": 1.15,
            "eps_latest_yearly": 1.44,
            "eps_growth_yearly": 144.7
        },
        "20192": {
            "year_quarter": 20192,
            "year": 2019,
            "quarter": 2,
            "eps": 0.33,
            "eps_growth_year": 65,
            "eps_4q": 1.4,
            "eps_4q_growth_year": 25.84,
            "roe": 0.66,
            "roe_4q": 3.33,
            "gross_profit": 728907,
            "gross_margin": 13.08,
            "gross_margin_4q_avg": 12.46,
            "net_income": 91985,
            "revenue": 5571617,
            "common_shares": 5155469,
            "book_valuer_per_share": 26.6,
            "book_valuer_per_share_4q_avg": 26.56,
            "equity": 13684817,
            "current_ratio": 147.83,
            "debt_ratio": 54.48,
            "inventory_turnover_ratio": 1.41,
            "account_receivable_turnover_ratio": 0.82,
            "reinvestment_rate": 77.46,
            "research_to_sale_ratio": 0.26,
            "price_fair": 40.72,
            "eps_avg_yearly": 1.16,
            "eps_latest_yearly": 1.32,
            "eps_growth_yearly": 129.87
        },
        "20193": {
            "year_quarter": 20193,
            "year": 2019,
            "quarter": 3,
            "eps": 0.79,
            "eps_growth_year": 83.72,
            "eps_4q": 1.75,
            "eps_4q_growth_year": 46.19,
            "roe": 2.33,
            "roe_4q": 4.46,
            "gross_profit": 888574,
            "gross_margin": 14.82,
            "gross_margin_4q_avg": 12.89,
            "net_income": 324290,
            "revenue": 5994674,
            "common_shares": 5155469,
            "book_valuer_per_share": 27.45,
            "book_valuer_per_share_4q_avg": 26.74,
            "equity": 14183368,
            "current_ratio": 142,
            "debt_ratio": 53.51,
            "inventory_turnover_ratio": 1.29,
            "account_receivable_turnover_ratio": 0.82,
            "reinvestment_rate": 33.62,
            "research_to_sale_ratio": 0.29,
            "price_fair": 49.47,
            "eps_avg_yearly": 1.41,
            "eps_latest_yearly": 3.16,
            "eps_growth_yearly": 200.14
        },
        "20194": {
            "year_quarter": 20194,
            "year": 2019,
            "quarter": 4,
            "eps": 0.53,
            "eps_growth_year": 85.7,
            "eps_4q": 2,
            "eps_4q_growth_year": 82.52,
            "roe": 2.02,
            "roe_4q": 6.06,
            "gross_profit": 927724,
            "gross_margin": 16.82,
            "gross_margin_4q_avg": 14.03,
            "net_income": 294550,
            "revenue": 5514931,
            "common_shares": 5155469,
            "book_valuer_per_share": 28.22,
            "book_valuer_per_share_4q_avg": 27.42,
            "equity": 14951980,
            "current_ratio": 140.82,
            "debt_ratio": 51.19,
            "inventory_turnover_ratio": 1.02,
            "account_receivable_turnover_ratio": 0.76,
            "reinvestment_rate": 13.99,
            "research_to_sale_ratio": 0.27,
            "price_fair": 51.37,
            "eps_avg_yearly": 1.47,
            "eps_latest_yearly": 2.12,
            "eps_growth_yearly": 174.62
        },
        "20201": {
            "year_quarter": 20201,
            "year": 2020,
            "quarter": 1,
            "eps": 0.2,
            "eps_growth_year": -44.44,
            "eps_4q": 1.84,
            "eps_4q_growth_year": 44.45,
            "roe": 0.44,
            "roe_4q": 5.45,
            "gross_profit": 643730,
            "gross_margin": 14.29,
            "gross_margin_4q_avg": 14.75,
            "net_income": 63140,
            "revenue": 4503530,
            "common_shares": 5155469,
            "book_valuer_per_share": 26.22,
            "book_valuer_per_share_4q_avg": 27.12,
            "equity": 13884994,
            "current_ratio": 158.44,
            "debt_ratio": 51.22,
            "inventory_turnover_ratio": 0.77,
            "account_receivable_turnover_ratio": 0.68,
            "reinvestment_rate": 8.59,
            "research_to_sale_ratio": 0.32,
            "price_fair": 49.7,
            "eps_avg_yearly": 1.42,
            "eps_latest_yearly": 0.8,
            "eps_growth_yearly": 144.36
        },
        "20202": {
            "year_quarter": 20202,
            "year": 2020,
            "quarter": 2,
            "eps": 0.85,
            "eps_growth_year": 157.58,
            "eps_4q": 2.37,
            "eps_4q_growth_year": 68.68,
            "roe": 3.1,
            "roe_4q": 7.890000000000001,
            "gross_profit": 1143512,
            "gross_margin": 20.35,
            "gross_margin_4q_avg": 16.57,
            "net_income": 433123,
            "revenue": 5617893,
            "common_shares": 5155469,
            "book_valuer_per_share": 26.59,
            "book_valuer_per_share_4q_avg": 27.12,
            "equity": 14058297,
            "current_ratio": 146.63,
            "debt_ratio": 51.95,
            "inventory_turnover_ratio": 0.83,
            "account_receivable_turnover_ratio": 0.85,
            "reinvestment_rate": -29.82,
            "research_to_sale_ratio": 0.23,
            "price_fair": 56.9,
            "eps_avg_yearly": 1.63,
            "eps_latest_yearly": 3.4,
            "eps_growth_yearly": 234.83
        },
        "20203": {
            "year_quarter": 20203,
            "year": 2020,
            "quarter": 3,
            "eps": 1.2,
            "eps_growth_year": 51.9,
            "eps_4q": 2.78,
            "eps_4q_growth_year": 58.98,
            "roe": 4.37,
            "roe_4q": 9.930000000000001,
            "gross_profit": 1280077,
            "gross_margin": 20.53,
            "gross_margin_4q_avg": 18,
            "net_income": 615293,
            "revenue": 6235682,
            "common_shares": 5155469,
            "book_valuer_per_share": 26.69,
            "book_valuer_per_share_4q_avg": 26.93,
            "equity": 14120713,
            "current_ratio": 149.4,
            "debt_ratio": 53.43,
            "inventory_turnover_ratio": 0.91,
            "account_receivable_turnover_ratio": 0.83,
            "reinvestment_rate": -25.6,
            "research_to_sale_ratio": 0.26,
            "price_fair": 65.3,
            "eps_avg_yearly": 1.87,
            "eps_latest_yearly": 4.8,
            "eps_growth_yearly": 196.05
        },
        "20204": {
            "year_quarter": 20204,
            "year": 2020,
            "quarter": 4,
            "eps": 1.17,
            "eps_growth_year": 120.2,
            "eps_4q": 3.42,
            "eps_4q_growth_year": 71.16,
            "roe": 3.72,
            "roe_4q": 11.629999999999999,
            "gross_profit": 1338811,
            "gross_margin": 20.73,
            "gross_margin_4q_avg": 18.98,
            "net_income": 554359,
            "revenue": 6459201,
            "common_shares": 5155469,
            "book_valuer_per_share": 29.78,
            "book_valuer_per_share_4q_avg": 27.32,
            "equity": 15670455,
            "current_ratio": 157.59,
            "debt_ratio": 50.34,
            "inventory_turnover_ratio": 0.97,
            "account_receivable_turnover_ratio": 0.82,
            "reinvestment_rate": -30.54,
            "research_to_sale_ratio": 0.23,
            "price_fair": 72.6,
            "eps_avg_yearly": 2.07,
            "eps_latest_yearly": 4.68,
            "eps_growth_yearly": 188.98
        },
        "20211": {
            "year_quarter": 20211,
            "year": 2021,
            "quarter": 1,
            "eps": 1.33,
            "eps_growth_year": 565,
            "eps_4q": 4.56,
            "eps_4q_growth_year": 148.5,
            "roe": 4.3,
            "roe_4q": 15.49,
            "gross_profit": 1284388,
            "gross_margin": 19.79,
            "gross_margin_4q_avg": 20.35,
            "net_income": 694297,
            "revenue": 6490539,
            "common_shares": 5155469,
            "book_valuer_per_share": 31.62,
            "book_valuer_per_share_4q_avg": 28.67,
            "equity": 16640088,
            "current_ratio": 160.39,
            "debt_ratio": 47.84,
            "inventory_turnover_ratio": 1,
            "account_receivable_turnover_ratio": 0.81,
            "reinvestment_rate": -14.45,
            "research_to_sale_ratio": 0.14,
            "price_fair": 80.17,
            "eps_avg_yearly": 2.29,
            "eps_latest_yearly": 5.32,
            "eps_growth_yearly": 180.03
        },
        "20212": {
            "year_quarter": 20212,
            "year": 2021,
            "quarter": 2,
            "eps": 1.25,
            "eps_growth_year": 47.06,
            "eps_4q": 4.95,
            "eps_4q_growth_year": 109.35,
            "roe": 4.01,
            "roe_4q": 16.4,
            "gross_profit": 1325644,
            "gross_margin": 19.51,
            "gross_margin_4q_avg": 20.14,
            "net_income": 657638,
            "revenue": 6795419,
            "common_shares": 5155469,
            "book_valuer_per_share": 30.93,
            "book_valuer_per_share_4q_avg": 29.76,
            "equity": 16143630,
            "current_ratio": 147.62,
            "debt_ratio": 51.17,
            "inventory_turnover_ratio": 1.03,
            "account_receivable_turnover_ratio": 0.82,
            "reinvestment_rate": -16.1,
            "research_to_sale_ratio": 0.07,
            "price_fair": 86.1,
            "eps_avg_yearly": 2.46,
            "eps_latest_yearly": 5,
            "eps_growth_yearly": 167.28
        },
        "20213": {
            "year_quarter": 20213,
            "year": 2021,
            "quarter": 3,
            "eps": 1.84,
            "eps_growth_year": 53.33,
            "eps_4q": 6.01,
            "eps_4q_growth_year": 116.15,
            "roe": 5.98,
            "roe_4q": 18.009999999999998,
            "gross_profit": 1267294,
            "gross_margin": 17.58,
            "gross_margin_4q_avg": 19.4,
            "net_income": 944808,
            "revenue": 7207553,
            "common_shares": 4743030,
            "book_valuer_per_share": 32.14,
            "book_valuer_per_share_4q_avg": 31.12,
            "equity": 15473076,
            "current_ratio": 145.14,
            "debt_ratio": 52.93,
            "inventory_turnover_ratio": 1.11,
            "account_receivable_turnover_ratio": 0.85,
            "reinvestment_rate": -13.92,
            "research_to_sale_ratio": 0.13,
            "price_fair": 99.23,
            "eps_avg_yearly": 2.84,
            "eps_latest_yearly": 7.36,
            "eps_growth_yearly": 133.24
        },
        "20214": {
            "year_quarter": 20214,
            "year": 2021,
            "quarter": 4,
            "eps": 1.38,
            "eps_growth_year": 17.96,
            "eps_4q": 6.1,
            "eps_4q_growth_year": 78.25,
            "roe": 4.27,
            "roe_4q": 18.56,
            "gross_profit": 1217903,
            "gross_margin": 17.09,
            "gross_margin_4q_avg": 18.49,
            "net_income": 680541,
            "revenue": 7127411,
            "common_shares": 4743030,
            "book_valuer_per_share": 33.87,
            "book_valuer_per_share_4q_avg": 32.14,
            "equity": 16378864,
            "current_ratio": 146.85,
            "debt_ratio": 51.17,
            "inventory_turnover_ratio": 1.15,
            "account_receivable_turnover_ratio": 0.81,
            "reinvestment_rate": -15.37,
            "research_to_sale_ratio": 0.07,
            "price_fair": 107.89,
            "eps_avg_yearly": 3.08,
            "eps_latest_yearly": 5.52,
            "eps_growth_yearly": 123.32
        },
        "20221": {
            "year_quarter": 20221,
            "year": 2022,
            "quarter": 1,
            "eps": 1.43,
            "eps_growth_year": 7.52,
            "eps_4q": 6.12,
            "eps_4q_growth_year": 34.12,
            "roe": 4.07,
            "roe_4q": 18.33,
            "gross_profit": 1100917,
            "gross_margin": 17.6,
            "gross_margin_4q_avg": 17.95,
            "net_income": 681574,
            "revenue": 6255627,
            "common_shares": 4743030,
            "book_valuer_per_share": 35.67,
            "book_valuer_per_share_4q_avg": 33.15,
            "equity": 17133989,
            "current_ratio": 150.94,
            "debt_ratio": 50.09,
            "inventory_turnover_ratio": 1.03,
            "account_receivable_turnover_ratio": 0.71,
            "reinvestment_rate": 14.97,
            "research_to_sale_ratio": 0.13,
            "price_fair": 118.83,
            "eps_avg_yearly": 3.4,
            "eps_latest_yearly": 5.72,
            "eps_growth_yearly": 137.68
        },
        "20222": {
            "year_quarter": 20222,
            "year": 2022,
            "quarter": 2,
            "eps": 1.19,
            "eps_growth_year": -4.8,
            "eps_4q": 5.95,
            "eps_4q_growth_year": 20.06,
            "roe": 3.39,
            "roe_4q": 17.71,
            "gross_profit": 940636,
            "gross_margin": 16.29,
            "gross_margin_4q_avg": 17.14,
            "net_income": 570094,
            "revenue": 5775669,
            "common_shares": 4743030,
            "book_valuer_per_share": 34.35,
            "book_valuer_per_share_4q_avg": 34.01,
            "equity": 16480250,
            "current_ratio": 158.18,
            "debt_ratio": 49.75,
            "inventory_turnover_ratio": 1.03,
            "account_receivable_turnover_ratio": 0.69,
            "reinvestment_rate": 2.04,
            "research_to_sale_ratio": 0.09,
            "price_fair": 127.49,
            "eps_avg_yearly": 3.64,
            "eps_latest_yearly": 4.76,
            "eps_growth_yearly": 130.71
        },
        "20223": {
            "year_quarter": 20223,
            "year": 2022,
            "quarter": 3,
            "eps": 1.54,
            "eps_growth_year": -16.3,
            "eps_4q": 5.55,
            "eps_4q_growth_year": -7.67,
            "roe": 4.26,
            "roe_4q": 15.99,
            "gross_profit": 1071296,
            "gross_margin": 16.91,
            "gross_margin_4q_avg": 16.97,
            "net_income": 735849,
            "revenue": 6334067,
            "common_shares": 4743030,
            "book_valuer_per_share": 37.75,
            "book_valuer_per_share_4q_avg": 35.41,
            "equity": 18094269,
            "current_ratio": 170.55,
            "debt_ratio": 47.58,
            "inventory_turnover_ratio": 1.24,
            "account_receivable_turnover_ratio": 0.74,
            "reinvestment_rate": 2.43,
            "research_to_sale_ratio": 0.15,
            "price_fair": 137.2,
            "eps_avg_yearly": 3.92,
            "eps_latest_yearly": 6.16,
            "eps_growth_yearly": 109.31
        },
        "20224": {
            "year_quarter": 20224,
            "year": 2022,
            "quarter": 4,
            "eps": 1.09,
            "eps_growth_year": -21.36,
            "eps_4q": 5.25,
            "eps_4q_growth_year": -13.94,
            "roe": 2.91,
            "roe_4q": 14.63,
            "gross_profit": 1210242,
            "gross_margin": 20.56,
            "gross_margin_4q_avg": 17.84,
            "net_income": 527048,
            "revenue": 5885690,
            "common_shares": 4743030,
            "book_valuer_per_share": 37.74,
            "book_valuer_per_share_4q_avg": 36.38,
            "equity": 18098112,
            "current_ratio": 191.76,
            "debt_ratio": 46.68,
            "inventory_turnover_ratio": 1.15,
            "account_receivable_turnover_ratio": 0.71,
            "reinvestment_rate": -3.05,
            "research_to_sale_ratio": 0.09,
            "price_fair": 144.2,
            "eps_avg_yearly": 4.12,
            "eps_latest_yearly": 4.36,
            "eps_growth_yearly": 110.15
        },
        "20231": {
            "year_quarter": 20231,
            "year": 2023,
            "quarter": 1,
            "eps": 1.26,
            "eps_growth_year": -11.89,
            "eps_4q": 5.14,
            "eps_4q_growth_year": -16.02,
            "roe": 3.21,
            "roe_4q": 13.77,
            "gross_profit": 1125117,
            "gross_margin": 21.4,
            "gross_margin_4q_avg": 18.79,
            "net_income": 590519,
            "revenue": 5257755,
            "common_shares": 4743030,
            "book_valuer_per_share": 39.45,
            "book_valuer_per_share_4q_avg": 37.32,
            "equity": 18666833,
            "current_ratio": 176.79,
            "debt_ratio": 45.33,
            "inventory_turnover_ratio": 1.08,
            "account_receivable_turnover_ratio": 0.7,
            "reinvestment_rate": -7.15,
            "research_to_sale_ratio": 0.16,
            "price_fair": 152.08,
            "eps_avg_yearly": 4.35,
            "eps_latest_yearly": 5.04,
            "eps_growth_yearly": 108.01
        }
    },
    "months": {
        "2002-08": {
            "month": "2002-08",
            "price": "27.10",
            "revenue": 134624
        },
        "2002-09": {
            "month": "2002-09",
            "price": "22.60",
            "revenue": 137586
        },
        "2002-10": {
            "month": "2002-10",
            "price": "19.48",
            "revenue": 152944
        },
        "2002-11": {
            "month": "2002-11",
            "price": "27.16",
            "revenue": 158194
        },
        "2002-12": {
            "month": "2002-12",
            "price": "30.74",
            "revenue": 102975
        },
        "2003-01": {
            "month": "2003-01",
            "price": "37.77",
            "revenue": 339313
        },
        "2003-02": {
            "month": "2003-02",
            "price": "38.40",
            "revenue": 232633
        },
        "2003-03": {
            "month": "2003-03",
            "price": "39.05",
            "revenue": 406634
        },
        "2003-04": {
            "month": "2003-04",
            "price": "37.75",
            "revenue": 344336
        },
        "2003-05": {
            "month": "2003-05",
            "price": "36.34",
            "revenue": 417697
        },
        "2003-06": {
            "month": "2003-06",
            "price": "41.46",
            "revenue": 349231
        },
        "2003-07": {
            "month": "2003-07",
            "price": "61.02",
            "revenue": 430824
        },
        "2003-08": {
            "month": "2003-08",
            "price": "60.88",
            "revenue": 459877
        },
        "2003-09": {
            "month": "2003-09",
            "price": "61.24",
            "revenue": 625198
        },
        "2003-10": {
            "month": "2003-10",
            "price": "62.61",
            "revenue": 689896
        },
        "2003-11": {
            "month": "2003-11",
            "price": "56.93",
            "revenue": 939421
        },
        "2003-12": {
            "month": "2003-12",
            "price": "70.39",
            "revenue": 780541
        },
        "2004-01": {
            "month": "2004-01",
            "price": "88.60",
            "revenue": 823932
        },
        "2004-02": {
            "month": "2004-02",
            "price": "83.90",
            "revenue": 1169077
        },
        "2004-03": {
            "month": "2004-03",
            "price": "82.65",
            "revenue": 1432236
        },
        "2004-04": {
            "month": "2004-04",
            "price": "82.66",
            "revenue": 856290
        },
        "2004-05": {
            "month": "2004-05",
            "price": "70.71",
            "revenue": 692173
        },
        "2004-06": {
            "month": "2004-06",
            "price": "66.52",
            "revenue": 1432628
        },
        "2004-07": {
            "month": "2004-07",
            "price": "64.84",
            "revenue": 659349
        },
        "2004-08": {
            "month": "2004-08",
            "price": "56.26",
            "revenue": 757877
        },
        "2004-09": {
            "month": "2004-09",
            "price": "47.39",
            "revenue": 1136247
        },
        "2004-10": {
            "month": "2004-10",
            "price": "48.82",
            "revenue": 2260100
        },
        "2004-11": {
            "month": "2004-11",
            "price": "45.61",
            "revenue": 2838342
        },
        "2004-12": {
            "month": "2004-12",
            "price": "44.93",
            "revenue": 2162720
        },
        "2005-01": {
            "month": "2005-01",
            "price": "43.60",
            "revenue": 2104384
        },
        "2005-02": {
            "month": "2005-02",
            "price": "46.42",
            "revenue": 1906509
        },
        "2005-03": {
            "month": "2005-03",
            "price": "50.48",
            "revenue": 2303307
        },
        "2005-04": {
            "month": "2005-04",
            "price": "47.27",
            "revenue": 2731271
        },
        "2005-05": {
            "month": "2005-05",
            "price": "44.85",
            "revenue": 3003952
        },
        "2005-06": {
            "month": "2005-06",
            "price": "51.19",
            "revenue": 3282831
        },
        "2005-07": {
            "month": "2005-07",
            "price": "57.93",
            "revenue": 3345404
        },
        "2005-08": {
            "month": "2005-08",
            "price": "54.83",
            "revenue": 3278855
        },
        "2005-09": {
            "month": "2005-09",
            "price": "46.46",
            "revenue": 3854099
        },
        "2005-10": {
            "month": "2005-10",
            "price": "46.56",
            "revenue": 4476118
        },
        "2005-11": {
            "month": "2005-11",
            "price": "47.13",
            "revenue": 4888848
        },
        "2005-12": {
            "month": "2005-12",
            "price": "64.05",
            "revenue": 4303017
        },
        "2006-01": {
            "month": "2006-01",
            "price": "67.66",
            "revenue": 3554881
        },
        "2006-02": {
            "month": "2006-02",
            "price": "62.82",
            "revenue": 3008694
        },
        "2006-03": {
            "month": "2006-03",
            "price": "62.37",
            "revenue": 3681211
        },
        "2006-04": {
            "month": "2006-04",
            "price": "64.49",
            "revenue": 3376227
        },
        "2006-05": {
            "month": "2006-05",
            "price": "64.45",
            "revenue": 3865020
        },
        "2006-06": {
            "month": "2006-06",
            "price": "56.15",
            "revenue": 4069676
        },
        "2006-07": {
            "month": "2006-07",
            "price": "52.74",
            "revenue": 4387171
        },
        "2006-08": {
            "month": "2006-08",
            "price": "49.01",
            "revenue": 4901490
        },
        "2006-09": {
            "month": "2006-09",
            "price": "51.86",
            "revenue": 5567627
        },
        "2006-10": {
            "month": "2006-10",
            "price": "51.09",
            "revenue": 6313192
        },
        "2006-11": {
            "month": "2006-11",
            "price": "50.74",
            "revenue": 7220601
        },
        "2006-12": {
            "month": "2006-12",
            "price": "61.27",
            "revenue": 6019112
        },
        "2007-01": {
            "month": "2007-01",
            "price": "60.52",
            "revenue": 3109213
        },
        "2007-02": {
            "month": "2007-02",
            "price": "62.12",
            "revenue": 2449565
        },
        "2007-03": {
            "month": "2007-03",
            "price": "60.95",
            "revenue": 3001008
        },
        "2007-04": {
            "month": "2007-04",
            "price": "60.92",
            "revenue": 3136325
        },
        "2007-05": {
            "month": "2007-05",
            "price": "56.46",
            "revenue": 2774562
        },
        "2007-06": {
            "month": "2007-06",
            "price": "56.27",
            "revenue": 2636953
        },
        "2007-07": {
            "month": "2007-07",
            "price": "57.12",
            "revenue": 2975138
        },
        "2007-08": {
            "month": "2007-08",
            "price": "50.45",
            "revenue": 3207810
        },
        "2007-09": {
            "month": "2007-09",
            "price": "49.41",
            "revenue": 3189328
        },
        "2007-10": {
            "month": "2007-10",
            "price": "49.92",
            "revenue": 3285570
        },
        "2007-11": {
            "month": "2007-11",
            "price": "47.71",
            "revenue": 3438704
        },
        "2007-12": {
            "month": "2007-12",
            "price": "43.54",
            "revenue": 2816732
        },
        "2008-01": {
            "month": "2008-01",
            "price": "38.68",
            "revenue": 3108263
        },
        "2008-02": {
            "month": "2008-02",
            "price": "35.76",
            "revenue": 2465079
        },
        "2008-03": {
            "month": "2008-03",
            "price": "35.02",
            "revenue": 2962976
        },
        "2008-04": {
            "month": "2008-04",
            "price": "37.85",
            "revenue": 2821165
        },
        "2008-05": {
            "month": "2008-05",
            "price": "38.50",
            "revenue": 2607714
        },
        "2008-06": {
            "month": "2008-06",
            "price": "33.11",
            "revenue": 2455377
        },
        "2008-07": {
            "month": "2008-07",
            "price": "28.85",
            "revenue": 2736580
        },
        "2008-08": {
            "month": "2008-08",
            "price": "23.67",
            "revenue": 2651812
        },
        "2008-09": {
            "month": "2008-09",
            "price": "17.22",
            "revenue": 2940519
        },
        "2008-10": {
            "month": "2008-10",
            "price": "12.15",
            "revenue": 2860744
        },
        "2008-11": {
            "month": "2008-11",
            "price": "10.05",
            "revenue": 2411760
        },
        "2008-12": {
            "month": "2008-12",
            "price": "9.66",
            "revenue": 1832073
        },
        "2009-01": {
            "month": "2009-01",
            "price": "9.38",
            "revenue": 1664775
        },
        "2009-02": {
            "month": "2009-02",
            "price": "9.96",
            "revenue": 1913752
        },
        "2009-03": {
            "month": "2009-03",
            "price": "12.50",
            "revenue": 2410633
        },
        "2009-04": {
            "month": "2009-04",
            "price": "18.31",
            "revenue": 2618355
        },
        "2009-05": {
            "month": "2009-05",
            "price": "17.22",
            "revenue": 2351402
        },
        "2009-06": {
            "month": "2009-06",
            "price": "16.10",
            "revenue": 2577250
        },
        "2009-07": {
            "month": "2009-07",
            "price": "17.48",
            "revenue": 3178461
        },
        "2009-08": {
            "month": "2009-08",
            "price": "18.38",
            "revenue": 3108310
        },
        "2009-09": {
            "month": "2009-09",
            "price": "17.98",
            "revenue": 2770064
        },
        "2009-10": {
            "month": "2009-10",
            "price": "18.68",
            "revenue": 2290527
        },
        "2009-11": {
            "month": "2009-11",
            "price": "20.07",
            "revenue": 2466950
        },
        "2009-12": {
            "month": "2009-12",
            "price": "22.33",
            "revenue": 2384471
        },
        "2010-01": {
            "month": "2010-01",
            "price": "22.95",
            "revenue": 2822824
        },
        "2010-02": {
            "month": "2010-02",
            "price": "21.36",
            "revenue": 2291136
        },
        "2010-03": {
            "month": "2010-03",
            "price": "24.61",
            "revenue": 2923525
        },
        "2010-04": {
            "month": "2010-04",
            "price": "25.51",
            "revenue": 3074512
        },
        "2010-05": {
            "month": "2010-05",
            "price": "21.17",
            "revenue": 3192099
        },
        "2010-06": {
            "month": "2010-06",
            "price": "20.22",
            "revenue": 2619246
        },
        "2010-07": {
            "month": "2010-07",
            "price": "20.76",
            "revenue": 3159119
        },
        "2010-08": {
            "month": "2010-08",
            "price": "21.42",
            "revenue": 3173534
        },
        "2010-09": {
            "month": "2010-09",
            "price": "20.33",
            "revenue": 3136303
        },
        "2010-10": {
            "month": "2010-10",
            "price": "19.18",
            "revenue": 3529073
        },
        "2010-11": {
            "month": "2010-11",
            "price": "18.21",
            "revenue": 3361409
        },
        "2010-12": {
            "month": "2010-12",
            "price": "20.41",
            "revenue": 3187824
        },
        "2011-01": {
            "month": "2011-01",
            "price": "19.44",
            "revenue": 3165390
        },
        "2011-02": {
            "month": "2011-02",
            "price": "18.80",
            "revenue": 2925846
        },
        "2011-03": {
            "month": "2011-03",
            "price": "18.40",
            "revenue": 3516996
        },
        "2011-04": {
            "month": "2011-04",
            "price": "18.35",
            "revenue": 3310522
        },
        "2011-05": {
            "month": "2011-05",
            "price": "17.78",
            "revenue": 3078499
        },
        "2011-06": {
            "month": "2011-06",
            "price": "17.30",
            "revenue": 2961126
        },
        "2011-07": {
            "month": "2011-07",
            "price": "17.09",
            "revenue": 2822617
        },
        "2011-08": {
            "month": "2011-08",
            "price": "14.67",
            "revenue": 3132932
        },
        "2011-09": {
            "month": "2011-09",
            "price": "14.76",
            "revenue": 2721786
        },
        "2011-10": {
            "month": "2011-10",
            "price": "13.94",
            "revenue": 2433640
        },
        "2011-11": {
            "month": "2011-11",
            "price": "13.96",
            "revenue": 2118522
        },
        "2011-12": {
            "month": "2011-12",
            "price": "12.58",
            "revenue": 2699061
        },
        "2012-01": {
            "month": "2012-01",
            "price": "13.11",
            "revenue": 2490187
        },
        "2012-02": {
            "month": "2012-02",
            "price": "15.44",
            "revenue": 3046434
        },
        "2012-03": {
            "month": "2012-03",
            "price": "16.29",
            "revenue": 3264871
        },
        "2012-04": {
            "month": "2012-04",
            "price": "14.94",
            "revenue": 3412099
        },
        "2012-05": {
            "month": "2012-05",
            "price": "13.43",
            "revenue": 3667805
        },
        "2012-06": {
            "month": "2012-06",
            "price": "12.70",
            "revenue": 3382934
        },
        "2012-07": {
            "month": "2012-07",
            "price": "12.81",
            "revenue": 3007864
        },
        "2012-08": {
            "month": "2012-08",
            "price": "12.62",
            "revenue": 3181266
        },
        "2012-09": {
            "month": "2012-09",
            "price": "11.74",
            "revenue": 2760747
        },
        "2012-10": {
            "month": "2012-10",
            "price": "10.76",
            "revenue": 2939343
        },
        "2012-11": {
            "month": "2012-11",
            "price": "9.66",
            "revenue": 2883109
        },
        "2012-12": {
            "month": "2012-12",
            "price": "10.25",
            "revenue": 2351231
        },
        "2013-01": {
            "month": "2013-01",
            "price": "10.14",
            "revenue": 2816362
        },
        "2013-02": {
            "month": "2013-02",
            "price": "10.46",
            "revenue": 2402131
        },
        "2013-03": {
            "month": "2013-03",
            "price": "10.85",
            "revenue": 2468918
        },
        "2013-04": {
            "month": "2013-04",
            "price": "10.25",
            "revenue": 2637694
        },
        "2013-05": {
            "month": "2013-05",
            "price": "10.58",
            "revenue": 2528286
        },
        "2013-06": {
            "month": "2013-06",
            "price": "10.37",
            "revenue": 2734705
        },
        "2013-07": {
            "month": "2013-07",
            "price": "10.36",
            "revenue": 2977644
        },
        "2013-08": {
            "month": "2013-08",
            "price": "10.13",
            "revenue": 2923690
        },
        "2013-09": {
            "month": "2013-09",
            "price": "10.18",
            "revenue": 2600298
        },
        "2013-10": {
            "month": "2013-10",
            "price": "10.54",
            "revenue": 3086629
        },
        "2013-11": {
            "month": "2013-11",
            "price": "10.04",
            "revenue": 3200916
        },
        "2013-12": {
            "month": "2013-12",
            "price": "10.39",
            "revenue": 2810706
        },
        "2014-01": {
            "month": "2014-01",
            "price": "10.89",
            "revenue": 2853688
        },
        "2014-02": {
            "month": "2014-02",
            "price": "11.33",
            "revenue": 1952063
        },
        "2014-03": {
            "month": "2014-03",
            "price": "11.04",
            "revenue": 2587271
        },
        "2014-04": {
            "month": "2014-04",
            "price": "10.80",
            "revenue": 2505991
        },
        "2014-05": {
            "month": "2014-05",
            "price": "10.19",
            "revenue": 2640418
        },
        "2014-06": {
            "month": "2014-06",
            "price": "10.74",
            "revenue": 2498141
        },
        "2014-07": {
            "month": "2014-07",
            "price": "10.86",
            "revenue": 2783949
        },
        "2014-08": {
            "month": "2014-08",
            "price": "10.80",
            "revenue": 2742088
        },
        "2014-09": {
            "month": "2014-09",
            "price": "10.79",
            "revenue": 2347419
        },
        "2014-10": {
            "month": "2014-10",
            "price": "9.82",
            "revenue": 2290117
        },
        "2014-11": {
            "month": "2014-11",
            "price": "9.80",
            "revenue": 2400093
        },
        "2014-12": {
            "month": "2014-12",
            "price": "9.94",
            "revenue": 2456299
        },
        "2015-01": {
            "month": "2015-01",
            "price": "10.53",
            "revenue": 2304895
        },
        "2015-02": {
            "month": "2015-02",
            "price": "10.51",
            "revenue": 1773454
        },
        "2015-03": {
            "month": "2015-03",
            "price": "10.46",
            "revenue": 1732825
        },
        "2015-04": {
            "month": "2015-04",
            "price": "9.81",
            "revenue": 2066116
        },
        "2015-05": {
            "month": "2015-05",
            "price": "8.83",
            "revenue": 1639981
        },
        "2015-06": {
            "month": "2015-06",
            "price": "7.93",
            "revenue": 1768428
        },
        "2015-07": {
            "month": "2015-07",
            "price": "7.18",
            "revenue": 1783204
        },
        "2015-08": {
            "month": "2015-08",
            "price": "6.24",
            "revenue": 1898021
        },
        "2015-09": {
            "month": "2015-09",
            "price": "6.59",
            "revenue": 1991449
        },
        "2015-10": {
            "month": "2015-10",
            "price": "7.14",
            "revenue": 1985119
        },
        "2015-11": {
            "month": "2015-11",
            "price": "6.91",
            "revenue": 2184471
        },
        "2015-12": {
            "month": "2015-12",
            "price": "7.02",
            "revenue": 2139258
        },
        "2016-01": {
            "month": "2016-01",
            "price": "6.67",
            "revenue": 2119145
        },
        "2016-02": {
            "month": "2016-02",
            "price": "7.01",
            "revenue": 1571806
        },
        "2016-03": {
            "month": "2016-03",
            "price": "7.42",
            "revenue": 1730199
        },
        "2016-04": {
            "month": "2016-04",
            "price": "7.17",
            "revenue": 1877998
        },
        "2016-05": {
            "month": "2016-05",
            "price": "7.28",
            "revenue": 1969824
        },
        "2016-06": {
            "month": "2016-06",
            "price": "7.61",
            "revenue": 1985421
        },
        "2016-07": {
            "month": "2016-07",
            "price": "7.90",
            "revenue": 1812275
        },
        "2016-08": {
            "month": "2016-08",
            "price": "8.92",
            "revenue": 1815743
        },
        "2016-09": {
            "month": "2016-09",
            "price": "9.92",
            "revenue": 2021806
        },
        "2016-10": {
            "month": "2016-10",
            "price": "10.54",
            "revenue": 1808296
        },
        "2016-11": {
            "month": "2016-11",
            "price": "10.98",
            "revenue": 1945521
        },
        "2016-12": {
            "month": "2016-12",
            "price": "12.63",
            "revenue": 1828694
        },
        "2017-01": {
            "month": "2017-01",
            "price": "12.19",
            "revenue": 1582278
        },
        "2017-02": {
            "month": "2017-02",
            "price": "12.89",
            "revenue": 1620859
        },
        "2017-03": {
            "month": "2017-03",
            "price": "13.08",
            "revenue": 1705434
        },
        "2017-04": {
            "month": "2017-04",
            "price": "12.38",
            "revenue": 1588091
        },
        "2017-05": {
            "month": "2017-05",
            "price": "11.04",
            "revenue": 1634262
        },
        "2017-06": {
            "month": "2017-06",
            "price": "11.07",
            "revenue": 1762989
        },
        "2017-07": {
            "month": "2017-07",
            "price": "10.99",
            "revenue": 1700197
        },
        "2017-08": {
            "month": "2017-08",
            "price": "11.93",
            "revenue": 1834849
        },
        "2017-09": {
            "month": "2017-09",
            "price": "13.12",
            "revenue": 1908869
        },
        "2017-10": {
            "month": "2017-10",
            "price": "13.56",
            "revenue": 1762814
        },
        "2017-11": {
            "month": "2017-11",
            "price": "13.52",
            "revenue": 1843359
        },
        "2017-12": {
            "month": "2017-12",
            "price": "13.12",
            "revenue": 1698737
        },
        "2018-01": {
            "month": "2018-01",
            "price": "13.01",
            "revenue": 1804983
        },
        "2018-02": {
            "month": "2018-02",
            "price": "11.92",
            "revenue": 1310386
        },
        "2018-03": {
            "month": "2018-03",
            "price": "12.86",
            "revenue": 1605567
        },
        "2018-04": {
            "month": "2018-04",
            "price": "12.72",
            "revenue": 1983235
        },
        "2018-05": {
            "month": "2018-05",
            "price": "15.12",
            "revenue": 1874243
        },
        "2018-06": {
            "month": "2018-06",
            "price": "16.02",
            "revenue": 1883365
        },
        "2018-07": {
            "month": "2018-07",
            "price": "16.23",
            "revenue": 2064637
        },
        "2018-08": {
            "month": "2018-08",
            "price": "14.99",
            "revenue": 2049154
        },
        "2018-09": {
            "month": "2018-09",
            "price": "13.73",
            "revenue": 2005352
        },
        "2018-10": {
            "month": "2018-10",
            "price": "12.05",
            "revenue": 2047858
        },
        "2018-11": {
            "month": "2018-11",
            "price": "12.62",
            "revenue": 1951590
        },
        "2018-12": {
            "month": "2018-12",
            "price": "13.01",
            "revenue": 1717364
        },
        "2019-01": {
            "month": "2019-01",
            "price": "12.85",
            "revenue": 1674708
        },
        "2019-02": {
            "month": "2019-02",
            "price": "13.95",
            "revenue": 1414153
        },
        "2019-03": {
            "month": "2019-03",
            "price": "13.62",
            "revenue": 1675568
        },
        "2019-04": {
            "month": "2019-04",
            "price": "14.22",
            "revenue": 1819769
        },
        "2019-05": {
            "month": "2019-05",
            "price": "14.45",
            "revenue": 1877938
        },
        "2019-06": {
            "month": "2019-06",
            "price": "14.32",
            "revenue": 1873910
        },
        "2019-07": {
            "month": "2019-07",
            "price": "15.55",
            "revenue": 2033831
        },
        "2019-08": {
            "month": "2019-08",
            "price": "16.56",
            "revenue": 1942150
        },
        "2019-09": {
            "month": "2019-09",
            "price": "17.44",
            "revenue": 2018693
        },
        "2019-10": {
            "month": "2019-10",
            "price": "17.25",
            "revenue": 1836673
        },
        "2019-11": {
            "month": "2019-11",
            "price": "16.98",
            "revenue": 1846525
        },
        "2019-12": {
            "month": "2019-12",
            "price": "16.88",
            "revenue": 1831733
        },
        "2020-01": {
            "month": "2020-01",
            "price": "16.32",
            "revenue": 1654706
        },
        "2020-02": {
            "month": "2020-02",
            "price": "14.80",
            "revenue": 1023805
        },
        "2020-03": {
            "month": "2020-03",
            "price": "12.78",
            "revenue": 1825019
        },
        "2020-04": {
            "month": "2020-04",
            "price": "13.48",
            "revenue": 1840513
        },
        "2020-05": {
            "month": "2020-05",
            "price": "13.86",
            "revenue": 1810681
        },
        "2020-06": {
            "month": "2020-06",
            "price": "14.40",
            "revenue": 1966698
        },
        "2020-07": {
            "month": "2020-07",
            "price": "15.76",
            "revenue": 1875425
        },
        "2020-08": {
            "month": "2020-08",
            "price": "19.07",
            "revenue": 2102139
        },
        "2020-09": {
            "month": "2020-09",
            "price": "20.66",
            "revenue": 2258119
        },
        "2020-10": {
            "month": "2020-10",
            "price": "22.08",
            "revenue": 2031094
        },
        "2020-11": {
            "month": "2020-11",
            "price": "22.94",
            "revenue": 2247832
        },
        "2020-12": {
            "month": "2020-12",
            "price": "25.61",
            "revenue": 2180275
        },
        "2021-01": {
            "month": "2021-01",
            "price": "25.17",
            "revenue": 2255158
        },
        "2021-02": {
            "month": "2021-02",
            "price": "25.71",
            "revenue": 1922182
        },
        "2021-03": {
            "month": "2021-03",
            "price": "29.79",
            "revenue": 2313199
        },
        "2021-04": {
            "month": "2021-04",
            "price": "33.72",
            "revenue": 2258426
        },
        "2021-05": {
            "month": "2021-05",
            "price": "30.65",
            "revenue": 2292371
        },
        "2021-06": {
            "month": "2021-06",
            "price": "32.90",
            "revenue": 2244622
        },
        "2021-07": {
            "month": "2021-07",
            "price": "35.36",
            "revenue": 2449778
        },
        "2021-08": {
            "month": "2021-08",
            "price": "34.18",
            "revenue": 2400987
        },
        "2021-09": {
            "month": "2021-09",
            "price": "32.11",
            "revenue": 2356787
        },
        "2021-10": {
            "month": "2021-10",
            "price": "32.66",
            "revenue": 2397147
        },
        "2021-11": {
            "month": "2021-11",
            "price": "37.40",
            "revenue": 2373925
        },
        "2021-12": {
            "month": "2021-12",
            "price": "38.32",
            "revenue": 2356339
        },
        "2022-01": {
            "month": "2022-01",
            "price": "36.54",
            "revenue": 2043269
        },
        "2022-02": {
            "month": "2022-02",
            "price": "35.86",
            "revenue": 1956632
        },
        "2022-03": {
            "month": "2022-03",
            "price": "34.31",
            "revenue": 2255726
        },
        "2022-04": {
            "month": "2022-04",
            "price": "32.76",
            "revenue": 1639488
        },
        "2022-05": {
            "month": "2022-05",
            "price": "31.08",
            "revenue": 1986754
        },
        "2022-06": {
            "month": "2022-06",
            "price": "31.57",
            "revenue": 2149426
        },
        "2022-07": {
            "month": "2022-07",
            "price": "28.05",
            "revenue": 2054916
        },
        "2022-08": {
            "month": "2022-08",
            "price": "28.90",
            "revenue": 2046695
        },
        "2022-09": {
            "month": "2022-09",
            "price": "27.07",
            "revenue": 2232456
        },
        "2022-10": {
            "month": "2022-10",
            "price": "25.38",
            "revenue": 2089877
        },
        "2022-11": {
            "month": "2022-11",
            "price": "29.25",
            "revenue": 1952703
        },
        "2022-12": {
            "month": "2022-12",
            "price": "28.53",
            "revenue": 1843110
        },
        "2023-01": {
            "month": "2023-01",
            "price": "27.94",
            "revenue": 1577740
        },
        "2023-02": {
            "month": "2023-02",
            "price": "29.59",
            "revenue": 1685988
        },
        "2023-03": {
            "month": "2023-03",
            "price": "31.99",
            "revenue": 1994028
        },
        "2023-04": {
            "month": "2023-04",
            "price": "33.81",
            "revenue": 1941487
        }
    }
}
